3046 5084
387 361 521 414 ιιιιιιιιι
539 364 601 413 ιιι.
614 364 634 416 ι.
650 365 731 417 ron.
745 367 777 416 ιι.
794 366 891 416 naon.
908 366 1005 416 xxxi.
1208 353 1269 417 367

124 484 275 564 abstpiteuto
292 495 335 544 est
350 486 489 562 supientia
503 483 607 562 ofitr'n'r
619 487 690 544 eius.
735 480 826 547 Velnt
841 505 857 545 a
874 482 963 547 Paulo
979 505 1043 546 eum
1059 485 1191 569 scripsit,
1215 489 1269 546 Se·
1284 496 1303 539 ¹-
1312 496 1362 540 cm.
1372 497 1392 551 ².
1401 497 1420 540 t.

117 590 252 665 pientiam
274 588 415 666 loquimur
434 588 510 644 inter
527 585 678 665 per-sectae.
725 581 820 666 Quem
841 585 959 669 insuper
977 585 1177 669 coniugiorum
1196 607 1270 669 quae

123 688 199 751 intra
216 684 353 751 Pleroma
368 696 437 749 sunt
452 684 629 748 mentionem
645 685 675 747 io
692 705 750 748 noo
767 687 883 762 iecisse,
906 708 969 749 oum
984 688 1018 749 de
1035 686 1179 750 bominum
1197 688 1273 750 inter

123 810 157 853 so
179 789 364 875 copulatione
387 788 462 851 buno
485 787 513 849 in
538 787 653 850 modum
674 787 807 873 scripsitr
839 793 1049 850 Sacramentum
1070 792 1122 850 boe
1141 811 1270 868 rnognum
1284 799 1409 857 Ennom-

120 904 179 954 est:
204 914 258 972 ego
280 912 346 953 uero
366 895 429 952 dieo
451 894 480 950 ιἰι
502 893 615 952 Christo
635 901 665 951 et
682 893 809 952 eoelesrir.

207 992 346 1057 ioannem
369 992 476 1056 domini
499 990 668 1076 bisoipuium
687 993 830 1055 affirmant
848 992 968 1078 primum
988 989 1157 1076 Ogdoadem
1177 993 1269 1055 nomi·
1312 1012 1370 1077 cup.

119 1097 210 1161 oatim
230 1097 456 1159 demonstrasse.
501 1091 553 1159 Sio
572 1094 648 1156 enim
668 1095 824 1179 disputant.
870 1093 997 1159 loannes
1015 1092 1122 1158 domiui
1144 1095 1268 1180 discipu·
1286 1079 1388 1131 XXV(-

122 1198 169 1261 los
187 1197 313 1260 omnnium
330 1217 428 1260 rerum
443 1196 583 1280 originem
600 1195 750 1281 expiioare
766 1198 903 1283 cupiens,
928 1218 982 1281 qua
997 1218 1013 1260 a
1029 1194 1116 1261 Petro
1133 1198 1271 1259 universa

125 1309 279 1385 procreata
295 1309 374 1378 sunt,
393 1298 562 1384 principium
577 1300 679 1362 statuit
693 1319 709 1362 a
724 1300 778 1363 beo
792 1301 934 1383 genitum,
953 1321 1037 1383 qoem
1052 1310 1082 1362 ot
1098 1300 1183 1361 fitium
1199 1295 1270 1363 Uui·

123 1402 253 1486 genitum
270 1412 300 1464 et
314 1401 397 1464 deum
415 1401 550 1486 appellnt,
575 1421 627 1486 per
643 1421 727 1503 quem
742 1402 837 1465 omnia
852 1400 944 1466 Pater
960 1404 1033 1485 quod
1037 1423 1082 1464 aon
1100 1401 1188 1465 veluti
1205 1411 1269 1463 satu

124 1502 305 1590 propagavit.
344 1502 392 1565 Ab
408 1502 462 1566 boo
478 1505 646 1588 prodromos
663 1524 730 1569 esse
744 1503 874 1569 Verbum
890 1505 1013 1583 asserit3
1038 1525 1089 1588 ρει
1103 1503 1180 1566 istud
1198 1523 1268 1565 vero

121 1616 210 1669 totam
237 1610 371 1670 Aeonum
399 1616 550 1685 naturam,
583 1627 667 1690 quoru
693 1609 784 1693 ipsum
806 1617 908 1692 postea
934 1605 1063 1670 Verbum
1086 1606 1266 1668 informavit.

121 1704 196 1772 Cum
213 1708 302 1793 igitur
318 1708 353 1771 de
372 1709 463 1793 prima
479 1708 670 1792 generatione
688 1729 852 1773 sermonem
872 1710 1021 1786 instituat,
1053 1718 1133 1771 reete
1150 1728 1167 1770 a
1184 1704 1268 1770 Prin-

119 1810 212 1895 cipio,
237 1810 292 1875 boo
310 1821 356 1874 est
370 1808 437 1875 Deo
454 1808 613 1894 Verbaque
631 1811 752 1874 dooeodi
770 1811 880 1873 initium
902 1812 981 1873 iuuit.
1029 1807 1070 1872 ita
1088 1831 1176 1895 porro
1194 1810 1266 1873 sori-

119 1911 177 1976 bit:
209 1918 243 1975 Ιιι
257 1918 399 1994 pmirer'pr'o
415 1925 480 1974 erut
496 1914 629 1986 Verbum,
661 1924 690 1973 et
709 1913 826 1974 Verbum
844 1925 908 1973 erot
922 1917 998 1993 apud
1013 1918 1117 1987 Deum,
1147 1924 1176 1973 et
1191 1917 1267 1973 Deus
1281 1933 1355 1975 roano.
1369 1936 1386 1977 1.

120 2027 184 2077 eret
203 2017 331 2078 Verbum.
379 2020 429 2077 Sr'e
448 2027 513 2077 erut
528 2021 557 2076 ιἰι
575 2018 717 2094 Ριιιιειριιε
734 2019 809 2094 opud
824 2019 922 2075 Deum.
968 2013 1125 2098 Postquam
1144 2014 1201 2076 tria
1220 2015 1269 2077 ilia

120 2118 277 2197 discrerit,
302 2115 412 2195 Deum,
435 2115 612 2201 Principium
629 2127 659 2179 et
673 2114 820 2195 Verbum,
844 2137 945 2179 rursus
960 2117 990 2179 in
1005 2138 1093 2179 noum
1109 2116 1266 2193 connectit,

118 2231 150 2284 nt
174 2220 340 2304 utriusque,
370 2216 508 2282 Pitii'd
461 2240 490 2283 vr
493 2218 597 2282 delicet
619 2239 653 2282 ao
678 2216 786 2295 Verbi,
821 2219 1038 2303 productionem
1063 2218 1268 2301 amborumque

119 2322 279 2386 unmioter
297 2341 347 2400 se,
372 2330 431 2383 tum
450 2342 514 2384 oum
531 2317 1024 2386 Patreeouinootionemdeolaret.
1071 2317 1246 2404 Siquidem
1238 2341 1267 2381 ιιι

113 2395 207 2488 Perre
221 2434 307 2508 atque
326 2444 366 2486 ex
378 2409 467 2487 Patre
482 2420 659 2509 Priuoipinm
674 2433 732 2502 est,
752 2423 781 2486 in
796 2421 923 2508 Priuoip
917 2445 944 2487 ιο
962 2444 1034 2486 vero
1051 2432 1081 2486 et
1098 2443 1138 2485 ex
1153 2419 1267 2485 Prinoi-

120 2527 167 2612 pio
185 2524 327 2590 Verbum.
372 2524 555 2589 Praeclare
546 2525 636 2608 igitur
652 2526 742 2605 dixit,
766 2531 800 2588 Ιιι
812 2531 952 2608 prriree'prb
967 2538 1031 2587 erot
1046 2527 1179 2598 Verbum,
1205 2536 1269 2587 erat

120 2629 197 2693 euim
213 2630 243 2691 in
258 2624 283 2691 F
286 2629 347 2706 ibo,
372 2639 412 2705 et,
439 2631 556 2690 Verbum
570 2633 721 2710 erotopud
732 2633 830 2704 beram,
857 2640 920 2692 erat
937 2629 1013 2692 enim
1031 2639 1062 2691 et
1075 2626 1265 2711 Principium,

118 2728 159 2793 Et
176 2735 252 2793 Deua
267 2743 330 2792 erat
348 2733 476 2793 Verbum.
523 2727 1006 2795 Consentaneeomoiuodiotum.
1052 2729 1137 2814 Quod
1155 2729 1267 2794 enimn

118 2830 185 2897 Deo
197 2835 401 2918 genitumst,
423 2830 507 2898 Deos
525 2845 582 2898 est.
627 2830 691 2912 Sie,
714 2838 789 2896 Erat
800 2840 828 2896 tn
839 2839 980 2914 prr'rrer'pr'o
994 2838 1070 2914 apud
1083 2839 1181 2907 Deum,
1201 2853 1266 2916 pro-

119 2935 265 3000 ductionis
280 2937 410 3000 ordinem
427 2937 563 3001 ostendit.
611 2941 708 2998 Omnr’e
721 2959 776 3017 per
790 2942 878 3017 ipsum
886 2940 971 3020 sueto
986 2949 1068 3011 sunt,
1092 2942 1193 2997 eterne
1207 2941 1266 3016 r'pso

109 3040 223 3119 piretum
238 3042 375 3101 estnihil.
421 3037 540 3103 Etenim
555 3036 685 3103 Verbum
701 3039 845 3117 omuibus,
866 3039 914 3122 qni
929 3049 994 3124 post
1007 3061 1040 3102 se
1055 3049 1134 3115 sunt,
1155 3037 1266 3100 Aeoni-

117 3139 172 3205 bns
188 3141 403 3206 informationis
418 3162 453 3205 ao
468 3140 686 3228 propagationis
704 3152 807 3205 ouotor
822 3143 931 3204 extitit.
978 3139 1101 3219 Verum,
1127 3143 1206 3220 Quod
1213 3141 1266 3221 so-

117 3256 192 3306 etum
209 3257 267 3319 ert,
293 3244 404 3328 inquit,
428 3249 457 3306 in
475 3249 706 3325 poenituerat,
730 3243 778 3308 ubi
795 3255 824 3307 ot
842 3244 1006 3328 coniugium
1024 3243 1143 3306 iudicat.
1188 3238 1265 3302 Nam

117 3346 217 3411 omnia
232 3367 285 3432 ρει
298 3347 390 3432 ipsum
409 3348 484 3410 taeta
502 3368 569 3412 esse
589 3348 669 3426 dicit,
693 3349 782 3412 vitam
799 3358 894 3410 antem
913 3345 1034 3431 inipso.
1079 3344 1162 3407 Haeo
1177 3343 1267 3426 igitur

117 3470 192 3534 qnae
208 3450 237 3513 io
253 3448 305 3513 itio
321 3451 395 3513 taeta
413 3460 469 3528 est,
494 3449 611 3535 propius
628 3450 664 3513 ed
681 3448 806 3514 illumin
824 3451 887 3535 ipso
905 3447 1031 3534 pertinet
1044 3468 1126 3530 quam
1143 3467 1176 3508 ea
1194 3465 1266 3529 qnae

95 3582 98 3588 ·
117 3550 281 3638 peripsum
301 3553 376 3617 fautu
394 3563 473 3616 sunt.
520 3548 661 3617 Comitio
678 3553 781 3638 quippe
798 3563 949 3629 versatur,
973 3571 1007 3613 ae
1026 3571 1078 3634 per
1096 3548 1189 3634 ipsum
1207 3549 1265 3611 fru-

118 3665 182 3718 etus
204 3655 321 3719 emittit.
367 3653 443 3719 Nam
466 3655 532 3740 quia
554 3655 650 3719 statim
668 3656 800 3734 subiicit,
835 3660 876 3717 Et
891 3659 948 3716 otto
965 3666 1030 3715 erat
1045 3656 1097 3712 tue
1113 3654 1261 3724 domninum,

117 3777 154 3822 eo
169 3756 235 3843 ipso
252 3759 326 3843 quod
345 3756 500 3823 Hominem
516 3769 736 3839 commemorat,
760 3758 859 3822 eadem
874 3776 948 3819 vooe
965 3766 996 3819 et
1008 3753 1171 3818 Ecclesiam
1186 3775 1264 3817 eom·

116 3860 268 3946 pbeotitur,
292 3872 324 3925 ut
339 3862 465 3946 coniugii
482 3861 652 3927 societatem
666 3861 823 3945 intelligas.
869 3856 948 3922 Nam
966 3879 1005 3922 ειι
1022 3856 1122 3922 Verbo
1137 3854 1264 3940 Vitaqnu

115 3960 213 4029 Homo
236 3973 323 4048 atque
347 3961 484 4027 Eeelesia
503 3975 674 4030 oesonotor.
721 3961 859 4029 Ceterum
880 3962 973 4024 tuoem
990 3961 1136 4024 bominum
1155 3960 1264 4023 ideirco

115 4065 204 4131 uitam
224 4064 403 4146 uorniuerit,
435 4067 510 4151 quod
529 4068 565 4131 ab
582 4088 618 4131 ea
635 4067 676 4131 ini
694 4063 856 4131 collustrati
877 4064 952 4141 sint,
984 4066 1058 4148 qnod
1075 4064 1264 4128 idemeston

147 4249 172 4306 4.
190 4252 302 4324 ἐνδὶτῇ
314 4251 359 4320 Ἀρ
360 4255 673 4324 χῇριιειεεείἀειειιιιιιι-
742 4253 766 4307 7.
784 4252 809 4305 ἐν
824 4256 1016 4316 praepositionem
1034 4213 1158 4305 debendum
1178 4256 1264 4304 emunit

111 4325 150 4386 bo,
166 4338 227 4386 quoe
241 4331 290 4374 tom
303 4327 356 4387 ipro
369 4325 480 4374 sententio
492 4337 564 4386 quom
580 4327 625 4373 Vet.
636 4324 674 4373 dn·
707 4324 799 4373 unnim.

112 4396 200 4455 terpree
214 4395 335 4476 pmdteot,
353 4407 382 4442 ee
398 4393 448 4442 eod.
466 4393 519 4441 Veo.
535 4394 634 4453 reponat.
742 4392 766 4443 8.
782 4387 908 4473 νοήματος
923 4393 975 4442 cod.
992 4393 1045 4441 Ven.

145 4460 170 4511 b.
189 4453 266 4513 obruti
281 4429 348 4511 eodb.
359 4462 413 4510 Ven.
423 4461 520 4522 dtbedr'p.
533 4461 589 4524 Rep.
612 4461 675 4509 Edttr'
742 4458 766 4511 9.
784 4454 918 4526 ὀνομασίαι
934 4462 985 4511 uod.
1003 4462 1057 4510 Vm.

114 4528 170 4578 nno
187 4530 272 4579 babent
289 4526 386 4582 taurob-
745 4528 783 4579 10.
799 4529 968 4596 πεφωτήσέιαι
987 4530 1039 4579 eod.
1059 4530 1112 4578 Vm

149 4593 174 4648 d.
193 4593 261 4662 ζωὴν
277 4612 325 4649 non
341 4600 485 4660 comperet
475 4613 501 4648 m
518 4599 567 4648 eod
585 4599 639 4649 Vm
