3046 5084
170 336 231 401 680
589 345 896 399 οιωοειοειειιεωιι

171 486 228 542 σει,
257 463 277 546 ή
301 467 332 529 ἐν
357 466 505 553 Ιίὲορτή,
534 463 555 546 ή
577 465 610 529 ἐν
630 467 771 553 νεομηνίμ
793 466 844 530 καί
867 462 1022 554 σαββάτφ,
1050 464 1069 533 δ’
1091 468 1152 533 ἐστι
1173 464 1242 533 σκιά
1261 474 1320 533 τῶν

172 567 341 653 μελλόντων.

257 668 283 734 α’
299 672 350 735 καὶ
366 666 530 754 λθἝλεγχ.
568 667 748 753 Οάδαμόθεν
762 665 924 734 ἀποπίπτει
939 668 1017 749 σιιιά,
1040 662 1065 734 ά
1079 676 1241 755 Μαρκίων,
1262 670 1319 737 ἀλλ’

171 772 193 855 ή
209 768 268 837 ἀπό
288 771 422 855 σώματος
435 772 486 836 καί
503 779 586 853 σῶμα
605 768 642 836 ού
662 773 786 837 δύναται
804 768 892 852 εἶναι,
913 779 998 848 σκιάς
1015 769 1066 837 ἀπ’
1081 770 1177 839 αότοῦ
1192 772 1236 858 μή
1251 800 1318 856 φαι-

173 877 305 958 νομένης.
339 873 436 938 Ὅθεν
451 881 610 956 πεισθή-ναι
627 871 793 953 ὀφείλουσιν
807 877 839 939 οἱ
853 871 911 939 ἀπό
927 880 983 939 σοῦ
998 872 1184 959 ήπατημίνοι
1197 874 1249 943 διά
1262 884 1321 943 τῶν

173 981 214 1042 ἐτι
234 975 314 1063 παρά
336 983 389 1042 σοῦ
410 978 635 1058 φυλαττομένων
655 983 708 1058 τής
724 975 866 1058 ἀληθείας
887 984 946 1041 τῶν
963 980 1055 1043 θείων
1074 984 1202 1063 γραφῶν
1219 978 1320 1059 λειψά-

174 1107 234 1145 νων
250 1079 296 1145 ότι
312 1078 471 1162 μελλόντων
489 1076 610 1163 ἀγαθῶν
629 1075 891 1143 ἀποκαλύπτεσθαι
913 1076 969 1143 ούκ
989 1076 1126 1165 ἀλλότρια
1143 1072 1185 1164 ἦν
1200 1079 1237 1146 τά
1258 1080 1321 1147 τότε

175 1181 357 1264 δικαιώματα
372 1187 556 1266 προςκαίρως
571 1182 802 1266 προςτεταγμένα
821 1182 888 1265 περί
904 1179 1043 1266 βριάσεως
1062 1184 1111 1246 καί
1134 1180 1253 1260 πόσεως
1272 1186 1321 1249 καλ

176 1287 284 1370 μέροος
300 1287 409 1369 ἑορτῶν
423 1286 473 1348 καὶ
490 1290 650 1365 νεομηνιοῖν
665 1284 716 1347 καλ
738 1282 901 1365 σαββάτων.
940 1276 998 1348 Ὧν
1014 1281 1139 1369 ἀγαθοῖν
1157 1284 1227 1351 σκιά
1247 1279 1323 1369 ἦσαν

175 1386 210 1451 τά
232 1388 427 1471 προειρημένα
448 1383 485 1451 δι’
509 1378 551 1450 οἷν
571 1391 662 1449 σκιῶν
683 1383 716 1450 τό
736 1392 820 1467 σῶμα
843 1384 1058 1469 κατειλήφαμεν
1075 1393 1137 1452 τῶν
1156 1389 1323 1454 ἐνεστοίτων

175 1487 313 1575 ἀγαθῶν,
336 1492 366 1554 ἐν
381 1487 463 1576 νόμην
478 1488 531 1569 μὲν
546 1488 844 1572 σκιαγραφηθίντων,
867 1490 899 1553 ἐν
916 1494 1034 1578 Χριστῷ
1052 1488 1085 1555 δέ
1100 1492 1320 1557 τελειωθέντων.

503 1676 603 1730 ΠΡΟΣ
621 1676 813 1731 ΦΙΛΗΜΟΝΑ
830 1677 991 1733 ΕΝΑΤΗΣ.

264 1796 366 1872 Οὕτως
389 1795 444 1881 γάρ
469 1792 550 1879 παρά
575 1802 615 1883 τῷ
633 1799 791 1880 Μαρκίωνι
809 1804 917 1874 ιιεῖται,
943 1794 1024 1880 παρά
1049 1798 1081 1862 δέ
1103 1805 1146 1885 τῷ
1170 1795 1322 1888 ἀποστόλιμ

177 1900 280 1983 ἐσχάτη
298 1909 403 1965 κεῖται·
433 1900 464 1963 ἐν
484 1900 560 1982 τρισὶ
579 1898 611 1961 δέ
628 1895 827 1983 ἀντιγράφοις
848 1896 1070 1984 τριςκαιδεκάτη
1091 1898 1150 1985 πρά
1172 1908 1227 1984 τῆς
1247 1900 1323 1985 πρός

175 2003 346 2089 Ἑβραίους,
376 1998 701 2085 τεσσαρεςκαιδεκάτης,
729 2001 870 2065 τέτακται.
904 1998 996 2066 ’Ἁλλα
1021 2003 1053 2067 δέ
1078 1998 1247 2088 ἀντίγραφα
1267 2004 1323 2087 ἐγω

176 2106 229 2189 τήν
247 2104 323 2190 πρός
338 2101 492 2186 Ἑβραίους
509 2102 633 2184 δεκάτην
648 2100 707 2187 πρό
722 2109 781 2166 τῶν
799 2103 853 2168 δύο
866 2110 926 2168 τῶν
942 2102 1017 2189 πρός
1037 2102 1191 2187 Τιμόθεον
1205 2106 1258 2171 καί
1276 2110 1322 2171 Τί-

178 2235 245 2286 τον,
267 2210 318 2271 καί
336 2209 496 2289 Φιλήμονα.
542 2204 646 2269 Πάντα
663 2206 694 2269 δέ
709 2204 744 2268 τά
759 2204 924 2291 ἀντίγραφα
938 2203 975 2271 τά
989 2212 1053 2271 σῶα
1076 2209 1127 2272 καί
1148 2204 1250 2291 ἀληθῆ
1271 2206 1324 2289 τήν

179 2309 255 2394 πρός
268 2307 428 2391 Ῥωμαίους
445 2311 542 2389 ἐχοοσι
558 2305 696 2393 πράτην,
720 2305 787 2389 ούχ,
810 2304 851 2382 ἀς
871 2306 909 2372 σύ
927 2312 1075 2394 Μαρκίων
1095 2308 1151 2391 τήν
1172 2308 1251 2396 πρός
1268 2316 1323 2375 Γα·

179 2412 266 2488 λάτας
286 2415 387 2488 ἐταξας
406 2409 533 2495 πρώτην.
566 2409 671 2491 Ὅμως
689 2407 747 2474 ἀπό
765 2408 874 2491 ταύτης
896 2416 949 2493 τῆς
965 2409 1042 2497 πρδς
1061 2410 1219 2495 Φιλήμονα
1239 2410 1325 2479 οόέἐν

179 2517 388 2601 παρεθέμεθα,
411 2512 459 2578 διά
475 2512 508 2578 τό
524 2509 685 2597 ὁλοσχερῶς
700 2508 793 2594 αύτήν
809 2510 997 2597 διαστρόφως
1013 2511 1082 2597 παρ’
1098 2510 1181 2605 αύτῷ
1197 2522 1325 2581 νεῖσθαι.

456 2805 555 2861 ΠΡΟΣ
573 2804 848 2859 ΦΙΛΙΠΠΗΣΙΟΥΣ
866 2804 1046 2861 mmm.

55 2962 105 3008 ρις.
118 2950 162 2996 οτι
269 2926 371 3001 Οότως
384 2924 439 3010 γάρ
454 2932 546 2988 κεῖται
564 2923 645 3007 παρά
659 2930 701 3012 τῷ
718 2928 878 3008 Μαρκίωνι
898 2922 1003 3007 ἐσχάτη
1025 2927 1077 2990 καί
1097 2924 1224 3011 δεκάτη,
1245 2924 1328 3013 παρά

181 3032 214 3096 δὲ
232 3038 273 3118 τῷ
291 3025 443 3116 ἀποστόλφ
458 3029 534 3109 ἕκτη.
575 3023 725 3101 Ὡςαύτως
744 3022 814 3091 ούδέ
830 3023 880 3091 ἀπ’
895 3023 1003 3108 αύτῆς,
1024 3026 1075 3092 διά
1088 3026 1121 3093 τό
1139 3026 1328 3115 διαστράφις

183 3130 251 3216 παρ’
274 3128 353 3220 αύτῷ
374 3140 506 3209 κεῖσθαι,
529 3126 615 3194 ου’δέν
636 3126 833 3211 ἐξελεξάμεθα.

268 3233 353 3316 Αὕτη
368 3230 556 3318 πεπλήρωται
571 3228 591 3313 ή
606 3237 659 3296 τοῦ
671 3234 854 3317 Μαρκίωνος
867 3230 1003 3309 σύνταξις
1017 3230 1078 3297 ἀπό
1092 3238 1148 3299 τοῦ
1160 3233 1237 3299 ιιατδ
1246 3240 1328 3301 Δια·

183 3346 238 3405 κάν
260 3335 427 3422 εὐαγγελίου
448 3337 499 3400 καὶ
524 3341 577 3400 τοῦ
605 3332 771 3400 ἀποστόλου
794 3335 965 3417 σωζομένων
988 3333 1155 3416 λειψάνων,
1182 3334 1279 3423 λόγον
1297 3360 1329 3403 τι

183 3440 368 3515 ύποθέσεως·
388 3436 439 3517 ἀφ’
461 3430 498 3520 ής
515 3435 721 3518 ἀναλεξάμενοι
743 3434 778 3501 τά
797 3434 860 3502 κατ’
877 3433 970 3503 αύτοῦ
990 3433 1050 3503 ἀπδ
1069 3442 1131 3503 τῶν
1150 3435 1222 3525 παρ’
1235 3436 1330 3507 αύεοῦ

185 3545 355 3626 σωζομένων
368 3540 439 3616 τούς
455 3542 587 3626 ἐλέγγους
599 3539 802 3624 παρεθέμεθα.
834 3541 1002 3625 Προςέθετο
1019 3540 1052 3605 δέ
1067 3540 1101 3605 ἐν
1113 3546 1157 3631 τῷ
1171 3542 1241 3633 ἐδίρ
1253 3538 1329 3609 ιἐσ-

186 3653 307 3734 στολικῷ
328 3644 512 3732 καλονμένφ,
534 3645 583 3708 καί
605 3648 657 3725 της
676 3643 857 3724 καλονμένης
878 3640 954 3728 πρδς
969 3642 1145 3719 Λαοδικίας.

269 3850 295 3916 α’
310 3852 361 3916 καί
378 3848 406 3932 μ’
423 3847 508 3932 Σχόλ.
551 3844 608 3925 Εἷς
623 3846 741 3934 κύριος,
763 3851 816 3929 μία
831 3852 941 3926 πίστις,
960 3852 996 3913 ἐν
1008 3846 1175 3931 βάπτισμα,
1196 3844 1241 3927 τίς
1256 3854 1331 3937 Χρο-

187 3955 270 4035 στός,
292 3951 334 4030 εἷς
350 3950 424 4029 θεός
437 3954 489 4017 καί
502 3950 598 4037 πατήρ
614 3950 748 4030 πάντων,
770 3947 788 4015 ά
803 3952 853 4016 ἐπί
868 3948 989 4017 πάντων
1006 3953 1059 4017 καί
1072 3948 1124 4019 διά
1138 3948 1260 4019 πάντων
1277 3954 1332 4021 παλ

186 4062 218 4125 ἐν
239 4067 335 4123 πᾶσιν.

270 4157 296 4224 α’
311 4159 363 4225 καί
378 4156 406 4239 μ’
419 4155 529 4243 Ἕλεγγ.
573 4155 770 4246 Συνρδόντως
788 4156 841 4241 μέν
862 4164 899 4247 τῇ
917 4155 995 4242 πρδς
1008 4126 1175 4239 Ἐφεσίους,
1196 4148 1331 4247 lnq-

188 4266 277 4341 κίων,
300 4263 351 4326 καί
374 4260 481 4337 ταύτας
504 4259 555 4337 τάς
574 4260 648 4325 κατά
668 4268 724 4326 σοῦ
744 4263 905 4346 μαρτυρίας
928 4256 989 4327 ἀπό
1011 4266 1065 4343 τῆς
1079 4260 1236 4345 λεγομίηγς
1254 4258 1334 4347 πρδς

190 4366 357 4440 Λαοδικίας
373 4362 534 4449 συνήγαγες
556 4370 591 4410 ⁹⁶
604 4361 689 4449 [κατά
705 4371 761 4430 σοῦ
775 4368 964 4449 μαρτυρίας]·
985 4366 1038 4429 ἵνα
1054 4364 1105 4429 ἐπί
1122 4370 1166 4453 τᾷ
1182 4364 1258 4433 τάλαι
1277 4370 1334 4435 αὖ

222 4533 263 4589 94.
288 4536 359 4605 μίρει
381 4536 486 4604 Rom-Rc,
510 4529 530 4604 ἦ
547 4536 679 4604 νεομηνίας
695 4539 740 4592 καλ
772 4552 817 4602 φιτ
836 4540 953 4590 mmm
974 4539 1074 4591 mm
1094 4538 1169 4591 ΙΙΙ·
1187 4540 1219 4593 b
1233 4540 1333 4605 hb·

191 4603 324 4678 σαββάτων
339 4610 422 4671 imitar
437 4622 526 4671 εαρτας
549 4608 612 4671 quod
632 4609 669 4659 λιλα
683 4622 741 4675 ριω-
774 4610 834 4659 ίίοιιι
848 4608 954 4671 rmum
