3046 5084
115 725 183 791 Κεφ.
201 720 230 786 ζ.

137 835 188 878 μσς.
202 823 234 866 68.

254 300 311 360 144
666 306 787 360 εκειστι
804 307 972 358 σοιεκιοια

250 427 283 490 ἐκ
303 428 415 508 νεκρῶν
431 420 589 505 ἀναστῆναι
608 429 645 512 τῇ
658 427 748 511 ’τρίτη
772 420 876 510 ἡμέρα.
921 424 981 486 Καὶ
996 419 1083 487 ούδέν
1102 423 1181 486 ίστιν
1197 421 1272 499 ὅλως
1287 427 1401 505 διαφω-

251 532 324 591 νοῦν
346 532 398 607 τῆς
419 531 473 590 τοῦ
498 529 604 608 κυρίου
630 523 772 608 ἐνσάρκου
796 528 961 610 παρουσίας
983 522 1060 610 πρδς
1084 522 1136 600 τάς
1156 533 1215 589 τῶν
1236 534 1402 610 προφητῶν

250 632 439 713 προφητείας.

335 727 405 792 Ἀλλ’
422 732 477 804 ἕως
492 731 599 793 τούτου
615 730 683 813 περὶ
700 734 754 809 τῆς
770 732 950 811 Σατορνίλου
967 730 1105 810 αίρίσεως
1121 727 1269 813 εἰρήσθω,
1291 732 1341 794 ἵνα
1360 727 1401 812 μοὶ

253 829 398 896 άναλίσκω
413 829 539 915 χρόνους
554 832 622 913 περλ
638 827 690 904 τάς
705 828 806 911 μωράς
823 827 914 894 αὐτοῦ
932 830 1062 911 ζητήσεις
1077 832 1127 894 καὶ
1142 830 1194 906 τάς
1207 829 1314 895 τούτου
1330 828 1401 896 άνα-

252 933 363 1018 τροπάς
383 931 590 1014 ἐνειλούμενος.
632 930 689 995 Ἐκ
714 930 822 1011 ταύτης
838 932 869 993 δὲ
889 930 1048 1011 παρελθοδν
1070 934 1136 1014 ἑξῆς
1160 930 1213 1013 τὴν
1228 937 1401 998 Βασιλείδου

252 1042 306 1101 τοῦ
323 1042 520 1116 συσχολαστοῦ
535 1031 644 1097 τούτου
662 1034 711 1096 καὶ
728 1034 970 1113 συνηπατημίνου
986 1032 1115 1114 δηλώσω,
1160 1036 1327 1117 Μετὲχουσι
1344 1033 1400 1118 γάρ

252 1131 352 1215 οὗτοι,
376 1133 417 1210 τάς
439 1132 488 1198 ἀπ’
506 1133 634 1215 άλλύλων
651 1131 703 1198 τδν
720 1132 765 1197 ίδν
782 1133 991 1214 δανεισάμενοι,
1013 1134 1088 1199 κατά
1103 1134 1157 1217 τήν
1173 1139 1281 1221 ἐναργῆ
1296 1162 1400 1221 παροι·

254 1243 340 1322 μίαν,
373 1234 414 1311 τίς
432 1234 522 1311 άσπλς
542 1234 610 1318 παρ’
634 1237 747 1317 ἐχίδνης
771 1233 817 1299 ίδν
841 1238 1035 1316 δανειζομὲνη.
1077 1233 1170 1319 Ὁμοῦ
1190 1238 1245 1322 γάρ
1272 1241 1327 1302 εἰσι
1346 1245 1400 1317 τῆς

252 1346 357 1423 σχολῆς
374 1340 423 1402 καί
439 1341 594 1420 συνεδρίου
609 1335 752 1418 άλλήλων,
776 1333 845 1400 καθ’
862 1336 968 1402 ἕαυτύν
983 1339 1014 1402 δὲ
1032 1341 1149 1420 ἕστηκεν
1173 1337 1331 1422 ιἑκάτερος
1346 1338 1400 1422 τὴν

251 1445 363 1527 αἵρεσιν
376 1438 631 1523 προστησάμενος·
653 1438 702 1502 καλ
722 1436 775 1519 τήν
789 1439 841 1519 μὲν
856 1443 961 1502 κακίαν
978 1438 1046 1523 παρ’
1062 1438 1193 1522 ἀλλήλων
1210 1439 1398 1523 η’ρανίσαντο,

252 1542 306 1626 τὴν
325 1543 357 1607 δὲ
372 1546 537 1622 διαφωνίαν
554 1542 585 1604 ἐν
603 1536 703 1614 αὐτοῖς
718 1538 915 1621 ἐνεστήσαντο.
959 1544 1030 1605 Εἰίε
1045 1534 1101 1606 οὖν
1116 1535 1206 1617 οὗτος
1221 1546 1306 1624 δίκην
1323 1545 1398 1625 ἒχίδ·

251 1671 305 1727 νης
323 1641 404 1727 παρά
426 1651 484 1708 τῶν
506 1639 645 1707 άνωτάτω
663 1639 809 1724 μετασχτδν
824 1649 863 1729 τῷ
879 1647 1033 1731 Βασιλείδη
1053 1647 1267 1725 μεταδίδωκεν,
1289 1643 1309 1726 ἢ
1326 1648 1399 1711 ἐκεῖ·

251 1774 303 1822 νος
318 1745 428 1834 τούτῳ,
451 1744 531 1827 ὅμως
548 1741 683 1825 ὀλέθριος
702 1741 776 1808 ιδνδ
793 1742 904 1808 τούτων
921 1743 983 1823 ίδς,
1010 1748 1061 1810 καί
1076 1744 1135 1811 άπδ
1152 1745 1295 1811 τοιούτων
1314 1747 1400 1830 ἕρπε-

251 1855 310 1914 τῶν
325 1845 502 1934 ὁρμώμενος,
515 1846 565 1910 διά
581 1853 633 1928 τῆς
646 1854 699 1911 τοῦ
714 1850 818 1928 κυρίου
834 1850 1022 1920 διδασκαλίας
1036 1845 1192 1913 άντιδύτου
1206 1852 1289 1928 δίκην
1303 1844 1398 1927 άμαυ-

252 1956 361 2036 ρωθείς
382 1975 411 2014 τε
434 1951 485 2014 καλ
507 1947 685 2028 ἀφανισθείς
707 1945 759 2029 ὕφ’
779 1945 862 2030 ἡμῶν
881 1953 1107 2028 καταλελείφθω.
1151 1946 1249 2033 Ἡμεῖς
1270 1948 1302 2014 δὲ
1322 1946 1398 2012 θεδν

252 2051 476 2135 ἐπικαλούμενοι
497 2053 547 2117 ἐπὶ
567 2048 622 2126 τάς
643 2052 709 2133 ἑξῆς
731 2053 836 2132 ίωμεν,
860 2042 885 2114 ιδ
907 2048 1060 2135 άγαπητοί.

458 2385 614 2455 ΚΑΤΑ
656 2382 1178 2471 ΒΑΣΙΛΕΙΔΙΑΝΩΝ,

696 2496 736 2570 δ’.
761 2496 785 2590 ἧ
810 2500 869 2572 καὶ
894 2496 954 2571 κδ’.

338 2651 510 2728 Βασιλείδης
529 2647 582 2728 μὲν
602 2638 672 2737 σύμ,
701 2644 783 2709 καθά
811 2644 871 2710 άνω
888 2645 1124 2731 προδεδήλωται,
1155 2649 1187 2712 ἒν
1212 2654 1250 2736 τῇ
1265 2656 1325 2714 τῶν
1342 2653 1397 2714 Λί-

252 2754 382 2835 γυπτίων
396 2747 476 2834 χώρᾳ
495 2746 677 2830 στειλάμενος
692 2745 746 2829 τήν
760 2751 896 2832 πορείαν,
919 2750 1009 2812 ἐκεῖσε
1020 2747 1073 2824 τάς
1091 2745 1243 2833 διατριβάς
1259 2753 1397 2829 ἐποιεῖτο,

252 2847 312 2914 είτα
328 2852 438 2933 ἔρχεται
452 2853 493 2924 εἰς
509 2847 545 2913 τά
562 2852 634 2935 μέρη
651 2857 703 2914 τοῦ
714 2854 913 2934 Προσωπίτου
929 2852 980 2914 καὶ
995 2848 1176 2936 Ἀθριβίτου,
1199 2849 1237 2917 ού
1253 2850 1313 2936 μην
1327 2850 1398 2919 άλλά

251 2952 302 3017 καλ
323 2953 390 3034 περὶ
412 2951 464 3016 τδν
480 2958 594 3033 Σαΐτην
611 2955 661 3016 καλ
675 2950 891 3036 Ἀλεξάνδρειαν
909 2953 960 3016 καλ
986 2949 1325 3038 1Ἀλεξανδρειοπολίτην
1343 2963 1398 3040 2⁰3·

252 3079 320 3140 ρον,
341 3050 407 3134 ἤτοι
423 3053 548 3136 Ξνομόν.
594 3052 699 3135 Νομδν
717 3051 771 3138 γάρ
796 3055 827 3117 οί
841 3052 1000 3136 Αἰγύπτιοί
1023 3075 1097 3134 φασι
1120 3053 1173 3137 τὴν
1197 3055 1322 3139 ἑκάστης
1341 3056 1396 3123 πύ-

249 3164 321 3231 λεως
336 3159 517 3239 περιοικίδα,
544 3154 610 3236 ἤτοι
632 3160 800 3240 περίχωρον.
845 3152 958 3237 Εύροις
981 3153 1007 3219 δ’
1030 3153 1084 3234 άν,
1114 3148 1139 3220 0}
1164 3158 1318 3242 φιλολύγι,
1346 3160 1398 3223 καλ

251 3267 338 3326 τοῦτο
362 3262 403 3334 είς
432 3265 566 3322 8σαυτοῦ
586 3254 744 3336 ω’φίλειαν,
775 3255 851 3341 πρδς
873 3255 1072 3339 φιλομάθειαν
1087 3261 1138 3324 καί
1155 3258 1333 3341 σαφήνειαν,
1355 3261 1397 3334 είς

253 3360 358 3446 εύσεβῆ
376 3360 515 3426 σύστασιν
529 3361 579 3423 καλ
593 3366 703 3444 φράσιν
720 3366 779 3424 τῶν
797 3361 828 3424 ἐν
845 3367 881 3448 τῇ
902 3365 973 3446 θεία
988 3369 1089 3449 γραφῇ
1102 3362 1259 3442 κειμένων,
1280 3366 1341 3424 τῶν
1354 3361 1396 3435 είς

255 3460 380 3548 σι’πορίας
396 3461 478 3540 τινάς
496 3459 696 3544 ἐμβαλλόντων
710 3459 747 3526 δι’
761 3458 903 3547 άπειρίαν.
937 3460 1038 3527 Ὅπου
1054 3460 1109 3547 γάρ
1128 3465 1159 3527 ἐν
1175 3470 1216 3549 τῷ
1232 3457 1305 3550 άγίρι
1321 3486 1396 3545 προ-

254 3562 334 3652 φήτη
351 3565 462 3653 Ἡσαΐᾳ
485 3564 584 3649 εύροις
608 3566 806 3650 γεγραμμένον
827 3565 894 3647 περλ
911 3571 1009 3646 νομῶν
1023 3562 1136 3639 πόλεως
1150 3564 1396 3649 *Αίγυπτιακολη

254 3661 318 3728 οίον
336 3667 467 3747 Τάνεως,
488 3667 509 3750 ἢ
527 3668 695 3750 Μέμφεως,
724 3664 744 3748 ἢ
762 3673 855 3748 νομοῦ
881 3673 959 3748 οτῆς
972 3664 1164 3748 Βουβάστου,
1185 3668 1398 3752 Αἰγυπτιακοῖς

253 3763 306 3847 την
323 3773 508 3852 6περίχωρον
531 3777 584 3852 τῆς
604 3767 747 3853 τυχούσης
764 3767 878 3842 πόλεως
900 3771 1041 3849 σημαίνει.
1087 3768 1148 3832 Καί
1170 3775 1256 3835 τοῦτο
1271 3777 1398 3854 φιλομα-

252 3871 340 3942 θείας
354 3869 438 3932 ἓνεκα
454 3873 668 3954 ἕρμηνευίσθω.
698 3863 763 3935 Ἠν
780 3877 853 3956 γοῦν
868 3871 900 3934 ίν
914 3877 977 3943 τοῖς
990 3867 1135 3945 τοιούτοις
1149 3869 1252 3948 τύποις
1267 3868 1285 3936 ὅ
1299 3898 1397 3958 προει·

253 3969 379 4054 ρημὲνος
396 3967 522 4054 άμύρτης
540 3972 762 4056 τήνδιαβίσισιν
774 3975 848 4055 ἔχων
870 3972 900 4047 ἐξ
922 3961 963 4033 οἷν
977 3976 1111 4050 φαίνεται
1133 3969 1154 4054 ἦ
1176 3974 1226 4039 καλ
1246 3976 1287 4049 είς
1307 3978 1395 4056 δεῦρο

254 4068 423 4154 ἀκμάζουσα
441 4069 533 4136 αὐτοῦ
550 4076 669 4158 αἵρεσις,
684 4078 717 4141 ἐκ
731 4081 785 4157 τῆς
802 4071 893 4140 αύτοῦ
910 4076 1097 4150 διδασκαλίας
1110 4078 1243 4157 λαβοῦσα
1255 4073 1309 4155 τήν
1322 4070 1395 4156 πρύ-

287 4295 346 4345 (λιο.
356 4297 412 4346 VH.
428 4323 462 4334 -
481 4293 502 4346 1.
521 4296 586 4343 Libri
601 4291 717 4360 ἑκάτεροι
728 4301 807 4360 ναίμο.
841 4299 892 4349 ιοιλ.
910 4301 982 4348 λσιλο.
998 4302 1084 4360 recepit
1100 4299 1217 4349 Ριεαολαι.

289 4361 347 4411 (λιν.
359 4365 377 4414 1.
395 4393 428 4403 -
455 4357 808 4431 1.Ἀλεξανδριοπολλτηνλσ-
875 4368 900 4416 ’λ
919 4364 1000 4433 νομόν.
1033 4362 1119 4432 Νομδι
1140 4367 1192 4416 aad.
1208 4365 1281 4414 λ’σλίσ·
1296 4367 1319 4413 τί
1339 4366 1394 4415 edit.

254 4434 380 4483 λιιιλλιστί.
416 4434 445 4482 vt
459 4435 530 4481 κίοσι
543 4423 716 4496 Ἀλεξάνδρων
734 4438 767 4483 ιιι
782 4437 809 4484 in
841 4437 922 4485 Ριλσυ.
959 4437 1016 4486 cod.
1032 4435 1130 4496 ίλλιιλλς.
1148 4437 1171 4481 ιλ
1188 4432 1244 4481 edit.
1260 4435 1336 4494 ρτίιιο.
1351 4435 1395 4484 λα-

253 4502 292 4551 od.
311 4503 386 4564 μείου
408 4515 453 4562 pro
475 4492 676 4563 ’Δλεξάνδρειαν,
700 4502 764 4562 quoa
779 4515 808 4551 ιτ
841 4498 989 4568 σιπλιόμω.
1012 4499 1094 4568 νόμον·
