3046 5084
46 625 96 671 ρος.
108 612 152 655 208.

32 982 97 1051 Κεφ.
115 982 146 1034 α’.

592 339 713 390 ὃλΝΟΤί
734 340 901 390 EPH'HANH

413 585 559 652 ΚΑΤΑ
603 585 1072 671 Σωκουαιιιαοα,

197 699 244 787 οίς
268 699 414 796 συνήρθη
438 698 625 796 Ἐπιροίνης
650 702 709 772 καὶ
732 698 899 797 Ἰσίδωρος.
954 697 1152 793 Δοδεκότη,
1177 698 1200 793 ἡ
1228 703 1293 774 καὶ

566 818 746 917 τριακοστὴ
771 825 915 916 δευτέρα.

252 967 456 1055 Παρελθόντος
474 968 505 1033 δὲ
524 966 578 1051 την
596 975 649 1032 τοῦ
671 965 865 1033 Οὐαλεντίνου
883 971 1010 1054 αἵρεσιν,
1032 969 1084 1032 καὶ
1098 967 1190 1034 πολλοὶ
1205 969 1329 1053 μοχθή-

165 1094 265 1147 σαντες
283 1073 315 1135 έν
336 1078 371 1160 τῇ
388 1069 556 1136 α’κανθοίδει
573 1069 666 1134 αὐτοῦ
685 1078 798 1156 σπορᾷ,
821 1069 870 1134 διαί
888 1078 1012 1148 πολλοῦ,
1035 1068 1076 1146 οἷς
1094 1074 1201 1153 εἰπεῖν,
1224 1070 1327 1154 καμό-

165 1201 218 1240 του
234 1175 283 1238 καὶ
298 1181 456 1258 γεωργικῆς
471 1177 672 1248 κακοπαθείας
687 1175 735 1237 ἐπὶ
751 1170 788 1236 τό
801 1176 927 1253 λείψανα
942 1180 994 1255 τῆς
1011 1170 1209 1249 ἀκανθώδους
1225 1171 1328 1240 αῦτοῦ

166 1283 278 1361 σπορᾶς
299 1278 349 1340 καὶ
372 1275 557 1360 ἕρπετοίδους
581 1273 673 1340 αὐτοῦ
698 1280 921 1360 θηριομορφίας
942 1275 1139 1358 ἐλευσόμεθα,
1172 1273 1206 1341 τό
1233 1274 1329 1362 όίγιον

166 1387 280 1462 πνεῦμα
295 1376 482 1460 αἰτησόμενοι
499 1376 579 1463 παροδ
597 1384 727 1462 Χριστοῦ
744 1380 785 1452 είς
797 1375 829 1441 τό
848 1375 886 1443 δι’
901 1375 993 1443 αῦτόῦ
1008 1377 1168 1444 έπισπόσαι
1181 1387 1247 1454 ταῖς
1260 1397 1327 1459 ψυ-

164 1491 229 1565 χαῖς
244 1489 281 1571 τῇ
297 1485 329 1546 έν
345 1488 408 1569 θεῷ
427 1484 599 1568 διδασκαλίρι
616 1482 668 1544 καὶ
683 1487 778 1568 σεμνῷ
794 1478 887 1568 λόγῳ,
919 1482 969 1545 καί
985 1480 1054 1557 τοῦς
1071 1481 1135 1557 ιὀῦς
1149 1477 1327 1548 όνασποίσαι

165 1588 334 1667 δυνηθῆναι
356 1581 415 1648 οίπό
433 1590 491 1649 τῶν
510 1582 605 1659 οὕτως
632 1584 873 1671 1προῃρημένων.
909 1580 1053 1668 ’Ἀρξομαι
1071 1585 1103 1649 δὲ
1121 1581 1327 1669 περὶτούτων

165 1689 255 1772 λέγειν
270 1685 343 1751 κατιί
358 1686 498 1768 διαδοχηυ
515 1691 557 1762 τίς
574 1690 654 1760 τίνος
671 1683 808 1768 διάδοχος
823 1687 971 1771 γεγένηται
988 1693 1047 1751 τῶν
1062 1689 1092 1764 έξ
1108 1682 1201 1752 αῦτοῦ
1219 1683 1326 1771 όρμοο·

165 1792 261 1872 μένων
278 1791 329 1854 καί
348 1790 448 1875 ἑτέραν
465 1787 546 1873 παρὰ
564 1786 616 1871 την
636 1791 747 1853 ἐκείνου
765 1786 880 1872 σπορόν
897 1787 1105 1855 διδασκόντων.
1148 1792 1327 1868 Σεκοῦνδος

164 1897 264 1957 τοίνυν
285 1919 328 1968 τις
350 1894 379 1969 έξ
402 1888 500 1956 ου’τῶν
522 1889 579 1969 ῶν,
614 1893 665 1955 καί
687 1889 892 1977 περισσότερόν
914 1919 940 1956 τι
959 1889 1140 1976 βουλόμενος
1157 1898 1326 1978 φρονῆσαι,

165 1993 332 2076 πάνταμὲν
351 1993 386 2058 τό
408 1993 482 2058 κατοί
504 1992 555 2059 τόν
576 1991 769 2059 Οὐαλεντίνου
788 1996 945 2079 ἐξηγεῖται,
976 1992 1180 2080 περισσότερον
1196 1995 1230 2060 δέ
1247 1989 1327 2079 ἦχον

164 2100 206 2173 είς
226 2094 318 2172 α’κοός
337 2104 396 2161 τῶν
418 2098 695 2182 έμβεβροντημένων
716 2095 860 2178 ἐξήγησιν.
908 2088 1004 2172 Οῦτος
1021 2094 1077 2184 γόρ
1097 2096 1171 2162 κιττοὶ
1192 2093 1327 2164 Οὐαλεν-

163 2209 243 2266 τίνου
260 2198 317 2279 ῶν,
341 2197 381 2275 ῶς
398 2207 557 2284 προεῖπον,
579 2195 654 2282 όπίρ
670 2199 701 2262 δὲ
719 2197 913 2265 Οόαλεντῖνον
927 2207 1062 2283 φρονῶν,
1083 2201 1158 2287 λέγει
1173 2195 1251 2265 είυοιι
1264 2199 1326 2285 τήν

164 2301 285 2387 προότην
297 2299 442 2388 Ὀγδοόδα
462 2300 592 2387 Τετροίδα
608 2299 705 2378 δεξιόν
719 2303 769 2366 καὶ
788 2301 919 2386 Τετρόδα
933 2299 1098 2388 όριστερόν,
1116 2300 1211 2378 οὕτως
1225 2328 1326 2390 παρτι-

164 2402 267 2480 διδοῦς
284 2413 453 2482 καλεῖσθαι,
480 2402 533 2487 τήν
552 2405 605 2486 μίν
620 2408 689 2485 μίαν
708 2410 796 2482 Φῶς,
817 2400 872 2487 την
887 2404 920 2469 δέ
937 2402 1025 2488 ἄλλην
1039 2403 1161 2481 Σκότος.
1209 2403 1274 2489 Ίῆν
1289 2407 1326 2473 δδ

164 2504 334 2573 α’ποστῦσιίν
355 2508 455 2572 τεκαὶ
478 2503 678 2592 όστερήσαοαν
697 2505 825 2590 δύναμιν
844 2505 885 2590 μή
906 2504 981 2572 είναι
1003 2505 1063 2575 οίπό
1079 2515 1139 2573 τῶν
1160 2508 1326 2593 τριάκοντα

164 2607 306 2689 Αίῶνων,
330 2607 426 2674 ῧιίλλολ
443 2607 514 2692 μεταλ
530 2607 600 2685 τοῦς
615 2608 772 2695 τριάκοντα
787 2611 922 2689 Αίῶνας,
945 2607 987 2686 ῶς
1003 2607 1078 2676 εἶναι
1092 2607 1152 2675 όπό
1170 2616 1233 2675 τῶν
1247 2610 1326 2694 ‘m'

164 2711 218 2796 τὴν
230 2711 376 2799 Ὀγδοόδα
391 2709 444 2794 τὴν
459 2709 547 2794 όίλλην
561 2714 716 2797 κατωτέρω
731 2713 903 2797 γενομένων.
947 2712 990 2778 To}
1005 2713 1037 2778 δέ
1051 2711 1147 2778 πάντα
1160 2715 1230 2798 περί
1246 2720 1324 2802 Xon·

166 2822 237 2882 στοῦ
251 2817 301 2880 καλ
317 2822 376 2879 τῶν
393 2811 485 2878 όίλλων
503 2812 659 2899 δογμάτων
673 2811 810 2891 ῶςαότως
824 2822 864 2905 τῷ
880 2818 958 2881 ίδίου
976 2822 1121 2905 3χωρηγρῦ
1135 2816 1184 2881 ίοῦ
1197 2818 1254 2882 καὶ
1267 2820 1323 2885 δυ-

165 2925 233 3003 τῆρι
246 2925 300 2984 τοῦ
314 2921 489 3002 δηλητηρίου
506 2914 688 3006 Οῦαλιντίνιμ
702 2921 872 3003 δογματίζει.
903 2916 961 3000 Μὴ
974 2925 1089 2985 πολλῶν
1104 2919 1136 2983 δέ
1148 2915 1245 2985 όντων
1259 2926 1326 2988 τῶν

164 3017 224 3087 όπό
243 3023 352 3087 τούτου
368 3018 522 3106 διαφόρως
540 3023 801 3103 ξενολεκτουμένων
816 3019 998 3105 όρκεσθῆναι
1013 3021 1066 3104 μὲν
1080 3017 1238 3106 ἡγησαίμην
1255 3026 1325 3091 δεῖν

163 3133 226 3200 τοῖς
243 3125 481 3208 προειρημένοις,
509 3125 607 3205 έχουσι
622 3125 672 3188 καλ
689 3120 740 3204 ἀφ’
755 3126 867 3190 έαυτῶν
884 3122 938 3208 την
953 3120 1139 3210 όνατροπήν,
1167 3122 1280 3207 *ὅμως
1295 3124 1326 3214 γ’

164 3219 219 3295 οὖν
232 3229 283 3293 καί
297 3228 362 3312 περλ
380 3223 471 3291 αῦτοῦ
487 3223 568 3311 όλίγα
582 3228 668 3305 λέξω,
690 3229 740 3290 ἵνα
755 3225 796 3309 μή
812 3225 850 3292 δι’
864 3225 992 3312 οίπορίαν
1008 3227 1282 3312 παραλεληλυδένσι
1294 3254 1326 3297 τι

164 3329 225 3398 κατ’
247 3327 337 3396 αὐτόν
359 3327 445 3407 δόξω.
489 3330 532 3392 Εί
553 3327 608 3415 γόρ
630 3328 771 3413 Τετροίδες
788 3331 880 3407 δεξιαί
897 3330 949 3395 καί
965 3326 1114 3412 εόιόνυμοι
1129 3325 1198 3416 παρ’
1214 3328 1327 3410 αὐτοῖς

163 3433 328 3515 τόσσονται,
352 3429 543 3516 εόρεθήσείαί
557 3458 585 3496 τι
600 3430 775 3513 ζητούμενον
788 3433 878 3513 μέσον
893 3439 948 3498 τοῦ
961 3457 992 3497 τε
1005 3435 1102 3509 δεξιοῦ
1117 3433 1168 3498 καί
1183 3439 1240 3498 τοῦ
1256 3431 1327 3521 ἆρα·

164 3545 281 3621 στεροῦ·
303 3544 364 3602 πᾶν
379 3535 435 3622 γὰρ
453 3533 553 3600 ότιοῦν
570 3532 667 3611 δεξιῶς
683 3538 749 3618 έγον
765 3537 816 3600 καί
832 3532 1002 3619 εὐωνύμους
1019 3534 1115 3613 τάξεις
1131 3536 1222 3619 μέσον
1237 3538 1328 3623 έστη-

168 3664 201 3704 κτ
215 3647 274 3704 τῶν
291 3637 450 3721 εὐωνύμων
466 3634 559 3702 αὐτοῦ
575 3639 625 3701 καὶ
644 3641 761 3714 δεξιῶν·
791 3640 843 3704 καλ
860 3634 994 3720 οὐδαμοῦ
1010 3635 1165 3721 δυνήσεται
1181 3634 1261 3707 εἶναι
1276 3645 1328 3709 δι·

165 3739 212 3819 ξιολ
226 3739 247 3823 ἢ
260 3738 406 3826 δριστερό,
429 3744 456 3805 εί
470 3738 510 3823 μή
526 3766 553 3804 τι
568 3737 605 3804 ῶν
620 3741 652 3804 έκ
665 3744 893 3823 μεσολαβοῦντος
906 3740 1042 3825 σώματος
1056 3743 1196 3828 ἑκατέρου
1210 3743 1329 3831 μέρους

165 3839 185 3926 ἡ
204 3839 348 3927 διάκρισις
369 3845 518 3927 ῡγένηται.
554 3839 631 3927 ’Ἆρα
651 3834 722 3920 οῦν,
751 3840 856 3925 α’νόητε
875 3848 1041 3924 Σεκοῦνδε,
1071 3846 1123 3910 καί
1140 3847 1171 3911 οἱ
1185 3841 1249 3913 σίπό
1268 3869 1329 3917 σου

166 3943 364 4029 ἠπατημένοι,
387 3943 419 4010 τό
437 3950 622 4029 μεσαίτατον,
645 3942 697 4025 ἀφ’
717 3936 809 4030 οῦπερ
827 3948 876 4011 καί
894 3943 1031 4033 οἷριστερό
1047 3950 1096 4013 καλ
1114 3945 1194 4026 δεξιοί
1209 3944 1329 4019 &md-

168 4070 307 4125 τιτουσιν,
330 4047 407 4112 ίσται
425 4049 457 4112 έν
472 4076 515 4128 τι,
545 4049 596 4113 καί
611 4044 648 4112 οῦ
663 4046 819 4132 δυνήσεται
835 4045 986 4135 οίλλότριον
1000 4047 1075 4117 είναι
1089 4055 1143 4116 τοῦ
1157 4047 1226 4128 ένός
1240 4078 1330 4133 τινος

203 4287 259 4338 ειν.
271 4289 289 4335 1,
306 4317 334 4326 -
354 4292 373 4339 1.
389 4289 567 4354 προῃρημένων
581 4295 671 4342 correxi
681 4296 724 4343 Ρι-
758 4295 808 4356 quil
824 4294 1007 4357 Ριιυδο-Οτίγ.
1026 4295 1112 4344 Philas.
1132 4308 1190 4357 μορ.
1207 4290 1266 4349 198.
1286 4298 1328 4351 d.

167 4360 257 4406 ίουίυαι
278 4362 298 4405 ιι
316 4359 455 4407 Camurium
472 4364 576 4421 οισαίυι,
602 4362 642 4422 qui
658 4363 726 4410 υιτίίί
759 4363 817 4411 mu.

169 4423 209 4490 qui
222 4425 395 4491 praeoccupati
407 4435 472 4472 sunt.
509 4427 725 4488 ίυίγοεαίαεεοτδ·
791 4430 816 4480 3.
834 4432 923 4480 sustuli
939 4433 1047 4480 voculam
1063 4431 1101 4497 τῷ
1119 4435 1174 4481 am
1192 4429 1230 4484 λοῦ
1251 4436 1280 4485 {n
1295 4436 1329 4485 ΙΙ·

165 4497 233 4555 μίκτο
250 4498 282 4542 ια
296 4491 488 4558 προειρημένων.
758 4501 920 4561 οεὲτουυιοοι,
934 4513 994 4563 ηυοι
1007 4503 1150 4549 structuram
1161 4502 1328 4562 μιτιυτλιιιῑιοε.

200 4575 225 4629 2
244 4570 307 4631 οἱλλιλ
325 4572 373 4630 ιὶτδ
391 4576 441 4631 τῶν
454 4579 556 4645 καρπῶν
572 4573 669 4643 αίτῶν,
686 4584 723 4631 in·
758 4585 862 4634 Δωιινῐι
877 4588 953 4646 τινα,
978 4586 1004 4634 τί
1019 4583 1106 4647 folior,
1127 4596 1159 4635 τε
1173 4586 1271 4646 mm
1285 4572 1328 4655 γῖ
