3046 5084
405 351 540 404 rinnau
557 352 621 406 mn.
634 354 656 406 1.
670 352 753 406 suu.
766 354 810 406 m.
826 354 926 406 naun.
938 353 1020 406 xnrr.
1229 343 1290 407 623

139 468 189 554 poi
211 488 248 533 ea
267 469 334 534 loos
351 482 521 557 peragrant.
566 469 679 537 Verum
697 484 731 536 ut
747 493 802 537 suo
817 472 909 558 ipsius
926 495 978 538 ore
995 475 1203 539 conducatur:
1235 479 1290 537 Fo-

138 583 212 634 etam
228 585 287 648 est,
320 573 430 658 iuquit,
461 579 493 637 ait
511 594 568 637 unu
584 579 692 638 ᾱιὸνιω
711 578 827 638 dormo
844 579 894 637 r'lIo
915 582 944 638 in
965 580 1080 657 templo,
1111 582 1292 658 quaesierunt

138 678 405 738 castaeorum
427 698 541 753 manau,
574 689 604 740 et
624 683 791 752 timuerunt,
826 688 858 740 ut
873 679 1006 762 sequenti
1027 680 1119 764 eapite
1136 676 1220 742 LIV.
1240 679 1290 740 de·

138 777 276 842 curam.
320 775 415 863 Igitur
433 779 672 864 quemadmodum
692 777 888 844 Hierichunte
908 780 939 842 iu
957 781 1096 866 templum
1115 781 1230 844 venerit
1252 802 1291 844 ex

139 880 241 943 eodem
265 880 315 944 illo
337 881 443 945 itinere
466 903 500 945 ao
522 881 588 946 viae
606 882 762 946 intervallo
782 883 980 973 cognoscitur.
1029 880 1088 947 Sed
1111 905 1146 947 eo
1169 904 1218 947 res
1241 883 1290 946 ad·

137 983 222 1046 ducta
246 994 292 1047 est
314 994 345 1046 ut
363 983 512 1069 improbus
535 984 583 1048 ille
602 992 754 1049 veterator
773 1006 846 1070 quiae
870 986 899 1047 in
922 986 971 1049 ria
990 997 1073 1071 gesta
1093 996 1176 1064 suut,
1211 996 1241 1048 et
1260 986 1288 1048 in

136 1085 243 1170 templo
259 1107 275 1148 a
293 1087 442 1150 salvatore
459 1097 528 1150 aute
548 1086 623 1150 hunc
638 1107 802 1151 sermonem
822 1099 889 1152 sunt
906 1089 1000 1168 diota,
1030 1088 1229 1152 dissimulasse
1246 1089 1290 1151 ri⁴

139 1188 251 1251 tector.
296 1185 463 1270 Nimirum,
486 1195 593 1252 Domus
608 1212 668 1252 meu
683 1194 780 1264 domato
795 1196 931 1253 orutaom's
951 1193 1096 1254 occulitur
1111 1203 1184 1266 ete,
1211 1200 1241 1253 ut
1258 1190 1287 1252 io

135 1289 285 1375 prophetia
308 1291 455 1376 leguntur.

220 1389 322 1458 Sahal.
339 1391 425 1458 LIV.
457 1399 498 1458 Et
511 1401 694 1477 amotarum
713 1400 828 1460 miseere
848 1419 947 1459 murm
968 1402 997 1458 r‘n
1019 1401 1116 1472 illum,
1141 1409 1171 1459 et
1191 1403 1288 1461 tumue-
1302 1414 1395 1471 cuono,
1409 1420 1439 1462 ra.

134 1507 211 1557 runt.

218 1597 320 1665 nato.
337 1600 424 1666 LIV.
458 1598 544 1683 Quae
562 1602 598 1664 ad
615 1600 692 1664 hune
708 1601 804 1665 Iocum
822 1613 971 1688 spectant,
1003 1624 1038 1665 ea
1058 1602 1192 1688 proxima
1208 1605 1287 1667 relu-

135 1700 246 1765 tatione
267 1725 331 1768 cum
354 1704 417 1790 ipsa
440 1703 574 1788 loquendi
596 1703 711 1767 ratione
733 1725 818 1788 quarn
843 1705 907 1768 lieri
931 1706 1022 1790 potuit
1042 1706 1215 1771 brevissime
1235 1728 1287 1769 ex-

134 1823 224 1886 pensa
245 1818 315 1869 suot
336 1819 367 1872 at
389 1807 547 1894 explicata.

219 1904 320 1973 Schol.
337 1908 407 1974 LV.
440 1906 513 1973 Item
534 1908 615 1973 illum
632 1907 749 1972 induxit
767 1907 879 1988 locum,
911 1931 967 1993 quo
990 1911 1026 1973 dc
1045 1910 1105 1973 rite
1123 1911 1171 1974 illa
1189 1911 1285 1994 agitur
1300 1927 1355 1972 roro.
1368 1931 1388 1973 s.

134 2011 271 2095 agricolis
292 2012 398 2078 locata.
443 2011 542 2096 Atque
559 2011 614 2074 lroc
630 2010 766 2096 iusupera
792 2015 866 2089 Quid
879 2023 922 2072 est
933 2017 1034 2093 igitar,
1059 2018 1192 2094 Lopirtem
1207 2036 1284 2095 quem
1300 2031 1356 2074 ιιιι.
1370 2036 1400 2077 ιι.

133 2116 357 2194 reproboumuot
374 2116 578 2197 oedificantes?

215 2215 318 2281 Ilclut.
339 2215 409 2283 LV.
443 2215 526 2281 Nihil
552 2217 583 2280 id
609 2215 724 2302 quidem
751 2237 860 2281 nocere
886 2217 971 2281 nohis
997 2228 1103 2302 potest.
1154 2217 1286 2283 Tametsi

132 2317 209 2382 enIm
224 2319 320 2384 locum
335 2321 423 2384 istam
439 2319 603 2398 exemerit,
627 2340 686 2382 non
705 2318 763 2382 ullo
779 2318 807 2382 id
826 2329 928 2383 nostro
946 2320 1050 2383 damno
1068 2322 1201 2400 sustulit,
1232 2323 1284 2384 sed

131 2420 187 2484 silai
211 2421 266 2508 ipsi
291 2423 410 2508 suisque
433 2421 528 2486 fraudi
550 2422 647 2508 potius
670 2420 734 2485 luit.
781 2416 987 2506 Compluribus
1011 2423 1088 2487 enim
1111 2424 1286 2488 testimoniis

131 2523 203 2587 satis
224 2545 370 2610 superque
392 2525 547 2590 refellitur.

215 2624 317 2691 Schol.
338 2624 422 2691 LVI.
456 2625 677 2693 Delevitilludc
712 2631 783 2705 Qurit
802 2648 866 2687 vero
883 2633 1171 2709 mortut'resurguat,
1203 2632 1398 2708 Moy-maa.

130 2751 177 2790 ser
192 2734 313 2792 ostendit
326 2753 408 2793 secus
424 2732 540 2806 rodum,
565 2734 642 2792 scrut
654 2733 727 2791 dicit
738 2733 878 2790 domatum
895 2734 976 2792 &aar
991 2733 1135 2806 Abroom,
1159 2735 1242 2793 Isuuo
1258 2745 1286 2792 et

131 2833 225 2893 Iacob.
272 2837 348 2895 Deus
369 2845 462 2895 autem
483 2837 688 2908 osroenorum,
712 2855 767 2893 non
789 2843 972 2894 mortuoram.

214 2933 318 2999 Relut.
335 2932 421 2999 LVI.
457 2936 654 3000 admirandus
676 2935 762 3019 plum
783 2933 878 2998 insani
902 2935 1027 3000 hominis
1049 2947 1161 3022 stupor.
1207 2934 1285 3019 Quid

131 3036 230 3101 enim?
271 3035 341 3101 Nou
363 3038 434 3102 illud
457 3037 700 3102 animadvertisse
723 3057 775 3123 par
798 3036 874 3101 istud
892 3058 958 3102 esse
976 3039 1172 3103 testimonium
1191 3039 1283 3102 altero

129 3137 171 3202 itu·
195 3140 231 3203 de
252 3140 387 3204 mendico
404 3138 541 3221 Lazaro,
571 3161 626 3204 uec
648 3161 707 3204 nou
730 3151 760 3202 et
781 3160 882 3203 corum
903 3141 1057 3225 parabolae
1078 3141 1182 3225 quihus
1199 3141 1283 3224 regni

130 3241 226 3306 aditus
245 3242 467 3308 intercluditurl
511 3241 643 3326 Quarum
667 3242 782 3328 quidum
802 3243 1003 3328 parabolarum
1023 3243 1162 3327 reliquias
1181 3264 1282 3306 serva-

128 3343 189 3424 vit,
219 3365 274 3409 nec
295 3347 403 3410 utalia
425 3346 562 3431 pleraque
585 3345 713 3410 sustulit.
759 3342 803 3409 Ita
825 3365 937 3408 summu
960 3367 1013 3409 soa
1036 3367 1101 3408 cum
1123 3344 1282 3428 ignominia

130 3447 221 3511 verda
242 3448 292 3512 illa
315 3449 485 3534 dereIIquilt
516 3452 581 3510 Illic
604 3453 662 3510 erit
672 3453 765 3533 fletur
785 3460 814 3511 et
833 3453 941 3510 stridor
961 3452 1094 3510 dentium.
1142 3443 1282 3511 Ceterum

129 3550 204 3633 quod
228 3560 259 3614 et
274 3551 381 3635 digitus
404 3562 470 3636 post
485 3550 596 3614 obitum
618 3551 648 3614 in
667 3571 769 3636 aquam
787 3550 986 3635 immergitur,
1018 3564 1048 3614 et
1063 3571 1138 3634 aqua
1155 3550 1281 3634 linguam

128 3652 304 3736 refrigerat,
330 3653 370 3717 uti
392 3655 427 3718 de
444 3651 564 3718 Lazaro
583 3655 666 3720 dives
683 3654 832 3718 Abraamo
848 3653 977 3733 dicebat,
1002 3653 1135 3737 quodque
1153 3653 1281 3716 dentium

127 3753 238 3818 stridor
255 3767 302 3822 est
319 3777 355 3820 ac
373 3757 475 3835 fletus,
507 3767 681 3842 argumento
700 3767 747 3821 est
764 3757 1010 3821 resurrectionem
1030 3777 1097 3821 esse
1114 3777 1280 3841 corporum,

128 3858 315 3941 quantumvis
329 3879 364 3923 ea
382 3880 457 3944 quae
471 3859 507 3922 de
525 3870 705 3924 mortuorum
724 3859 941 3924 resurrectione
957 3881 1027 3924 vere
1043 3869 1113 3923 suut
1129 3880 1147 3921 a
1165 3857 1281 3923 domiuo

127 3959 240 4043 prolata
261 3982 350 4045 prcus
372 3961 422 4025 illa
444 3962 606 4026 sustulerit.

216 4061 317 4128 Sobol.
337 4061 439 4127 LVII.
472 4061 534 4129 Ista
558 4086 673 4150 quoque
696 4063 907 4150 praetermisit:
942 4070 1014 4144 (loto
1042 4089 1107 4127 aero
1130 4076 1283 4144 resurgunt

127 4171 234 4228 mortui
250 4178 280 4228 et
294 4170 408 4248 Moyses
426 4171 547 4229 ostendat
563 4172 676 4243 means,
708 4171 788 4229 desim
805 4168 949 4243 Adimam,
981 4181 1009 4231 et
1027 4173 1106 4231 dercon
1124 4174 1221 4243 Isaac,
1254 4179 1282 4228 et

126 4271 206 4330 &um
228 4271 328 4343 Iacob,
353 4273 433 4331 deum
455 4274 589 4331 rarorum.

209 4369 313 4436 Relut.
329 4369 429 4436 LVII.
463 4368 609 4454 Quoniam
627 4371 672 4436 Itis
690 4372 791 4436 eadem
809 4393 826 4436 a
842 4371 988 4436 salvatore
1004 4373 1127 4459 repetita
1142 4373 1280 4459 parabola
1395 4388 1400 4395 ’

127 4485 190 4555 est,
219 4473 287 4539 ideo
304 4474 350 4540 Itis
370 4496 435 4539 eum
454 4473 674 4560 proposuImus,
706 4495 744 4541 ne
763 4486 794 4539 ut
809 4475 1057 4540 circumforaneus
1075 4475 1132 4541 iste
1148 4473 1277 4553 Marcio,

158 4607 200 4663 29.
218 4613 298 4675 snpra
315 4608 413 4672 καθώς.
