3046 5084
289 333 349 396 290
712 342 1017 393 ειιιοτιοιιιιιιαιι

289 460 388 544 φήσας
400 457 480 547 αὐτῷ
495 457 517 536 όΙ
527 457 600 535 θεός
614 456 675 524 κατ’
693 462 864 541 ἐπιτίμησιν,
890 456 1045 542 Πάροικον
1059 458 1139 520 ἔσται
1151 453 1184 520 τδ
1200 457 1317 542 σπέρμα
1334 478 1389 523 σου
1408 459 1443 524 έν

289 570 325 652 γῇ
344 562 493 648 ἀλλοτρία,
523 564 574 626 καὶ
589 559 863 626 καταδουλώσουσιν
881 557 976 624 3αιίτδ
994 562 1043 641 έτη
1058 556 1246 644 τετρακόσια,
1275 557 1444 640 ἀσφαλείας

169 705 218 750 pag.
234 692 277 736 τοι.
291 668 374 730 ἕνεκα
393 662 442 728 διά
457 663 508 728 τόν
521 662 690 748 δισταγμὸν,
713 662 749 728 δι’
765 662 800 728 δν
815 660 904 742 εἶπεν,
927 665 970 726 Εἰ
983 669 1022 749 τῷ
1038 662 1259 727 έὲκατονταὲτει
1274 661 1342 738 νίδς
1356 663 1444 748 γενή-

289 790 381 832 σεται·
403 770 453 830 ἵνα
469 763 508 848 μή
522 766 749 831 καταδουλωθὲν
764 763 795 830 τό
811 767 926 850 σπέρμα
939 761 1000 829 όπδ
1015 767 1229 848 είδωλολατρῶν
1241 763 1445 851 καὶιάπίστων

289 874 461 955 Αἰγυπτίων
477 867 652 951 ἐπιλάθηται
666 873 742 933 θεοῦ
760 874 817 932 τῶν
835 869 970 951 πατέρων
989 864 1097 945 αὐτοῦ,
1127 869 1273 948 ἐπέθηκεν
1290 865 1371 957 αὐτῷ
1386 872 1443 935 καί

288 971 389 1047 αὐτοῖς
409 970 463 1053 τήν
482 974 623 1054 ένσαρκον
642 969 800 1055 περιτομήν
807 1021 815 1048 ,
844 972 895 1034 λ’να
914 966 1040 1054 δρῶντες
1057 966 1357 1052 ὑπομιμνήσκονται,
1387 975 1443 1037 καί

287 1081 494 1151 δυςωπῶνται,
523 1076 574 1137 καὶ
598 1072 638 1155 μή
664 1071 811 1158 ἀρνῶνται
832 1069 931 1136 αάτόν.
977 1073 1037 1135 Καί
1055 1069 1205 1156 διήρκεσεν
1222 1070 1287 1156 ἀγρι
1308 1079 1443 1158 Χριστοῦ

287 1185 389 1241 τοῦτο·
407 1178 459 1239 καί
473 1174 583 1239 τούτου
597 1178 681 1240 ἕνεκα
693 1176 744 1239 καί
759 1171 848 1248 αὐτός
861 1171 979 1238 εὐδοκεῖ
990 1181 1215 1258 περιτμηθῆναι.
1244 1176 1303 1240 Καί
1319 1174 1441 1259 ἀνθρω-

289 1305 346 1353 πυς
363 1281 480 1362 γέγονεν
495 1280 527 1342 έν
542 1275 675 1365 ἀληθείᾳ,
697 1275 816 1341 ἀνωθεν
830 1275 926 1340 έλθῶν
941 1279 972 1341 ἐκ
989 1274 1100 1362 πατρός
1113 1275 1187 1352 θεός
1199 1274 1293 1362 λόγος,
1315 1280 1366 1343 καί
1383 1278 1442 1346 οὖιι

288 1379 475 1461 ἀποθέμενος
491 1378 545 1461 τήν
560 1379 703 1462 θεότητα,
726 1377 795 1443 ἀλλά
813 1377 907 1463 σάρκα
926 1380 1055 1462 φορέσας
1073 1382 1105 1442 έν
1122 1377 1262 1467 ἀληθεία,
1284 1384 1393 1445 τελείαν
1411 1408 1442 1447 τε

290 1481 517 1565 ένανθρῶπησιν
534 1484 621 1565 ἔχων,
652 1484 866 1567 περιτέμνεται,
896 1478 933 1545 τοὶ
950 1479 1047 1545 πάντα
1065 1485 1230 1563 οἰκονομῶν
1251 1484 1283 1547 έν
1301 1480 1441 1572 ἀληθείᾳ,

288 1589 338 1649 ἵνα
353 1586 404 1648 καὶ
417 1581 573 1663 Ἰουδαῖοι,
602 1582 642 1660 ῶς
658 1592 816 1670 προεῖπον,
842 1581 1055 1668 ἀναπολόγητοι
1072 1581 1169 1663 ὄντες,
1195 1585 1244 1649 καί
1263 1591 1441 1669 Μανιχαῖοι,

292 1690 343 1752 καί
360 1685 442 1750 ἀλλοι
461 1685 702 1772 έλεγχθήσωνται,
733 1689 783 1750 καί
800 1689 850 1750 ’ίνα
867 1687 1059 1770 περιτμηθεὶς
1077 1684 1204 1772 εὐλόγως
1220 1686 1369 1778 καταλόση
1386 1688 1444 1774 τήν

294 1785 468 1875 περιτομήν,
490 1791 542 1853 καί
556 1787 645 1871 ἀλλην
659 1793 774 1872 μείζονα
789 1791 884 1877 δείξη,
906 1785 959 1871 οάγ
975 1785 1016 1863 ῶς
1029 1785 1071 1870 μή
1085 1791 1172 1871 ἔχων,
1194 1790 1244 1855 καί
1259 1791 1356 1879 έαυτιγῖ
1371 1812 1443 1857 συν-

295 1890 463 1972 ιστάμενος,
492 1888 561 1954 ἀλλά
586 1894 658 1974 ἔχων
680 1892 744 1973 μὲν,
774 1889 887 1966 δεικνδς
910 1892 942 1956 δέ
963 1889 1007 1956 ὅτι
1029 1888 1137 1973 ταύτης
1154 1888 1251 1957 οάκέτι
1271 1894 1331 1957 έστί
1347 1898 1443 1979 χρεία,

295 1991 365 2057 ἀλλά
385 2000 438 2075 τῆς
458 1997 593 2074 μείζονος.

143 2114 209 2183 Κεφ,
228 2111 277 2168 25,
381 2098 441 2160 Καὶ
459 2095 505 2161 ὅτι
522 2096 574 2177 μέν
591 2090 684 2172 εάθδς
699 2098 852 2182 γεννηθείς
868 2093 941 2171 θεδς
957 2088 1011 2179 ἦν,
1041 2097 1090 2160 καλ
1109 2092 1145 2160 οά
1162 2094 1251 2178 ψιλός
1266 2095 1442 2184 ἅνθρωπος,

295 2201 326 2263 οί
344 2198 449 2284 Μάγοι
470 2206 573 2280 σαφῶς
591 2203 725 2277 δείξουσι.
769 2197 857 2263 Μετά
876 2197 931 2284 γάρ
950 2196 1005 2263 δόο
1024 2200 1098 2263 έτῶν
1116 2196 1238 2283 χρόνον,
1268 2196 1310 2276 ῶς
1326 2202 1443 2279 ἔδειξαν

294 2308 335 2389 τῷ
349 2297 465 2390 Ἡρώδη
480 2301 532 2367 τόν
544 2300 650 2387 χρόνον
664 2308 717 2367 τοῦ
733 2299 863 2386 ἀστέρος,
881 2298 940 2366 ἀπδ
957 2304 1070 2376 διετοῦς
1083 2302 1133 2365 καί
1147 2302 1312 2389 κατωτέρω,
1334 2303 1440 2371 ίλδόυ·

295 2429 341 2479 τες
356 2406 397 2479 εἰς
409 2400 610 2490 Ἰερουσαλήμ,
632 2406 682 2469 καί
697 2402 892 2489 ἐρωτήσαντες
907 2406 938 2467 οί
950 2401 1033 2469 αάτοί
1051 2401 1170 2487 Μάγοι,
1192 2406 1243 2469 καί
1259 2403 1377 2491 γνόντες
1390 2405 1438 2472 δτι

297 2508 327 2570 ἐν
341 2507 474 2590 Βηθλεὲμ
493 2505 619 2593 Χριστός
635 2513 784 2591 γεννᾶται,
813 2508 938 2588 ἐξῆλθον
953 2504 1043 2571 πάλιυ
1058 2512 1112 2572 τοῦ
1126 2503 1247 2593 ἀστέρος
1260 2504 1442 2593 ὁδηγοῦντες

295 2605 412 2687 αὐτοῖς,
442 2611 493 2673 καί
512 2603 608 2691 ἦλθον
630 2606 688 2673 ἀπδ
706 2605 913 2694 Ἱεροσολύμων
932 2612 973 2685 εἰς
991 2610 1135 2692 Βηθλεέμ.
1180 2611 1242 2675 Καί
1261 2607 1439 2687 είςελθόντες

293 2704 381 2795 εὗρον
396 2709 486 2776 αάτδν
501 2709 572 2792 μετά
586 2717 639 2793 τῆς
653 2709 762 2797 μητρός
778 2708 870 2776 αάτοῦ
886 2716 1024 2802 Μαρίας,
1045 2713 1098 2777 καί
1112 2709 1250 2789 πεσόντες
1261 2707 1438 2798 προςειιόνη-

295 2835 349 2876 σαν
366 2810 459 2901 αὐτῷ,
481 2815 531 2877 καὶ
546 2812 747 2898 προςήνεγκαν
762 2812 798 2877 τά
814 2817 902 2900 δῶρα.
947 2816 989 2879 Et
1001 2819 1101 2881 τοίνυν
1117 2811 1211 2891 εάθδς
1224 2824 1441 2902 προςιιυνεῖται,

296 2912 332 2979 οά
353 2913 441 2995 ψιλός
459 2913 619 3001 ἀνθρωπος
636 2912 655 2981 δ
673 2918 840 3001 γεννηθείς,
870 2914 940 2982 ἀλλά
960 2916 1045 2994 θεός·
1075 2920 1126 2983 καί
1141 2915 1179 2982 οά
1195 2915 1267 3001 μετά
1284 2916 1442 3005 τριήκοντα

296 3019 361 3100 έτη,
391 3019 440 3082 καί
460 3015 496 3082 οά
513 3016 584 3099 μετοί
598 3016 631 3082 τό
649 3017 801 3102 βάπτισμα
819 3017 947 3104 Χριστός
963 3025 1086 3106 γίνεται,
1115 3018 1186 3085 ἀλλά
1203 3017 1297 3098 εάθδς
1312 3020 1443 3107 Χριστός

296 3119 441 3206 ἐγεννήθη
457 3119 515 3186 ἀπό
533 3125 657 3207 Μαρίας
669 3123 825 3208 παρθένου
839 3121 913 3199 θεδς
926 3125 977 3187 καί
992 3120 1161 3208 ἄνθρωπος.
1205 3121 1261 3189 Διδ
1278 3124 1327 3189 τιαί
1344 3126 1378 3189 σί
1390 3121 1445 3211 ι’ίγ-

295 3231 372 3308 γελοι
390 3221 484 3299 εάθδς
497 3221 640 3304 ἀμνοῦσι,
668 3226 814 3310 λέγοντες,
845 3224 927 3302 Δόξα
944 3228 975 3291 έν
991 3223 1129 3307 δψίστοις
1145 3232 1224 3314 θεῷ,
1252 3226 1303 3290 καί
1320 3227 1371 3291 ἐπὶ
1385 3234 1446 3311 γῆς

296 3325 398 3412 είρήνη
406 3378 415 3408 ,
438 3329 469 3391 έν
484 3324 659 3412 ἀνθρώποις
673 3326 806 3409 εὐδοκία,
829 3330 881 3393 καί
895 3325 1121 3415 εάαγγελίζονται
1135 3327 1205 3405 τυάς
1218 3328 1373 3410 ποιμένας,
1395 3332 1445 3394 λέ·

296 3456 405 3514 γοντες,
425 3427 587 3516 Ἐηεννήθη
601 3427 672 3513 ήμῖν
688 3430 817 3516 Χριστός
829 3431 933 3518 κάριος
947 3430 1074 3518 σήμερον
1089 3434 1121 3498 ίν
1134 3428 1216 3497 πόλει
1229 3432 1334 3513 Δαβίδ.
1380 3435 1445 3497 Καὶ

296 3531 333 3596 οά
347 3532 439 3614 μόνον
455 3541 557 3611 τοῦτο,
580 3526 604 3597 ῶ
620 3530 785 3617 ήπατημένε
797 3531 919 3617 Ἐβίων,
942 3538 1103 3614 δείκνυται,
1126 3531 1197 3601 ἀλλά
1211 3534 1264 3600 τεαὶ
1276 3530 1335 3599 ἀπό
1350 3535 1443 3600 δωδε·

285 3634 417 3711 Ικαετοῦς
432 3633 594 3722 εδρίσκεται
612 3636 783 3720 καθήμενος
799 3634 946 3720 ἀναμέσον
963 3643 1022 3703 τῶν
1039 3639 1141 3723 ίερέων
1157 3639 1209 3704 καί
1225 3636 1444 3723 πρεσβυτέρων,

175 3769 225 3815 μς.
239 3758 282 3803 τοι.
297 3736 412 3819 ἐρωτῶν
428 3736 551 3818 αάτοδς,
573 3741 624 3804 καί
641 3747 733 3823 ζητῶν
750 3737 809 3822 μετ’
823 3737 936 3820 αδτῶν,
958 3743 1009 3805 καὶ
1026 3738 1228 3824 ἐξεπλήττοντο
1244 3741 1295 3806 ίπί
1309 3746 1351 3829 τῷ
1365 3738 1446 3830 λόγῳ

296 3843 347 3919 τῆς
361 3836 488 3924 χάριτος,
506 3849 547 3930 τῷ
563 3845 786 3933 ἐκπορευομένῳ
803 3845 836 3909 έιι
850 3850 904 3908 τοῦ
918 3841 1061 3926 στόματος
1076 3841 1179 3909 αδτοῦ.
1219 3844 1281 3908 Καί
1292 3838 1358 3925 οάχί
1372 3840 1447 3925 μετά

295 3937 327 4004 τδ
344 3941 515 4025 τριακοστόν
528 3946 593 4021 έτος
608 3948 700 4012 έποίει
712 3953 815 4026 τοῦτο,
835 3948 887 4011 ἰ’να
900 3950 987 4036 εἴπης
1007 3944 1054 4013 ὅτι
1071 3942 1123 4027 ἀφ’
1139 3938 1177 4012 οδ
1189 3937 1265 4029 ήλθε
1279 3942 1312 4010 τδ
1328 3951 1449 4029 πνεῦμα

296 4045 337 4118 είς
361 4040 450 4108 αάτδν
474 4045 601 4129 Χριστός
620 4050 746 4134 ἐγένετο,
775 4047 846 4114 ἀλλά
867 4046 961 4125 εάθδς
982 4046 1041 4114 ἀπδ
1064 4052 1279 4127 δωδεκαετοῦς,
1308 4043 1352 4122 ῶς
1371 4072 1449 4135 προ-

295 4153 395 4226 εῖπον,
426 4143 466 4222 ῶς
483 4148 640 4234 γέγραπται
664 4154 697 4218 έν
718 4159 760 4243 τῶ
778 4151 854 4219 κατά
872 4156 998 4219 Λουκᾶν
1017 4149 1183 4241 εάαγγελίρτ.
1223 4146 1307 4215 Ἀλλά
1327 4149 1380 4213 καί
1403 4152 1451 4217 ίτε

327 4338 352 4391 3.
371 4332 431 4391 αδτδ
448 4343 541 4402 reposui
554 4356 584 4391 ετ
598 4343 648 4391 cod,
661 4346 767 4407 λλλεδίς,
782 4360 851 4397 αισα
885 4344 991 4397 vitutem
1007 4343 1112 4413 adigunt
1129 4343 1209 4412 ἰριοιιτ
1227 4357 1274 4410 ρει
1292 4356 1373 4392 tuno·
1390 4350 1449 4395 λιε-

291 4409 428 4470 ροιιαλοιιιε.
453 4411 518 4457 Εδλιι·
531 4411 585 4458 libri
599 4410 682 4461 habent
694 4405 772 4465 αάτῶ.
802 4416 851 4465 Sed
886 4425 979 4467 οειιεοι.

294 4477 421 4527 Carnarius
437 4482 496 4527 τιτλε
513 4480 581 4527 υττλιλ
597 4478 694 4530 λαλλιιι.Ι
711 4491 737 4532 et
749 4468 778 4531 'in
794 4498 850 4532 ser-
917 4481 943 4536 4.
958 4486 1023 4535 Libri
1038 4486 1110 4549 υυλρο
1126 4494 1204 4535 mm
1220 4476 1398 4549 διιττσιταέτη.
