3046 5084
392 347 528 400 rinnau
546 348 608 401 nun.
622 350 642 399 ι.
658 349 739 400 nou.
752 349 797 401 ιιι.
813 349 913 401 naen.
927 349 1007 401 xnn.
1216 339 1277 401 609

126 463 253 530 Possunt
276 475 306 529 et
324 466 477 532 innumera
500 466 554 532 alia
572 487 766 553 percensere,
799 489 863 532 oum
884 469 1056 553 praesertim
1073 489 1089 533 a
1108 468 1224 532 domiuo
1240 469 1278 533 sit

131 569 256 646 dictum,
279 573 316 630 Si
327 574 424 649 Mopsi
437 575 604 644 crederetis,
629 574 780 632 crederetis
786 573 915 653 forsitan
929 584 958 632 et
970 573 1047 632 ma'di.
1093 576 1135 632 De
1150 594 1193 632 me
1207 576 1428 648 estimandum.

127 673 179 732 itte
198 675 325 752 saniant.

213 770 315 838 Schol.
333 771 485 838 XXVHI.
518 771 647 855 Deerat,
671 781 823 857 Propterea
839 789 869 837 et
883 781 1018 856 soprentr'a
1036 779 1083 836 dei
1095 780 1184 848 dabat,
1209 780 1278 836 Mit-
1291 788 1345 834 nae.
1355 790 1386 845 ιι,
1398 791 1429 833 ιιι.

128 887 183 937 tom
199 881 238 939 od
254 879 319 938 illas
329 880 498 958 propbetas,
532 889 562 940 et
579 879 615 941 de
631 880 773 962 sauguine
791 877 955 942 Zachariae
973 889 1003 942 et
1017 877 1094 941 Abel
1111 890 1140 942 et
1156 879 1278 962 propbe-

128 988 241 1058 tarum‚
267 983 402 1057 Quoniam
424 984 587 1060 requirerer
606 1003 623 1042 a
643 987 826 1061 generatione
845 985 908 1042 bae.

212 1079 314 1145 natur.
331 1078 482 1145 XXVIII.
518 1080 678 1147 Enimvero
699 1104 840 1147 summam
864 1083 909 1146 bic
930 1083 999 1162 tibi,
1030 1080 1163 1161 Marcio,
1195 1084 1276 1147 loeus

126 1183 315 1266 ignominiam
331 1183 437 1262 inurit,
463 1205 527 1247 oum
547 1186 680 1249 veritatis
697 1186 790 1249 adhue
806 1186 920 1270 integra
938 1188 1029 1248 iorrna
1047 1185 1148 1248 relicta
1165 1186 1220 1264 sit,
1244 1208 1278 1248 ae

127 1287 225 1350 inrtim
247 1308 264 1350 a
288 1297 316 1350 te
332 1287 446 1351 sublata
465 1287 651 1372 mutilataque
670 1288 734 1353 loca
753 1289 835 1352 saeida
854 1289 1054 1374 reperiantur,
1085 1309 1118 1351 ao
1137 1309 1210 1372 quae
1230 1289 1279 1351 de-

128 1399 212 1468 sunt,
235 1389 265 1452 in
281 1387 435 1473 Evangelii
452 1391 610 1453 seeundum
626 1387 737 1454 Lucani
754 1391 969 1475 exemplaribus
983 1391 1117 1475 legantur
1131 1389 1276 1470 omnibuS,

128 1502 161 1555 ot
182 1511 256 1575 quae
278 1491 330 1555 abs
352 1502 382 1555 te
402 1502 472 1556 sunt
492 1493 659 1557 interversa
676 1495 851 1578 prodantur.

213 1589 314 1658 Sabat.
332 1591 457 1658 XXIX.
490 1599 560 1657 Bieo
581 1607 673 1658 autem
695 1602 793 1658 benabab
813 1602 895 1670 meib,
927 1599 1023 1657 Nolite
1045 1601 1142 1659 ttinere
1162 1620 1208 1659 eus
1230 1603 1281 1678 qui
1291 1613 1347 1669 cap.
1356 1615 1388 1668 ιι,
1397 1616 1416 1657 ι.

127 1699 260 1759 madunt
274 1718 392 1776 corpas:
426 1702 518 1758 teinete
533 1719 599 1759 vero
617 1720 695 1773 eum,
726 1704 778 1779 qui
788 1711 935 1780 postquam
953 1702 1091 1759 occiderit
1104 1702 1188 1760 babet
1199 1712 1277 1779 pote·

126 1811 225 1860 statem
239 1785 369 1860 mittendi
380 1804 409 1860 in
425 1804 572 1861 Geennam.
604 1797 670 1863 Neo
687 1799 810 1863 babebat
825 1801 911 1863 ittud:
932 1804 1032 1862 Nonne
1047 1806 1168 1882 pariaque
1180 1824 1277 1882 passe-

127 1924 173 1964 res
188 1915 307 1964 aeneam
322 1906 478 1985 dupondio,
503 1916 530 1964 et
545 1888 674 1964 sanuses
691 1897 821 1964 illistron
842 1915 885 1964 est
903 1909 931 1963 in
948 1905 1084 1964 obliuione
1101 1925 1195 1964 eoram
1211 1907 1277 1964 dei?

211 2107 313 2172 fleiut.
329 2105 453 2171 XXIX.
487 2106 570 2172 Haeo
590 2108 651 2192 ipsa
669 2107 776 2172 verba:
809 2114 878 2169 Dico
894 2131 946 2188 ego
963 2114 1059 2169 amieis
1076 2113 1158 2181 meas,
1183 2111 1279 2169 Nolite

128 2217 227 2274 tinere
241 2234 289 2273 eas
304 2217 355 2292 qui
366 2216 496 2273 recedant
509 2233 627 2292 eorpus:
660 2216 748 2273 tabrr‘te
764 2233 829 2272 oero
843 2233 904 2272 eum
920 2216 972 2291 qui
981 2223 1128 2292 postquam
1144 2214 1279 2272 ooer'derr‘t

127 2336 230 2395 eorpus
248 2315 331 2376 habet
341 2326 507 2395 potestatem
523 2318 652 2376 mittendi
663 2320 782 2377 ιιιιίιιιιιιιι
798 2319 827 2376 ιἰι
844 2319 996 2387 Geennarn,
1021 2312 1175 2398 parabolae
1192 2315 1277 2376 etiam

127 2416 239 2502 reliqna
256 2416 340 2480 fateri
358 2427 387 2479 te
401 2427 520 2500 angunt.
566 2415 685 2481 Etenim
698 2418 762 2480 sine
778 2416 822 2480 dei
839 2428 911 2480 nutu
927 2416 996 2479 nibil
1012 2416 1131 2479 οιιιιιίιιο
1146 2417 1277 2500 geritur,

127 2519 259 2604 quamvis
277 2519 353 2603 quod
369 2518 408 2582 da
423 2514 591 2603 passeribus
604 2520 744 2605 seriptum
759 2530 805 2583 ast
821 2521 950 2583 auferas.
997 2514 1089 2602 igitur
1103 2519 1137 2580 de
1152 2518 1188 2582 iis
1205 2538 1279 2603 quae

125 2622 157 2686 in
173 2621 228 2685 bas
243 2621 389 2686 sententia
403 2621 539 2685 dionntnr
555 2623 700 2686 reddenda
717 2621 767 2684 tibi
783 2622 857 2684 ratio
873 2633 934 2700 est,
959 2616 1119 2686 oMareio.
1164 2622 1210 2685 Aa
1228 2643 1278 2685 ve·
1373 2706 1376 2711 ι

127 2723 177 2788 lim
195 2723 265 2788 mibi
282 2725 461 2808 respondeas
483 2725 550 2809 quid
575 2725 610 2788 de
630 2745 666 2787 eo
682 2744 805 2787 censeas
825 2725 872 2808 qui
892 2736 1064 2810 potestatem
1084 2725 1191 2788 babere
1209 2724 1279 2787 diri-

128 2838 185 2891 tor.
230 2823 264 2891 Si
283 2826 360 2890 enim
380 2837 490 2913 patrem
510 2828 590 2892 ilium
608 2824 719 2892 Christi
742 2847 809 2891 esse
829 2828 958 2906 dixeris,
990 2829 1169 2913 eundemque
1193 2848 1278 2911 quern

128 2940 158 2994 tn
175 2929 284 2994 bonum
302 2950 370 2995 esse
388 2931 472 2994 deum
489 2932 654 3016 praedicas,
678 2929 734 2994 etsi
752 2930 827 2993 male
842 2940 871 2994 tu
890 2931 1003 3014 quidem
1019 2953 1156 3016 separas,
1181 2942 1278 2994 tamen

128 3033 262 3117 quoniam
280 3042 424 3116 potestate
440 3028 587 3117 p‘raeditus
602 3043 657 3112 est,
681 3033 806 3097 iudicem
823 3054 889 3097 esse
904 3034 1064 3112 aorrdteris,
1089 3033 1137 3119 qui
1152 3056 1205 3118 pru
1219 3055 1279 3096 me-

126 3133 191 3199 ritis
205 3134 267 3199 suis
282 3136 504 3220 unumquodque
519 3145 699 3221 compenset.
733 3136 794 3199 Aut
806 3135 830 3199 si
845 3137 932 3200 alium
949 3158 1014 3200 asse
1030 3138 1191 3221 qnempiam
1207 3137 1280 3200 indi·

127 3259 195 3316 oas,
226 3238 406 3302 conditorem
425 3239 554 3316 seilicet,
585 3260 669 3323 quem
688 3251 717 3302 tu
736 3238 851 3326 proprie
867 3238 989 3301 iudicem
1008 3239 1179 3317 constituis,
1205 3241 1278 3302 redo

127 3342 192 3424 qais
215 3341 241 3404 ei
262 3351 435 3426 potestatem
457 3341 646 3406 commiserit.
692 3339 777 3404 Hane
799 3342 875 3404 eninr
899 3343 923 3405 si
945 3342 1030 3405 habet
1049 3342 1111 3427 ipse
1130 3362 1182 3426 per
1197 3362 1276 3419 sese,

126 3464 249 3528 magnas
267 3443 365 3528 atiquo
380 3454 442 3523 est,
468 3466 502 3507 ae
520 3454 663 3529 potestate
678 3439 838 3530 praeditus.
886 3442 971 3526 Quod
989 3446 1013 3507 si
1029 3444 1174 3507 iudicandi
1189 3464 1278 3529 penes

127 3567 192 3609 eum
211 3546 333 3610 iaeuitas
353 3557 416 3627 est,
449 3547 506 3610 erit
527 3557 558 3610 et
576 3547 725 3614 servandi.
772 3543 832 3630 Qui
850 3547 926 3610 enim
944 3545 1174 3610 iurisdietionem
1191 3567 1279 3610 exer·

126 3668 195 3713 aare
210 3659 323 3734 potest,
348 3660 444 3734 potest
460 3660 489 3712 et
504 3649 671 3714 absolvere.
715 3646 888 3727 Praeterea,
913 3648 936 3711 si
953 3671 1016 3713 ounr
1030 3650 1120 3713 iudex
1134 3649 1163 3712 in
1179 3647 1278 3714 Geen-

127 3773 193 3816 nam
209 3751 383 3837 praecipites
402 3752 529 3816 inunittit
543 3751 673 3832 animas,
696 3751 790 3816 bonus
808 3751 855 3816 itle
871 3753 954 3829 deus,
979 3753 1026 3836 qui
1043 3763 1151 3816 tantam
1169 3753 1279 3816 anima·

125 3874 190 3917 rum
207 3875 305 3917 ouran]
320 3855 408 3939 gerit,
430 3877 488 3918 non
505 3876 555 3919 eas
569 3854 686 3935 liberat,
706 3855 806 3920 baberi
821 3855 914 3917 bonus
928 3854 976 3938 qui
993 3855 1117 3938 poterit?
1138 3867 1189 3920 ant
1202 3855 1279 3918 enim

126 3955 175 4020 itte
191 3957 296 4020 iortior
311 3968 371 4035 est,
396 3978 451 4021 neo
467 3979 506 4020 ex
523 3957 586 4021 eius
604 3957 737 4021 manibus
752 3968 930 4041 extorquere
946 3967 1052 4041 potest,
1078 3970 1127 4021 ant
1143 3969 1174 4022 ut
1191 3958 1279 4020 iacul-

127 4068 171 4122 tas
186 4070 332 4145 suppetat,
357 4060 442 4123 deest
458 4070 554 4123 tannen
572 4059 713 4124 liberandi
730 4060 874 4126 voluutas.
921 4057 1043 4124 Ubinam
1061 4061 1150 4144 igitur
1163 4060 1212 4123 itta
1227 4061 1278 4124 bo-

127 4160 204 4226 nitas
227 4164 292 4226 est?
334 4159 388 4228 Sin
408 4163 542 4247 quoniam
562 4162 637 4226 alter
656 4161 704 4225 itta
721 4163 864 4242 eondidit,
899 4163 964 4226 ideo
985 4175 1015 4226 et
1032 4163 1177 4227 iudicandi
1197 4175 1278 4248 pote-

126 4273 189 4328 stas
206 4264 234 4327 ei
249 4262 398 4344 tribuitur,
422 4265 567 4349 quomodo
586 4285 739 4350 supremus
754 4265 818 4351 ilie,
844 4287 928 4350 quem
945 4266 1041 4350 tingis,
1066 4267 1139 4331 dens
1156 4268 1278 4331 nonnul-

126 4366 171 4430 los
191 4387 229 4430 ex
251 4366 345 4452 aliqua
366 4379 448 4452 parte
466 4368 591 4431 liberare
609 4367 735 4430 dieitur?
778 4364 851 4432 Sive
870 4369 946 4432 enim
962 4369 1058 4432 aliena
1076 4370 1191 4453 rapiens
1209 4393 1278 4433 oon-

126 4480 244 4549 servat,
268 4468 403 4534 iniuriam
422 4469 577 4556 eupiditate
595 4491 648 4533 sua
667 4470 734 4533 iacit
750 4470 850 4549 alteri,
875 4471 938 4534 sive
955 4482 1109 4556 propterea
1127 4494 1217 4557 negas
1233 4474 1278 4536 in·

126 4573 230 4637 iuriam
249 4593 331 4652 esso,
355 4574 431 4658 qnod
448 4573 484 4638 ad
497 4574 603 4637 bonurn
618 4573 739 4637 alieuius
756 4594 789 4638 ao
804 4575 926 4639 satutem
942 4578 1061 4653 referat,
1087 4595 1278 4660 personarum

179 4673 267 4730 Corpus
282 4670 416 4731 Haereaeal.
432 4673 459 4717 u.
1033 4683 1072 4745 39
