3046 5084
389 338 525 393 seusun
539 338 635 393 HM.
650 340 734 395 wil.
746 343 778 397 ll.
793 342 893 395 nnus
904 342 994 396 XXX.
1199 334 1262 397 255

122 478 157 525 re
168 456 286 545 muits
298 458 397 524 omnis
409 479 476 523 cuns
489 454 617 544 Iosepho
628 460 833 525 communicet.
870 462 919 527 Ao
932 461 1055 546 primun
1068 462 1261 529 minuitatem

122 581 205 626 scum
221 560 395 647 deplorent,
425 564 530 635 Osos,
552 562 669 641 Μ,
698 565 831 634 niseus,
861 559 972 644 iuquit,
1000 584 1036 623 nc
1051 584 1118 625 osse
1130 571 1263 644 perdita

123 668 233 726 curm
246 667 371 744 appono
382 664 512 724 essm
524 666 645 723 mss?
686 656 765 741 Quid
776 659 821 722 rei
838 671 918 723 essct
931 661 1095 725 sciscitatus
1110 660 1262 750 Iosephus,

122 764 193 829 uihiI
211 774 281 828 cute
299 761 401 828 verbis
421 760 458 824 nb
480 780 517 824 co
534 758 636 823 didicit
648 780 732 844 quum
748 780 836 824 mauu
851 760 1025 845 prehensum
1040 781 1133 826 senex
1151 766 1182 828 iu
1199 786 1264 829 cum

121 865 219 930 Iocum
235 863 355 940 eduxit,
385 861 436 926 ubi
450 880 517 925 oum
530 861 718 926 sdoIescents
733 861 846 926 ueteris
862 861 911 925 itta
927 882 1029 925 munus
1044 863 1122 927 inter
1138 876 1266 928 mortuo·

121 986 187 1031 rum
201 965 286 1029 bustu
302 960 437 1027 meiehcii
450 982 555 1027 mosen
569 972 761 1027 consereret.
804 960 887 1046 Ergo
904 962 944 1026 iiii
961 963 1033 1027 ioris
1050 965 1086 1027 cd
1103 965 1265 1050 ingressum

121 1077 237 1132 euntes
252 1064 349 1129 omnis
362 1084 437 1149 quse
451 1063 489 1129 sb
502 1063 540 1128 iis
557 1063 660 1127 herent
672 1063 846 1144 exsudiuut,
867 1063 1029 1149 iisdemque
1044 1065 1217 1130 abeuntibus
1231 1088 1266 1131 se

121 1167 298 1233 subducunt.
335 1162 441 1250 Neque
453 1165 531 1229 euim
547 1165 701 1229 admodum
714 1165 988 1249 ndrespcrrscebnt,
1007 1168 1072 1245 scd,
1095 1178 1195 1252 utpote
1210 1169 1265 1232 suh

123 1288 259 1332 occrsum
271 1265 355 1346 solis,
372 1266 458 1331 dubis
470 1267 536 1331 duce
550 1265 677 1330 discerni
692 1265 785 1331 udhuc
799 1266 892 1331 oculis
907 1267 1013 1351 aliquid
1029 1278 1155 1352 poterut.
1186 1266 1264 1333 Mox

122 1367 275 1433 sceleratis
291 1366 348 1431 iilis
366 1388 384 1431 u
402 1367 536 1452 sepulcro
555 1366 695 1450 digressis
715 1389 780 1432 oum
799 1369 911 1452 coiiegn
927 1365 1070 1454 Iosephus
1088 1369 1261 1453 ingreditor.

122 1467 169 1534 lbi
186 1469 389 1533 maleficiorum
405 1469 598 1533 instrumente
613 1466 763 1553 reperiunt
778 1469 809 1532 in
827 1469 942 1534 humum
960 1469 1092 1550 abiectu,
1115 1490 1207 1555 punc,
1231 1483 1264 1535 ut

122 1570 230 1652 uiehut,
252 1570 376 1634 bumuuo
391 1579 460 1655 potu
473 1590 509 1633 cc
521 1568 665 1653 sunguine
680 1590 811 1656 sspcrsc,
833 1570 961 1636 immisto
976 1572 1097 1656 pulvere
1111 1572 1262 1636 disceden-

120 1683 166 1737 tes
182 1671 371 1755 reliquerant.
415 1669 491 1734 Tum
514 1691 587 1734 vero
607 1682 776 1756 sumpsisse
795 1671 908 1736 iliorum
928 1673 1069 1755 insidiae,
1100 1674 1262 1759 cognitum·

119 1793 177 1858 que
189 1772 272 1839 euius
285 1772 358 1836 brec
371 1771 502 1835 mulieris
517 1790 621 1835 cnunc
636 1766 819 1851 molirentur,
837 1774 934 1858 itsquc
949 1787 1085 1858 quantum
1103 1787 1181 1840 notos
1195 1776 1261 1839 illae

116 1885 238 1960 possent
254 1873 460 1959 expectabunt.
505 1868 579 1936 Cum
600 1871 672 1936 nihil
688 1873 811 1937 venefici
836 1874 884 1937 isti
907 1877 1137 1958 promovissent,
1168 1897 1203 1941 uc
1226 1897 1260 1940 se

117 1974 222 2041 mulier
242 1985 273 2040 ct
289 1971 402 2039 Christi
417 1974 503 2058 signo
524 1985 556 2036 et
574 1973 640 2037 hdei
663 1974 808 2059 praesidio
823 1975 1006 2054 defenderet,
1037 1977 1183 2060 cognitum
1202 1988 1259 2056 cst,

117 2077 332 2143 adolescentem
349 2087 411 2141 tres
426 2077 558 2159 iutcgrns
575 2084 678 2138 noctes
693 2075 770 2138 iliius
784 2074 955 2139 alliciendas
970 2076 1064 2159 gretie
1080 2076 1259 2157 substitisse,

117 2199 155 2247 tc
170 2179 284 2244 demum
306 2199 358 2264 spe
379 2198 435 2242 suu
454 2178 623 2240 irustrutum
640 2196 706 2239 cum
725 2174 932 2260 impostoribus
947 2175 1042 2260 iurgio
1061 2177 1259 2243 contendisse.

119 2278 255 2345 Tertium
271 2279 326 2343 hoc
341 2276 484 2364 Iosephus
496 2278 698 2343 documentum
711 2273 898 2342 Christiuuse
912 2276 1063 2361 religionis
1079 2277 1188 2359 hebuit,
1203 2300 1261 2364 quo

116 2381 189 2447 uihid
205 2383 349 2447 ctvmsus
363 2376 475 2445 Christi
490 2400 597 2443 nomeu
612 2378 765 2464 crucisque
779 2379 893 2464 signum
910 2379 1009 2445 volere
1025 2379 1168 2444 maleficis
1182 2401 1261 2444 com·

118 2483 207 2569 petit,
231 2501 326 2567 neque
347 2490 503 2566 propterca
523 2476 708 2546 Christianus
730 2492 762 2545 ut
782 2491 863 2545 essct
883 2481 913 2544 iu
935 2479 1061 2544 animum
1082 2479 1210 2545 induxit.

199 2580 368 2649 Secundum
387 2583 459 2647 hsec
473 2579 610 2649 Christus
627 2583 655 2647 ci
670 2603 705 2647 se
719 2582 749 2646 iu
766 2581 877 2646 somnus
891 2582 1007 2646 obiicit:
1030 2579 1089 2661 Et,
1111 2586 1192 2662 Ego,
1215 2583 1261 2647 iu-
1279 2589 1338 2660 cnp.
1351 2597 1399 2649 tx

116 2685 393 2772 quit,sum1esus,
417 2706 496 2767 queso
513 2689 633 2748 mesmes
649 2689 736 2747 tuitio
751 2706 862 2746 crucem
878 2697 1013 2765 egerim:
1037 2688 1159 2766 periodo
1173 2689 1203 2747 cir
1218 2708 1261 2748 soc

113 2791 232 2851 mdis.
262 2787 308 2853 tr
319 2783 461 2873 Iosephus
475 2806 513 2852 ue
524 2786 690 2871 its-quidem
702 2786 854 2870 perpulsus
867 2785 1068 2851 vehementem
1082 2786 1113 2849 in
1127 2786 1259 2852 morbum

115 2911 152 2957 nc
162 2890 348 2974 desperrtmu
359 2888 472 2953 incidit.
505 2886 582 2952 'I'um
598 2888 730 2952 domiuus
744 2887 771 2951 ei
784 2907 887 2951 rursus
900 2909 1044 2974 apperens
1058 2899 1091 2953 ut
1104 2887 1134 2951 in
1147 2909 1181 2954 se
1196 2911 1259 2955 ore·

115 2991 201 3057 deret
215 2991 366 3068 hortatur,
396 2991 438 3056 itu
455 2989 629 3065 rsietpdiuis
646 2999 808 3075 compotem
827 2990 965 3055 tuomum.
1010 2988 1076 3054 IIoc
1097 2989 1146 3055 obi
1167 2993 1259 3056 fuctu-

115 3112 181 3159 rurs
197 3092 310 3179 rooepit
325 3113 361 3157 nc
376 3102 496 3176 repente
512 3090 678 3170 ooussluit,
708 3090 737 3155 iu
754 3092 856 3154 eudem
873 3090 962 3155 ocimi
979 3091 1175 3157 obstinatione
1192 3115 1257 3179 pcr-

115 3193 202 3261 stitit.
245 3193 348 3278 Quare
363 3193 492 3257 secundo
506 3191 536 3256 iu
555 3192 687 3256 morbum
703 3190 855 3277 delapsus,
885 3214 919 3257 no
936 3192 1057 3278 perinde
1073 3194 1254 3280 desperatus,

116 3318 183 3363 cum
202 3294 260 3361 ism
282 3296 395 3361 instnre
416 3306 530 3380 tempus
549 3304 715 3365 extremm
733 3291 833 3358 duduci
855 3293 932 3358 iilius
952 3294 1070 3378 cogunti
1089 3296 1255 3374 crederent,

116 3398 192 3483 quod
213 3396 251 3463 sb
273 3396 311 3463 iis
331 3408 448 3461 secreto
469 3396 533 3461 heri
550 3395 627 3461 notet
641 3394 810 3481 mysterium
829 3416 917 3480 aeger
935 3397 1036 3461 audiit.
1080 3394 1198 3459 Eteuim
1217 3417 1257 3461 eu

114 3499 288 3586 legisperitis
304 3498 418 3583 quidum
434 3508 506 3561 notu
520 3496 639 3580 grondis
653 3497 796 3561 accedeus
811 3496 887 3561 iliius
903 3497 974 3561 hsec
989 3497 1108 3561 nuribus
1124 3497 1254 3561 insusur-

114 3600 215 3667 rtbsts
238 3604 337 3674 stede,
354 3599 459 3684 iuquit,
476 3604 568 3663 Iesu·
580 3600 634 3660 eud
648 3603 747 3665 Posuit
759 3602 851 3661 Pilato
865 3603 948 3661 cruci
958 3600 1077 3680 officum
1091 3601 1250 3680 det'fiditsr,

114 3714 147 3765 et
157 3724 195 3767 es
206 3705 303 3765 ddnrr's
312 3713 411 3783 posteo
423 3706 560 3782 gutta,
579 3704 720 3764 Cdrr'strssr
733 3723 793 3763 ense
805 3705 861 3774 dei,
885 3711 915 3761 et
926 3722 945 3761 o
958 3705 1075 3762 mortuis
1088 3705 1249 3776 mertum,

113 3814 144 3867 et
156 3808 196 3869 nd
210 3816 335 3867 mortuos
352 3808 482 3884 monsque
495 3806 658 3866 hdrbnndos
673 3825 734 3865 csse
752 3814 908 3865 sconsum.
953 3795 1041 3865 Omni
1060 3822 1115 3887 ego
1133 3823 1252 3869 asseve-

112 3906 228 3971 rutione
243 3905 383 3970 couiirmo
400 3903 472 3968 hoec
487 3903 556 3968 mihi
574 3901 728 3989 Iosephum
745 3904 837 3990 ipsum
855 3902 887 3965 iu
904 3901 947 3965 rei
963 3912 1065 3984 gestus
1079 3907 1253 3991 exponenda
1291 3886 1299 3899 ’

112 4007 192 4073 serie
206 4026 359 4075 nsrrssse.
401 4002 488 4087 Quod
504 4005 625 4091 insuper
641 4006 677 4070 ub
693 4005 750 4069 siio
766 3987 900 4089 quopiam
917 4003 1033 4090 occepi,
1064 4007 1113 4091 qui
1128 4005 1252 4073 iuduens

112 4109 207 4175 sdhue
222 4108 260 4173 ob
273 4108 388 4173 illorum
402 4105 509 4171 mcum
523 4117 599 4185 erst,
622 4118 709 4190 utque
719 4106 795 4170 iuter
810 4102 996 4171 Christianos
1010 4127 1150 4194 persaepe
1164 4109 1252 4192 dege-

110 4209 177 4292 hst,
208 4231 321 4298 sosque
341 4220 372 4275 et
394 4207 568 4275 omcmstn
591 4208 743 4295 plurimum
767 4217 798 4271 ct
818 4207 950 4289 unmnt,
980 4208 1028 4294 qui
1050 4230 1103 4296 per
1120 4207 1251 4276 Betheiis

111 4462 678 4599 nitido-&massenumsssseptt
712 4460 1250 4532 outcomestosmmtmtsmsste,
