3046 5084
254 335 314 395 246
675 346 795 398 SANCTI
811 346 978 398 EPIPHANH

257 465 299 537 είς
320 459 410 526 αότόν
427 453 502 544 ἦλθε
518 459 551 525 τό
569 469 700 543 πνεῦμα,
722 461 795 546 ὅπερ
812 463 890 528 ἐστίν
906 459 923 527 ό
941 459 1085 548 Χριστός,
1106 463 1157 526 καλ
1175 457 1333 526 ἐνεδύσατο
1351 456 1409 524 αό-

257 560 309 628 τδν
328 561 380 628 τόν
396 560 515 644 Ἰησοῦν
531 561 721 644 καλοόμενον.
763 565 826 627 Καὶ
845 561 937 646 πολλὴ
957 559 1026 648 παρ’
1049 559 1151 638 αότοῖς
1173 560 1333 640 σκότοεσις,
1356 559 1407 626 άλ·

258 673 329 729 λοθι
349 661 442 738 άλλως
461 665 511 729 καλ
536 663 628 739 άλλως
650 662 740 729 αότδν
764 661 998 747 άποτιθεμένοις.
1043 665 1105 728 Καὶ
1126 666 1260 747 δέχονται
1281 663 1334 746 μέν
1355 665 1410 728 καλ

261 763 346 830 αότοί
361 763 394 829 τό
410 763 485 829 κατά
502 772 667 830 Ματθαῖον
681 762 855 850 εὐαγγέλιον.
903 764 1007 854 Τοότρι
1028 763 1083 852 γάρ
1099 768 1150 831 καλ
1170 761 1273 844 αότοί,
1294 761 1337 841 οἷς
1356 766 1410 831 καί

261 871 292 933 οί
312 865 386 932 κατά
403 864 559 951 Κήρινθον
578 875 705 952 χρῶνται
727 866 821 954 μόνῳ·
843 874 964 932 καλοῦσι
985 868 1018 932 δέ
1040 864 1112 932 αότδ
1139 864 1214 932 κατά
1233 862 1409 948 Ἐβραίους,

262 965 304 1044 οἷς
318 966 354 1032 τά
369 965 466 1049 άληθῆ
482 971 560 1034 ἐστιν
581 973 672 1033 εἰπεῖν
693 968 740 1033 ὅτι
756 974 918 1043 Ματθαῑος
936 966 1028 1050 μόνος
1043 964 1201 1051 Ἐβραϊστί
1217 970 1269 1033 καί
1284 965 1409 1053 Ἑβραΐ·

262 1079 327 1145 κοῖς
351 1071 519 1154 γράμμασιν
540 1072 573 1134 ἐν
592 1077 629 1158 τῇ
651 1075 740 1156 καινῇ
762 1067 897 1157 διαθήκη
917 1067 1075 1152 ἐποιήσατο
1094 1066 1150 1152 την
1170 1076 1225 1134 τοῦ
1242 1066 1410 1154 εόαγχελίου
1481 1092 1483 1096 ”

263 1172 381 1236 ἐκθεσίν
398 1195 428 1235 τε
445 1172 497 1234 καὶ
518 1168 662 1255 κηρυγμα.
697 1168 775 1251 Ἤδη
799 1171 832 1234 δέ
854 1195 915 1235 που
939 1175 990 1236 καί
1012 1196 1089 1246 τινες
1111 1169 1199 1236 πάλιν
1223 1172 1339 1251 ἔφασαν
1358 1171 1410 1235 καλ

263 1268 322 1336 άπό
343 1279 397 1355 τῆς
413 1268 587 1354 Ἑλληνικῆς
605 1273 756 1336 διαλέκτου
776 1272 827 1334 καί
847 1269 881 1336 τό
903 1269 979 1339 κατά
994 1270 1138 1354 Ἰωάννην
1159 1271 1349 1354 μεταληφθέν
1370 1273 1412 1348 είς

262 1368 409 1457 Ἓβραλδα
426 1374 606 1464 ἐκφέρεσθαι
628 1374 660 1438 ἐν
680 1380 743 1447 τοῖς
758 1378 818 1436 τῶν
833 1368 990 1439 Ἰουδαίων
1011 1378 1256 1459 γαζοφυλακίοις,
1279 1374 1358 1456 φημί
1379 1374 1413 1439 δδ

262 1482 327 1548 τοῖς
350 1475 381 1538 ἐν
401 1476 566 1558 Τιβεριάδι,
594 1476 645 1539 καί
669 1476 880 1539 ἐναποκεῖσθαι
902 1477 933 1539 ἐν
958 1472 1163 1560 άποκρόφοις,
1192 1476 1234 1552 άς
1253 1501 1330 1552 τινες
1352 1483 1413 1542 τῶν

263 1572 325 1638 άπδ
344 1571 500 1639 Ἰουδαίων
514 1578 748 1641 πεπιστευκότων
760 1572 951 1661 όφηγήσαντο
969 1573 1041 1659 ἡμῖν
1060 1576 1136 1641 κατά
1150 1575 1319 1659 λεπτότητα.
1366 1574 1413 1642 Οό

264 1674 323 1758 μὴν
340 1672 410 1740 άλλά
425 1678 476 1740 καὶ
492 1683 551 1741 τάν
567 1676 709 1761 Πράξεον
725 1684 784 1742 τῶν
799 1675 983 1743 Ἀποστόλαν
1002 1676 1057 1761 την
1072 1682 1174 1761 βίβλον
1189 1676 1328 1754 οόςαότοος
1350 1676 1412 1744 άπδ

264 1775 408 1854 Ἐλλάδος
422 1775 554 1862 γλάσσης
570 1780 613 1852 είς
627 1775 775 1864 Ἐβραΐδα
793 1783 1026 1862 μεταβληθεῖσαν
1046 1777 1134 1864 λόγος
1154 1782 1227 1863 ἐχει,
1248 1782 1299 1846 καλ
1320 1782 1414 1846 ἐκεῖσε

265 1889 384 1945 κεῖσθαι
403 1881 434 1944 ἐν
454 1888 517 1954 τοῖς
537 1884 777 1964 γαζοφυλακίοις,
800 1877 841 1957 άς
864 1881 915 1945 καί
937 1877 996 1945 άπδ
1020 1878 1127 1946 τοότου
1145 1878 1216 1956 τοός
1230 1878 1414 1966 ἀναγνόντας

266 1980 436 2056 Ἰουδαίους
456 1978 526 2056 τοός
546 1978 619 2063 ἡμῖν
639 1979 887 2067 όφηγησαμένους
909 1984 950 2057 είς
971 1979 1100 2067 Χριστόν
1120 1983 1347 2047 πεπιστευκέναι.

134 2085 202 2152 Κεφ·
219 2080 250 2138 δ’·
346 2076 403 2148 Ἠν
417 2084 450 2147 δέ
465 2108 509 2158 τις
524 2080 622 2147 αὐτῶν
636 2081 792 2166 Ἰάσηπος,
815 2082 870 2167 οόχ
885 2080 904 2148 ό
918 2081 1106 2169 σογγραφεδς
1119 2085 1171 2149 καί
1187 2082 1414 2170 ἱστοριογράφος

149 2205 200 2250 ονε·
214 2192 257 2236 ¹²⁸·
270 2187 320 2252 καὶ
336 2183 459 2260 παλαιός
478 2188 605 2264 ἐκεῖνος,
626 2183 684 2250 άλλ’
699 2183 717 2251 ό
732 2183 792 2251 άπό
813 2183 1002 2268 Τιβεριάδος,
1024 2181 1043 2250 ό
1059 2187 1091 2250 ἐν
1110 2183 1299 2270 χρόνοιςτοῦ
1319 2212 1414 2268 ματα-

268 2291 352 2371 ρίτου
371 2291 594 2352 Κωνσταντίνου
617 2293 669 2352 τοῦ
691 2285 931 2369 βασιλεύσαντος,
959 2293 1013 2352 τοῦ
1037 2286 1190 2372 γέροντος,
1218 2285 1253 2363 δς
1273 2288 1323 2352 καί
1342 2283 1412 2371 παρ’

268 2387 362 2454 αότοῦ
377 2396 432 2453 τοῦ
447 2391 588 2471 βασιλέως
601 2386 769 2469 άξιάματος
787 2386 947 2470 1κομήτοιν
963 2389 1054 2470 ἐτυχε,
1075 2387 1126 2452 καί
1144 2388 1280 2465 ἐξουσίαν
1293 2389 1413 2470 είληφεν

269 2492 301 2556 ἐν
315 2497 353 2579 τῇ
369 2488 444 2578 αὐτῇ
464 2489 614 2574 Τιβεριάδι
629 2491 783 2571 ἐκκλησίαν
798 2496 915 2578 Χριστῷ
932 2491 1062 2573 ίδρῦσαε,
1082 2490 1134 2554 καί
1148 2490 1180 2555 ἐν
1194 2493 1412 2577 Διοκαισαρείγ,

268 2593 320 2656 καί
336 2595 367 2657 ἐν
384 2589 586 2673 Καπερναοδμ
594 2640 603 2669 ,
623 2594 675 2655 καί
690 2600 755 2666 ταῖς
771 2589 882 2669 άλλαις,
905 2589 940 2667 δς
956 2592 1008 2655 καί
1021 2588 1114 2656 πολλά
1128 2592 1280 2657 πέπονθεν
1294 2588 1345 2659 εἶπ’
1361 2589 1414 2657 αό-

268 2700 328 2758 τῶν
346 2699 406 2756 τῶν
418 2689 588 2770 Ἰουδαίαν,
609 2694 682 2776 πρλν
697 2689 719 2775 ἢ
735 2699 777 2781 τῷ
796 2696 909 2776 βασιλεῖ
926 2693 1155 2777 ἐμφανισθῆναι.
1201 2685 1298 2770 Οὗτος
1316 2690 1373 2780 γάρ
1393 2688 1414 2759 ό

269 2792 417 2874 Ἰάσηπος
430 2799 490 2857 τῶν
504 2789 571 2876 παρ’
587 2790 687 2869 αότοῑς
702 2792 906 2877 άξιοεματικοῖν
922 2791 1040 2879 άνδρῶν
1061 2797 1235 2881 ἐναρίθμιος
1252 2787 1299 2878 ἦν.
1342 2795 1414 2860 Em

271 2895 304 2959 δέ
319 2887 403 2958 οὗτοι
417 2891 488 2976 μετά
504 2893 554 2960 τόν
568 2895 751 2981 πατριάρχην
763 2893 920 2962 άπόστολοι
934 2894 1121 2978 καλούμενοι,
1142 2893 1371 2982 προςεδρεόοοσι
1381 2894 1414 2962 δέ

270 3003 311 3084 τῷ
326 2994 500 3086 πατριάρχη,
522 2999 573 3062 καί
586 2997 642 3062 σόν
655 2996 736 3087 αὐτῷ
750 2995 889 3074 πολλάκις
902 2999 954 3062 καί
969 3000 1001 3063 ἐν
1013 3001 1099 3064 νυκτλ
1113 2999 1166 3063 καί
1179 2999 1211 3064 ἐν
1223 2994 1319 3086 ἡμέρα
1332 3019 1414 3063 συνε-

269 3106 329 3182 χοῖς
345 3096 496 3184 διάγουσι,
520 3099 568 3165 διά
584 3097 617 3165 τό
634 3097 843 3182 συμβουλεύειν
861 3101 913 3165 καλ
932 3097 1089 3181 άναφέρειν
1108 3095 1189 3187 αότρῖ
1209 3097 1247 3165 τά
1267 3096 1342 3165 κατά
1362 3096 1416 3165 τόν

271 3201 371 3284 νόμον.
412 3197 447 3264 ‘0
468 3202 500 3266 δέ
522 3200 703 3285 πατριάρχης
718 3198 781 3267 κατ’
795 3203 888 3267 ἐκεῖνο
910 3208 1015 3287 καιροῦ
1029 3197 1129 3282 Ἐλληλ
1149 3198 1281 3283 τοάνομα
1296 3193 1336 3282 ἦν
1354 3208 1416 3282 (vo-

272 3309 343 3386 μέζω
361 3301 417 3389 γάρ
434 3301 480 3367 ότι
495 3301 591 3378 οὕτως
608 3301 641 3368 τό
663 3301 758 3385 όνομοι
775 3300 868 3368 αότοῦ
885 3301 1035 3386 Ἰάσηπος
1048 3304 1158 3389 ἐλεγεν,
1180 3305 1208 3368 εί
1221 3300 1262 3386 μή
1279 3299 1339 3368 άπό
1358 3308 1415 3366 τοῦ

272 3405 380 3490 χρόνου
397 3403 587 3487 σφάλλομαι),
610 3407 644 3470 ἐκ
659 3407 764 3490 γένους
778 3405 809 3469 δέ
825 3403 972 3488 Γαμαλιὴλ
988 3406 1136 3490 ἐτόγχανε,
1158 3411 1212 3470 τοῦ
1227 3400 1295 3489 παρ’
1312 3399 1414 3480 αάτοῖς

273 3510 429 3590 γενομένου
449 3505 638 3594 πατριάρχου.
679 3505 772 3573 Ἔστι
793 3508 825 3573 δέ
844 3511 1059 3590 διανοηθῆναι,
1087 3504 1127 3584 ός
1146 3507 1199 3573 καί
1217 3503 1299 3572 άλλοι
1318 3502 1416 3583 οὗτος

271 3604 434 3689 ὑπέθεντο,
453 3615 559 3675 τοῦτον
575 3606 651 3675 είναι
667 3611 750 3696 γένος
769 3611 885 3675 ἐκείνου
900 3616 954 3675 τοῦ
970 3606 1091 3694 πράτου
1108 3604 1272 3692 Γαμαλιιδλ,
1290 3613 1347 3674 τοῦ
1365 3608 1417 3673 lul

271 3715 325 3771 τοῦ
340 3717 488 3796 σωτῆρος,
509 3718 564 3777 τοῦ
586 3710 662 3777 κατά
679 3711 755 3778 θοόν
774 3710 1046 3793 συμβουλεόσανεος
1064 3707 1249 3794 όποσχέσθαι
1266 3717 1321 3793 τῆς
1340 3706 1416 3776 md

271 3815 331 3873 εει
354 3807 524 3879 ἀποστόλων
549 3816 715 3897 ἐπιβουλῆς.
763 3820 910 3879 mm&
933 3814 965 3879 οε
988 3809 1007 3878 o‘
1027 3809 1133 3894 ’πολι
1157 3808 1264 3895 ἤεισα
1282 3809 1336 3879 τοι
1354 3806 1417 3878 m’
1467 3839 1472 3849 ·

272 3911 366 3975 ἐκεῖνο
382 3921 489 3996 καιροῦ
505 3916 669 3982 ἐπίσκοπον
683 3913 886 4001 πλησιόχωρον
904 3921 959 3997 τῆς
979 3918 1121 4001 Τιβερίαν
1141 3911 1231 3995 ὄντα,
1251 3916 1303 3980 καί
1319 3915 1418 3996 ἐκομί-

272 4031 342 4076 σατο
360 4010 429 4095 παρ’
446 4011 539 4080 αὐτοῦ
555 4014 588 4082 τό
608 4016 695 4102 ἅγιον
707 4014 833 4101 λουτρόν
848 4017 897 4082 ἐπλ
916 4042 952 4106 τη
970 4016 1078 4105 ἐξόδῳ,
1099 4012 1149 4081 διά
1164 4013 1344 4101 προφάσεις
1363 4021 1419 4099 τῆς

271 4114 406 4197 ἰατρικῆς
420 4109 601 4193 ὖποθίσεας.
645 4116 916 4202 Μοταστειλόμενος
928 4114 985 4203 γάρ
1001 4115 1094 4184 αότδν
1109 4115 1159 4183 διά
1174 4124 1228 4184 τοῦ
1243 4116 1417 4203 προειρημέ-

271 4238 326 4278 νου
346 4212 512 4299 Ἰωσήπου,
536 4215 577 4292 άς
601 4219 702 4302 ἰατρόν
723 4218 810 4299 ὄντα,
839 4221 892 4285 καί
909 4217 1036 4302 ποιήσας
1057 4216 1170 4296 πάντας
1191 4222 1247 4298 ἐξω
1267 4218 1417 4306 γενέσθαι,

271 4314 449 4400 παρεκάλεσε
462 4313 514 4381 τόν
530 4318 703 4398 ἐπίσκοπον,
724 4322 825 4407 λέγων,
848 4319 990 4408 Δάρησαί
1004 4348 1054 4406 μοι
1068 4319 1123 4405 τὴν
1139 4323 1172 4386 ἐν
1187 4327 1307 4409 Χριστῷ
1321 4341 1416 4406 σφρα-

269 4419 345 4502 γῖδα.
377 4414 411 4483 ‘O
426 4420 457 4485 δέ
472 4417 737 4502 μετακαλεσάμενος
749 4420 821 4520 γοδς
836 4425 1125 4508 ἐξοπηρετουμένους
1140 4425 1319 4507 προςίτοιξεν
1331 4420 1418 4511 &m

305 4555 474 4608 cu.1v.-
509 4557 1036 4626 ιιοκιιιιιιιωαιιιοοπιηαωι
1071 4558 1297 4622 camma.
