3046 5084
393 354 641 410 Pausaniam
656 358 780 413 Mill.
799 358 897 411 flaua.
913 358 1003 409 XXX.
1211 347 1271 409 253

133 472 434 560 patriarebae'nameu
448 483 531 551 erat,
554 492 649 557 nequa
664 483 761 537 umen
777 483 859 537 tante
871 475 1027 539 intervallo
1042 474 1131 559 probe
1145 498 1273 541 mmmc-

131 577 232 657 miui)=
255 578 285 642 bi
301 578 384 643 varia
403 575 483 639 illum
499 574 536 638 ad
553 574 736 657 curmptelae
750 574 980 659 flagitiorumque
996 595 1107 658 genera
1125 580 1273 661 pertrahe-

130 676 211 755 bant,
236 681 388 743 mulierum
405 688 518 761 stupra,
542 673 682 737 uelandus
696 673 842 751 libidines,
866 677 994 758 magicas
1008 677 1193 759 praestigias,
1212 682 1273 761 qui·

131 778 185 844 bus
198 782 234 843 ad
251 780 425 865 cupiditates
440 775 602 861 explendas
614 774 693 838 illurn
708 774 894 854 adiuvabant,
911 786 941 838 et
955 777 1104 839 amatoriis
1118 779 1272 855 illecebris,

130 890 217 964 atque
238 880 417 944 carminibus
436 880 473 941 ad
495 877 559 941 eius
578 876 761 960 conplexum
781 887 927 940 mamonae
943 876 1086 960 ingenuas
1106 879 1135 941 vi
1155 880 1274 962 quadam

131 982 298 1065 adigebant.
343 980 383 1044 At
402 978 542 1063 luaepbua
558 988 589 1042 et
603 978 679 1041 alter
694 977 793 1062 pupilli
810 989 928 1041 curator
942 999 1038 1042 senex
1056 1001 1176 1063 puerum
1191 979 1274 1062 sequi

131 1082 226 1146 eoacti
249 1102 321 1145 saue
342 1083 369 1145 id
388 1081 563 1166 permoleste
582 1080 677 1158 lema,
692 1096 695 1103 ·
712 1090 743 1143 et
763 1079 919 1162 obiurgare
937 1101 1142 1164 norruuuquam
1162 1081 1273 1159 verbis,

131 1194 162 1246 et
179 1181 301 1246 bertari.
346 1180 398 1248 llle
413 1181 582 1268 aequalibus
597 1183 659 1246 suis
676 1182 766 1245 multu
780 1181 874 1262 magis
891 1181 1024 1264 absequi,
1048 1182 1156 1264 flagitia
1170 1183 1273 1266 partim
1362 1220 1369 1235 ·

132 1283 356 1362 dissimulande,
379 1283 480 1369 partina
498 1283 651 1347 inliciendo
668 1293 781 1367 tegare.
824 1282 931 1367 Neque
951 1281 1028 1346 enim
1047 1294 1159 1347 tutores
1176 1285 1273 1347 erimi-

130 1385 196 1447 nari
218 1405 254 1447 ac
271 1386 389 1468 vulgare
405 1385 516 1449 scelera
536 1386 628 1471 palam
646 1385 807 1463 audebant,
839 1386 889 1449 sed
910 1384 992 1469 quasi
1011 1385 1160 1448 erudiendi
1178 1385 1272 1468 gratia

132 1496 293 1570 opportuna
313 1486 419 1549 munita
440 1486 649 1570 suggerebant.
692 1483 784 1551 Furta
805 1485 923 1550 Gadara
945 1489 980 1550 ad
1005 1489 1133 1551 thermas
1156 1486 1271 1571 profici-

131 1598 263 1651 scuntur.
313 1584 464 1672 Frequens
487 1588 546 1651 illic
569 1599 714 1651 mercatus
737 1587 892 1671 metensis
914 1589 1095 1668 celebratur,
1128 1591 1270 1672 adquam

129 1689 254 1773 undique
269 1689 383 1753 lavandi
398 1710 504 1753 caussa
517 1688 580 1751 dies
593 1688 704 1772 aliquot
716 1690 874 1767 cuuduuut,
894 1691 1042 1753 variarum
1054 1692 1090 1753 ad
1103 1690 1269 1754 morborum

127 1791 299 1868 remedium,
318 1791 405 1875 idque
419 1789 608 1853 callidissimo
622 1791 771 1854 daemonis
786 1792 909 1853 consiliu
921 1793 1044 1873 geritur.
1088 1790 1166 1854 Nam
1181 1812 1270 1874 quae·

127 1912 250 1977 wmqne
269 1892 332 1956 loca
350 1893 457 1956 divinis
474 1901 543 1954 suut
559 1891 704 1953 celebrata
722 1891 878 1975 prodigiis,
909 1893 989 1957 iniis
1007 1914 1047 1955 ex
1065 1895 1188 1956 adversa
1206 1894 1269 1955 exi-

126 1993 219 2059 tiusas
238 2015 306 2057 suas
323 1994 422 2079 plagas
438 1995 559 2056 tendere
577 2001 699 2055 cenatus
714 2000 772 2054 est.
816 1994 915 2074 Atque
936 1993 993 2056 illic
1015 1994 1151 2055 siricum
1169 1992 1270 2055 mulie-

126 2093 209 2160 ribus
224 2097 387 2181 prumiscue
402 2096 503 2158 lavare
517 2093 626 2157 solent.
669 2091 789 2156 Actum
806 2094 881 2155 lurte
897 2104 960 2155 erat
974 2093 1002 2154 iu
1020 2092 1130 2155 balneis
1143 2094 1269 2175 ingenua

126 2197 232 2260 mulier
245 2198 355 2261 eximia
370 2196 503 2280 corporis
518 2204 672 2257 venustate
687 2215 722 2257 ac
736 2194 847 2278 specie,
870 2214 954 2277 quam
972 2194 1143 2256 adulescens
1158 2193 1269 2255 invete-

126 2309 207 2361 ratae
231 2298 358 2361 libidinis
380 2298 482 2360 aculeo
506 2296 634 2381 percitus
657 2294 818 2374 adamavit,
850 2316 885 2358 ae
908 2315 960 2379 per
974 2295 1143 2357 balnearum
1165 2295 1268 2357 solium

127 2399 278 2464 ambulans
293 2399 368 2463 latus
382 2419 467 2461 suurn
484 2399 519 2461 ad
534 2398 664 2461 mulieris
677 2398 753 2461 latus
769 2396 906 2460 affricuit.
941 2393 992 2458 llla
1006 2396 1035 2459 in
1051 2395 1167 2459 ucmiue
1182 2392 1270 2460 Cbri·

127 2499 445 2583 stisemetobsigna13
477 2520 542 2562 nam
561 2495 730 2563 Christiana
748 2510 830 2576 erat,
860 2520 917 2582 quc
937 2498 1031 2560 miuus
1048 2517 1169 2582 peccare
1190 2518 1266 2575 eam,

126 2613 177 2667 aut
192 2602 293 2666 lavare
311 2622 376 2665 cuna
391 2601 463 2666 viris
478 2601 629 2665 attinebat.
673 2598 734 2665 Sed
751 2600 822 2663 baec
837 2601 920 2684 plane
936 2598 1078 2684 imperitis
1094 2608 1179 2683 atque
1196 2599 1269 2662 idiu-

126 2703 165 2767 tis
182 2702 220 2766 cb
233 2703 379 2787 ignaviam
396 2703 548 2766 ducturum
563 2702 697 2767 accidere
710 2701 817 2780 solent,
841 2704 888 2784 qui
903 2702 1044 2765 eiusmodi
1061 2700 1192 2765 bumiues
1205 2701 1269 2765 nul-

125 2804 162 2869 lis
183 2804 364 2869 documentis
389 2805 602 2890 praemuniunt.
647 2801 759 2868 Verum
782 2813 813 2866 ut
831 2825 883 2867 sua
903 2805 975 2866 deus
994 2802 1132 2866 miracula
1149 2804 1268 2867 demun·

125 2916 251 2986 meet,
280 2906 414 2971 amnibus
434 2906 495 2970 suis
516 2904 667 2970 comtibus
691 2904 852 2989 patriarcba
878 2905 927 2968 ille
950 2906 1122 2968 adulescens
1144 2904 1265 2984 excidit,

125 3028 193 3073 eum
205 3018 238 3072 et
250 3007 286 3071 ad
301 3028 366 3071 cana
381 3008 521 3089 misisset,
544 3017 575 3070 et
588 3007 755 3070 muneribus
769 3005 967 3084 sollicitasset,
987 3006 1035 3070 illa
1048 3028 1120 3069 veru
1133 3017 1164 3070 et
1176 3007 1266 3070 iuter·

124 3108 244 3173 nunties
257 3107 469 3174 contumeliose
486 3130 504 3173 a
521 3129 554 3172 se
571 3107 746 3188 dimisisset,
775 3129 830 3172 nec
846 3106 981 3193 impudici
999 3109 1138 3172 amaturis
1155 3108 1266 3172 artibus

125 3208 275 3275 uenisset.
1040 3265 1041 3268 ,

144 3354 147 3361 -
207 3308 303 3396 lgirrr
315 3308 390 3377 sccii
404 3322 552 3396 acupentu
566 3310 680 3376 iuvenis
696 3332 846 3392 maerore,
871 3334 954 3398 quern
972 3334 1010 3377 es
1023 3313 1188 3378 vehementi
1200 3335 1263 3376 mu·
1282 3333 1415 3402 Capvsst

124 3414 205 3481 lieris
222 3434 326 3480 amere
340 3426 474 3500 ceperat,
505 3414 683 3499 patentiores
699 3415 838 3498 quasdam
856 3416 1027 3501 praestigias
1046 3417 1203 3492 adornant,
1234 3426 1266 3479 ut

124 3514 194 3581 mibi
208 3517 272 3603 ipse
287 3514 429 3601 lesepbus
445 3514 661 3580 accuratissime
678 3516 826 3581 narrabat.
870 3517 948 3582 Nam
966 3528 1031 3601 pust
1044 3517 1115 3579 sulis
1129 3536 1265 3581 uacuum

124 3617 239 3683 vicinus
256 3619 292 3683 ad
314 3621 440 3683 tumulus
459 3618 604 3687 infelicem
624 3638 745 3703 puerum
767 3621 923 3683 adducunt.
969 3616 1011 3681 lbi
1033 3619 1111 3681 cuim
1133 3619 1264 3704 sepulcra

125 3730 209 3800 sunt,
233 3740 307 3805 quae
324 3721 494 3808 polyandria
509 3730 670 3798 secantur,
692 3742 837 3785 cavernae
855 3720 988 3783 nimirum
1005 3720 1125 3804 rupibus
1141 3720 1261 3786 incisae.

125 3818 193 3907 Qun
209 3844 274 3888 cum
291 3821 372 3887 illum
389 3822 595 3901 adduxissent,
627 3820 739 3907 magica
755 3822 894 3905 quaedam
911 3820 1040 3885 carmina
1054 3832 1083 3884 et
1100 3825 1264 3888 execratio·

125 3946 180 3990 raes
199 3934 288 4010 atque
304 3923 461 4010 impietatis
482 3924 664 4011 plenissimae
686 3935 764 3988 artas
782 3923 976 4007 adulescentis
997 3944 1100 3989 caussa
1121 3937 1262 4012 concepto

125 4026 213 4090 etiam
235 4026 354 4091 nemine
375 4026 505 4089 maberie
528 4027 699 4110 expediunt.
743 4023 864 4088 luterim
883 4023 982 4087 divino
1001 4037 1071 4090 nutu
1089 4030 1195 4092 iactum
1217 4038 1263 4091 est

123 4140 156 4193 nt
173 4128 246 4194 baec
265 4128 332 4195 seni
349 4128 435 4193 alteri
453 4126 502 4213 qni
521 4148 586 4192 euna
603 4124 730 4212 lusepbu
749 4126 857 4190 eratin
873 4127 1159 4195 animumvenerint.
1203 4126 1262 4214 Qui

158 4344 183 4401 l.
208 4352 243 4413 Os.
260 4354 299 4402 Fr.
312 4354 417 4402 keneu
431 4351 478 4417 (cl
493 4347 638 4415 salmensis)
653 4351 678 4399 ta
746 4346 804 4397 Can.
821 4349 886 4401 vul.
903 4379 936 4390 -
960 4350 981 4402 t.
999 4354 1104 4403 Fortuna
1123 4349 1167 4403 καὶ
1187 4367 1261 4404 κατε-

127 4420 244 4480 coemat,
275 4420 416 4471 amedee.
433 4422 485 4470 arat.
501 4420 677 4480 cermetdtpcp.
712 4415 870 4483 euscarpius
883 4422 1045 4482 reponendum.
1078 4422 1156 4469 Eticru
1173 4421 1261 4471 Gerae-

124 4484 222 4606 m,
244 4490 286 4539 ubl
308 4491 409 4551 malleat
428 4488 520 4538 Patauii
541 4488 677 4549 tntaprue
708 4488 882 4607 momentu
895 4487 922 4538 in
937 4487 1015 4555 petris
1032 4486 1135 4538 effossae
1150 4504 1181 4539 ae
1197 4502 1261 4539 cou-
