<?xml version="1.0" encoding="UTF-8"?>
<!DOCTYPE html PUBLIC "-//W3C//DTD XHTML 1.0 Transitional//EN"
    "http://www.w3.org/TR/xhtml1/DTD/xhtml1-transitional.dtd">
<html xmlns="http://www.w3.org/1999/xhtml" xml:lang="en" lang="en">
 <head>
  <title>
</title>
<meta http-equiv="Content-Type" content="text/html;charset=utf-8" />
  <meta name='ocr-system' content='tesseract 3.04.00' />
  <meta name='ocr-capabilities' content='ocr_page ocr_carea ocr_par ocr_line ocrx_word'/>
</head>
<body>
  <div class='ocr_page' id='page_1' title='image "./corporishaerese01unkngoog_0551.png"; bbox 0 0 3046 5084; ppageno 0'>
   <div class='ocr_carea' id='block_1_1' title="bbox 190 360 922 426">
    <p class='ocr_par' dir='ltr' id='par_1_1' title="bbox 190 360 922 426">
     <span class='ocr_line' id='line_1_1' title="bbox 190 360 922 426; baseline -0.004 0"><span class='ocrx_word' id='word_1_1' title='bbox 190 360 251 426; x_wconf 81' lang='grc'><em>546</em></span> <span class='ocrx_word' id='word_1_2' title='bbox 615 374 735 424; x_wconf 74' lang='grc' dir='ltr'><em>ειυστι</em></span> <span class='ocrx_word' id='word_1_3' title='bbox 755 374 922 425; x_wconf 75' lang='grc' dir='ltr'><em>οειοιιινιι</em></span> 
     </span>
    </p>
   </div>
   <div class='ocr_carea' id='block_1_2' title="bbox 62 489 1351 1907">
    <p class='ocr_par' dir='ltr' id='par_1_2' title="bbox 62 489 1351 1907">
     <span class='ocr_line' id='line_1_2' title="bbox 189 489 1351 579; baseline 0.003 -22"><span class='ocrx_word' id='word_1_4' title='bbox 189 497 311 574; x_wconf 84' lang='grc' dir='ltr'><em>βίβλους</em></span> <span class='ocrx_word' id='word_1_5' title='bbox 329 490 411 565; x_wconf 87' lang='grc' dir='ltr'><em>τινάς</em></span> <span class='ocrx_word' id='word_1_6' title='bbox 425 489 608 566; x_wconf 77' lang='grc' dir='ltr'><em>ἐξετύπωσαν</em></span> <span class='ocrx_word' id='word_1_7' title='bbox 624 494 665 565; x_wconf 85' lang='grc' dir='ltr'><em>εἰς</em></span> <span class='ocrx_word' id='word_1_8' title='bbox 678 490 772 573; x_wconf 76' lang='grc' dir='ltr'><em>ὄνομα</em></span> <span class='ocrx_word' id='word_1_9' title='bbox 787 489 879 567; x_wconf 85' lang='grc' dir='ltr'><em>αὐτοῦ</em></span> <span class='ocrx_word' id='word_1_10' title='bbox 891 498 945 555; x_wconf 90' lang='grc' dir='ltr'><em>τοῦ</em></span> <span class='ocrx_word' id='word_1_11' title='bbox 959 490 1033 573; x_wconf 77' lang='grc' dir='ltr'><em>Σηθ</em></span> <span class='ocrx_word' id='word_1_12' title='bbox 1046 494 1263 577; x_wconf 73' lang='grc' dir='ltr'><em>γεγραμμένας,</em></span> <span class='ocrx_word' id='word_1_13' title='bbox 1284 493 1351 579; x_wconf 85' lang='grc' dir='ltr'><em>παρ’</em></span> 
     </span>
     <span class='ocr_line' id='line_1_3' title="bbox 189 591 1350 677; baseline 0.005 -20"><span class='ocrx_word' id='word_1_14' title='bbox 189 593 283 659; x_wconf 87' lang='grc' dir='ltr'><em>αὐτοῦ</em></span> <span class='ocrx_word' id='word_1_15' title='bbox 303 592 395 668; x_wconf 82' lang='grc' dir='ltr'><em>αὐτάς</em></span> <span class='ocrx_word' id='word_1_16' title='bbox 416 592 560 656; x_wconf 74' lang='grc' dir='ltr'><em>δεδόσθαι</em></span> <span class='ocrx_word' id='word_1_17' title='bbox 581 594 727 677; x_wconf 79' lang='grc' dir='ltr'><em>λέγοντες,</em></span> <span class='ocrx_word' id='word_1_18' title='bbox 757 591 844 668; x_wconf 84' lang='grc' dir='ltr'><em>άλλας</em></span> <span class='ocrx_word' id='word_1_19' title='bbox 867 594 898 657; x_wconf 76' lang='grc' dir='ltr'><em>δὲ</em></span> <span class='ocrx_word' id='word_1_20' title='bbox 921 597 962 668; x_wconf 91' lang='grc' dir='ltr'><em>είς</em></span> <span class='ocrx_word' id='word_1_21' title='bbox 984 592 1079 676; x_wconf 78' lang='grc' dir='ltr'><em>ὄνομα</em></span> <span class='ocrx_word' id='word_1_22' title='bbox 1102 592 1269 662; x_wconf 77' lang='grc' dir='ltr'><em>αὐτοῦκαὶ</em></span> <span class='ocrx_word' id='word_1_23' title='bbox 1292 606 1350 663; x_wconf 88' lang='grc' dir='ltr'><em>τῶν</em></span> 
     </span>
     <span class='ocr_line' id='line_1_4' title="bbox 189 694 1348 783; baseline 0.004 -23"><span class='ocrx_word' id='word_1_24' title='bbox 189 696 262 761; x_wconf 81' lang='grc' dir='ltr'><em>ἕπτά</em></span> <span class='ocrx_word' id='word_1_25' title='bbox 280 700 354 761; x_wconf 89' lang='grc' dir='ltr'><em>υίῶν</em></span> <span class='ocrx_word' id='word_1_26' title='bbox 373 694 473 760; x_wconf 82' lang='grc' dir='ltr'><em>αὐτοῦ.</em></span> <span class='ocrx_word' id='word_1_27' title='bbox 521 698 599 759; x_wconf 80' lang='grc' dir='ltr'><em>Φασὶ</em></span> <span class='ocrx_word' id='word_1_28' title='bbox 616 694 671 779; x_wconf 86' lang='grc' dir='ltr'><em>γάρ</em></span> <span class='ocrx_word' id='word_1_29' title='bbox 690 694 780 760; x_wconf 79' lang='grc' dir='ltr'><em>αὐτὸν</em></span> <span class='ocrx_word' id='word_1_30' title='bbox 798 698 1002 780; x_wconf 77' lang='grc' dir='ltr'><em>γεγεννηκέναι</em></span> <span class='ocrx_word' id='word_1_31' title='bbox 1018 695 1091 761; x_wconf 78' lang='grc' dir='ltr'><em>ἑπτά</em></span> <span class='ocrx_word' id='word_1_32' title='bbox 1107 695 1286 783; x_wconf 83' lang='grc' dir='ltr'><em>Ἀλλογενεῖς</em></span> <span class='ocrx_word' id='word_1_33' title='bbox 1300 728 1348 765; x_wconf 83' lang='grc' dir='ltr'><em>ιτα-</em></span> 
     </span>
     <span class='ocr_line' id='line_1_5' title="bbox 187 796 1347 885; baseline 0.004 -23"><span class='ocrx_word' id='word_1_34' title='bbox 187 801 358 882; x_wconf 84' lang='grc' dir='ltr'><em>λουμένους,</em></span> <span class='ocrx_word' id='word_1_35' title='bbox 382 796 421 873; x_wconf 89' lang='grc' dir='ltr'><em>ῶς</em></span> <span class='ocrx_word' id='word_1_36' title='bbox 436 801 486 861; x_wconf 85' lang='grc' dir='ltr'><em>καὶ</em></span> <span class='ocrx_word' id='word_1_37' title='bbox 502 800 532 862; x_wconf 90' lang='grc' dir='ltr'><em>έν</em></span> <span class='ocrx_word' id='word_1_38' title='bbox 547 796 646 872; x_wconf 90' lang='grc' dir='ltr'><em>άλλαις</em></span> <span class='ocrx_word' id='word_1_39' title='bbox 660 800 803 878; x_wconf 81' lang='grc' dir='ltr'><em>αίρὲσεσιν</em></span> <span class='ocrx_word' id='word_1_40' title='bbox 818 797 988 882; x_wconf 79' lang='grc' dir='ltr'><em>εἰρήκαμεν,</em></span> <span class='ocrx_word' id='word_1_41' title='bbox 1014 806 1190 867; x_wconf 86' lang='grc' dir='ltr'><em>Γνωστεκῶν</em></span> <span class='ocrx_word' id='word_1_42' title='bbox 1205 828 1286 885; x_wconf 85' lang='grc' dir='ltr'><em>φημι</em></span> <span class='ocrx_word' id='word_1_43' title='bbox 1299 806 1347 867; x_wconf 84' lang='grc' dir='ltr'><em>καί</em></span> 
     </span>
     <span class='ocr_line' id='line_1_6' title="bbox 188 894 1347 987; baseline 0.004 -23"><span class='ocrx_word' id='word_1_44' title='bbox 188 909 360 983; x_wconf 88' lang='grc' dir='ltr'><em>Σηθιανῶν.</em></span> <span class='ocrx_word' id='word_1_45' title='bbox 408 894 497 965; x_wconf 83' lang='grc' dir='ltr'><em>Οὗτοι</em></span> <span class='ocrx_word' id='word_1_46' title='bbox 520 902 551 963; x_wconf 82' lang='grc' dir='ltr'><em>δὲ</em></span> <span class='ocrx_word' id='word_1_47' title='bbox 572 903 621 963; x_wconf 84' lang='grc' dir='ltr'><em>καὶ</em></span> <span class='ocrx_word' id='word_1_48' title='bbox 639 899 745 975; x_wconf 86' lang='grc' dir='ltr'><em>άλλους</em></span> <span class='ocrx_word' id='word_1_49' title='bbox 761 900 920 984; x_wconf 78' lang='grc' dir='ltr'><strong><em>προφήτας</em></strong></span> <span class='ocrx_word' id='word_1_50' title='bbox 937 904 1028 981; x_wconf 85' lang='grc' dir='ltr'><em>φασίν</em></span> <span class='ocrx_word' id='word_1_51' title='bbox 1048 900 1137 983; x_wconf 81' lang='grc' dir='ltr'><em>εἶναι,</em></span> <span class='ocrx_word' id='word_1_52' title='bbox 1169 904 1347 987; x_wconf 83' lang='grc' dir='ltr'><em>Μαρτιάδην</em></span> 
     </span>
     <span class='ocr_line' id='line_1_7' title="bbox 186 1000 1346 1094; baseline 0.004 -26"><span class='ocrx_word' id='word_1_53' title='bbox 186 1003 250 1068; x_wconf 86' lang='grc' dir='ltr'><em>τινά</em></span> <span class='ocrx_word' id='word_1_54' title='bbox 265 1006 317 1068; x_wconf 82' lang='grc' dir='ltr'><em>καί</em></span> <span class='ocrx_word' id='word_1_55' title='bbox 333 1002 526 1087; x_wconf 86' lang='grc' dir='ltr'><em>Μαρσιανδν,</em></span> <span class='ocrx_word' id='word_1_56' title='bbox 559 1000 742 1088; x_wconf 84' lang='grc' dir='ltr'><em>άρπαγὲντας</em></span> <span class='ocrx_word' id='word_1_57' title='bbox 760 1006 801 1077; x_wconf 86' lang='grc' dir='ltr'><em>είς</em></span> <span class='ocrx_word' id='word_1_58' title='bbox 816 1000 886 1077; x_wconf 84' lang='grc' dir='ltr'><em>τοῦς</em></span> <span class='ocrx_word' id='word_1_59' title='bbox 901 1001 1064 1087; x_wconf 83' lang='grc' dir='ltr'><em>οὐρανοῦς,</em></span> <span class='ocrx_word' id='word_1_60' title='bbox 1094 1008 1145 1071; x_wconf 84' lang='grc' dir='ltr'><em>καλ</em></span> <span class='ocrx_word' id='word_1_61' title='bbox 1165 1006 1216 1071; x_wconf 85' lang='grc' dir='ltr'><em>διά</em></span> <span class='ocrx_word' id='word_1_62' title='bbox 1230 1005 1346 1094; x_wconf 69' lang='grc' dir='ltr'><em>ἡμερῶν</em></span> 
     </span>
     <span class='ocr_line' id='line_1_8' title="bbox 186 1103 1345 1191; baseline 0.003 -20"><span class='ocrx_word' id='word_1_63' title='bbox 186 1114 276 1191; x_wconf 91' lang='grc' dir='ltr'><em>τριῶν</em></span> <span class='ocrx_word' id='word_1_64' title='bbox 290 1105 538 1187; x_wconf 79' lang='grc' dir='ltr'><strong><em>καταβεβηκότας.</em></strong></span> <span class='ocrx_word' id='word_1_65' title='bbox 586 1107 643 1167; x_wconf 80' lang='grc' dir='ltr'><em>Καὶ</em></span> <span class='ocrx_word' id='word_1_66' title='bbox 662 1103 754 1168; x_wconf 91' lang='grc' dir='ltr'><em>πολλά</em></span> <span class='ocrx_word' id='word_1_67' title='bbox 769 1107 846 1169; x_wconf 77' lang='grc' dir='ltr'><em>ἐστιν</em></span> <span class='ocrx_word' id='word_1_68' title='bbox 863 1104 882 1168; x_wconf 81' lang='grc' dir='ltr'><em>δ</em></span> <span class='ocrx_word' id='word_1_69' title='bbox 899 1115 1139 1186; x_wconf 83' lang='grc' dir='ltr'><em>μυθοποιοῦντες</em></span> <span class='ocrx_word' id='word_1_70' title='bbox 1152 1117 1291 1187; x_wconf 87' lang='grc' dir='ltr'><em>πλαστῶς</em></span> <span class='ocrx_word' id='word_1_71' title='bbox 1303 1113 1345 1175; x_wconf 85' lang='grc' dir='ltr'><em>έκ-</em></span> 
     </span>
     <span class='ocr_line' id='line_1_9' title="bbox 62 1206 1344 1298; baseline 0.004 -26"><span class='ocrx_word' id='word_1_72' title='bbox 62 1244 112 1287; x_wconf 73' lang='lat' dir='ltr'>pag.</span> <span class='ocrx_word' id='word_1_73' title='bbox 126 1232 171 1272; x_wconf 77' lang='grc' dir='ltr'><em>ωε.</em></span> <span class='ocrx_word' id='word_1_74' title='bbox 185 1217 327 1287; x_wconf 85' lang='grc' dir='ltr'><em>τυποῦσι,</em></span> <span class='ocrx_word' id='word_1_75' title='bbox 358 1206 519 1290; x_wconf 74' lang='grc' dir='ltr'><strong><em>βλάσφημα</em></strong></span> <span class='ocrx_word' id='word_1_76' title='bbox 541 1233 571 1271; x_wconf 89' lang='grc' dir='ltr'><em>τε</em></span> <span class='ocrx_word' id='word_1_77' title='bbox 592 1206 767 1282; x_wconf 76' lang='grc' dir='ltr'><em>πλάττοντες</em></span> <span class='ocrx_word' id='word_1_78' title='bbox 788 1207 862 1271; x_wconf 86' lang='grc' dir='ltr'><em>κατά</em></span> <span class='ocrx_word' id='word_1_79' title='bbox 880 1215 935 1271; x_wconf 89' lang='grc' dir='ltr'><em>τοῦ</em></span> <span class='ocrx_word' id='word_1_80' title='bbox 951 1206 1037 1284; x_wconf 75' lang='grc' dir='ltr'><em>ὄντος</em></span> <span class='ocrx_word' id='word_1_81' title='bbox 1052 1218 1129 1274; x_wconf 83' lang='grc' dir='ltr'><em>θεοῦ</em></span> <span class='ocrx_word' id='word_1_82' title='bbox 1146 1212 1344 1298; x_wconf 86' lang='grc' dir='ltr'><em>παντοκράτο-</em></span> 
     </span>
     <span class='ocr_line' id='line_1_10' title="bbox 186 1307 1344 1395; baseline 0.004 -20"><span class='ocrx_word' id='word_1_83' title='bbox 186 1338 254 1395; x_wconf 88' lang='grc' dir='ltr'><em>ρος,</em></span> <span class='ocrx_word' id='word_1_84' title='bbox 277 1308 389 1394; x_wconf 79' lang='grc' dir='ltr'><em>πατρίς</em></span> <span class='ocrx_word' id='word_1_85' title='bbox 403 1318 457 1374; x_wconf 90' lang='grc' dir='ltr'><em>τοῦ</em></span> <span class='ocrx_word' id='word_1_86' title='bbox 471 1315 576 1393; x_wconf 85' lang='grc' dir='ltr'><em>κυρίου</em></span> <span class='ocrx_word' id='word_1_87' title='bbox 592 1307 677 1390; x_wconf 76' lang='grc' dir='ltr'><em>ἡμῶν</em></span> <span class='ocrx_word' id='word_1_88' title='bbox 690 1308 785 1391; x_wconf 80' lang='grc' dir='ltr'><em>Ἰησοῦ</em></span> <span class='ocrx_word' id='word_1_89' title='bbox 803 1316 950 1395; x_wconf 76' lang='grc' dir='ltr'><em>Χριστοῦ,</em></span> <span class='ocrx_word' id='word_1_90' title='bbox 975 1307 1181 1395; x_wconf 75' lang='grc' dir='ltr'><em>(ὅς”Αρχοντος</em></span> <span class='ocrx_word' id='word_1_91' title='bbox 1196 1312 1285 1391; x_wconf 87' lang='grc' dir='ltr'><em>ίίνεος</em></span> <span class='ocrx_word' id='word_1_92' title='bbox 1297 1318 1344 1379; x_wconf 86' lang='grc' dir='ltr'><em>καλ</em></span> 
     </span>
     <span class='ocr_line' id='line_1_11' title="bbox 184 1410 1342 1499; baseline 0.005 -22"><span class='ocrx_word' id='word_1_93' title='bbox 184 1418 329 1497; x_wconf 80' lang='grc' dir='ltr'><em>πονηρίας</em></span> <span class='ocrx_word' id='word_1_94' title='bbox 352 1410 488 1497; x_wconf 79' lang='grc' dir='ltr'><em>εὑρετοῦ,</em></span> <span class='ocrx_word' id='word_1_95' title='bbox 520 1410 559 1487; x_wconf 85' lang='grc' dir='ltr'><em>ῶς</em></span> <span class='ocrx_word' id='word_1_96' title='bbox 583 1410 631 1475; x_wconf 83' lang='grc' dir='ltr'><em>ὐπ’</em></span> <span class='ocrx_word' id='word_1_97' title='bbox 654 1410 751 1476; x_wconf 88' lang='grc' dir='ltr'><em>αὐτῶν</em></span> <span class='ocrx_word' id='word_1_98' title='bbox 773 1420 831 1477; x_wconf 88' lang='grc' dir='ltr'><em>τῶν</em></span> <span class='ocrx_word' id='word_1_99' title='bbox 850 1412 919 1496; x_wconf 87' lang='grc' dir='ltr'><em>παρ’</em></span> <span class='ocrx_word' id='word_1_100' title='bbox 935 1411 1037 1489; x_wconf 87' lang='grc' dir='ltr'><em>αὐτοῖς</em></span> <span class='ocrx_word' id='word_1_101' title='bbox 1054 1413 1152 1499; x_wconf 88' lang='grc' dir='ltr'><em>λόγων</em></span> <span class='ocrx_word' id='word_1_102' title='bbox 1169 1413 1342 1483; x_wconf 84' lang='grc' dir='ltr'><em>άλίσιιονεαι.</em></span> 
     </span>
     <span class='ocr_line' id='line_1_12' title="bbox 185 1512 1343 1604; baseline 0.009 -27"><span class='ocrx_word' id='word_1_103' title='bbox 185 1518 227 1577; x_wconf 74' lang='lat' dir='ltr'><em>Et</em></span> <span class='ocrx_word' id='word_1_104' title='bbox 244 1514 300 1599; x_wconf 87' lang='grc' dir='ltr'><em>γάρ</em></span> <span class='ocrx_word' id='word_1_105' title='bbox 319 1523 458 1599; x_wconf 83' lang='grc' dir='ltr'><em>πονηρῶν</em></span> <span class='ocrx_word' id='word_1_106' title='bbox 476 1518 552 1578; x_wconf 77' lang='grc' dir='ltr'><em>ἐστιν</em></span> <span class='ocrx_word' id='word_1_107' title='bbox 568 1512 687 1595; x_wconf 72' lang='grc' dir='ltr'><em>εὑρετής</em></span> <span class='ocrx_word' id='word_1_108' title='bbox 701 1517 752 1578; x_wconf 85' lang='grc' dir='ltr'><em>καί</em></span> <span class='ocrx_word' id='word_1_109' title='bbox 767 1513 944 1593; x_wconf 87' lang='grc' dir='ltr'><em>κακοποιδς,</em></span> <span class='ocrx_word' id='word_1_110' title='bbox 967 1524 1032 1591; x_wconf 90' lang='grc' dir='ltr'><em>πῶς</em></span> <span class='ocrx_word' id='word_1_111' title='bbox 1048 1514 1142 1593; x_wconf 86' lang='grc' dir='ltr'><em>εὐθύς</em></span> <span class='ocrx_word' id='word_1_112' title='bbox 1158 1515 1215 1583; x_wconf 85' lang='grc' dir='ltr'><em>οὐκ</em></span> <span class='ocrx_word' id='word_1_113' title='bbox 1231 1517 1343 1604; x_wconf 80' lang='grc' dir='ltr'><em>άγαθίς</em></span> 
     </span>
     <span class='ocr_line' id='line_1_13' title="bbox 185 1615 1342 1707; baseline 0.004 -27"><span class='ocrx_word' id='word_1_114' title='bbox 185 1615 335 1700; x_wconf 78' lang='grc' dir='ltr'><em>εὐρεθείη,</em></span> <span class='ocrx_word' id='word_1_115' title='bbox 359 1616 399 1693; x_wconf 85' lang='grc' dir='ltr'><em>ῶς</em></span> <span class='ocrx_word' id='word_1_116' title='bbox 418 1619 469 1681; x_wconf 85' lang='grc' dir='ltr'><em>καί</em></span> <span class='ocrx_word' id='word_1_117' title='bbox 486 1620 516 1681; x_wconf 84' lang='grc' dir='ltr'><em>ἕν</em></span> <span class='ocrx_word' id='word_1_118' title='bbox 533 1626 598 1692; x_wconf 82' lang='grc' dir='ltr'><em>ταῖς</em></span> <span class='ocrx_word' id='word_1_119' title='bbox 614 1615 713 1691; x_wconf 88' lang='grc' dir='ltr'><em>άλλαις</em></span> <span class='ocrx_word' id='word_1_120' title='bbox 729 1619 872 1701; x_wconf 76' lang='grc' dir='ltr'><em>αἱρέσεσιν</em></span> <span class='ocrx_word' id='word_1_121' title='bbox 887 1621 1024 1699; x_wconf 85' lang='grc' dir='ltr'><em>είιιαμεν,</em></span> <span class='ocrx_word' id='word_1_122' title='bbox 1046 1616 1121 1683; x_wconf 81' lang='grc' dir='ltr'><em>κατά</em></span> <span class='ocrx_word' id='word_1_123' title='bbox 1136 1628 1281 1707; x_wconf 76' lang='grc' dir='ltr'><em>πορνείας</em></span> <span class='ocrx_word' id='word_1_124' title='bbox 1295 1624 1342 1687; x_wconf 85' lang='grc' dir='ltr'><em>ιιτλ</em></span> 
     </span>
     <span class='ocr_line' id='line_1_14' title="bbox 186 1718 1343 1807; baseline 0.006 -24"><span class='ocrx_word' id='word_1_125' title='bbox 186 1725 316 1802; x_wconf 85' lang='grc' dir='ltr'><em>μοιχείας</em></span> <span class='ocrx_word' id='word_1_126' title='bbox 337 1723 387 1784; x_wconf 84' lang='grc' dir='ltr'><em>καὶ</em></span> <span class='ocrx_word' id='word_1_127' title='bbox 410 1718 545 1804; x_wconf 77' lang='grc' dir='ltr'><em>άρπαγῆς</em></span> <span class='ocrx_word' id='word_1_128' title='bbox 568 1722 619 1783; x_wconf 85' lang='grc' dir='ltr'><em>καὶ</em></span> <span class='ocrx_word' id='word_1_129' title='bbox 639 1724 804 1795; x_wconf 81' lang='grc' dir='ltr'><em>πλεονεξίας</em></span> <span class='ocrx_word' id='word_1_130' title='bbox 823 1719 1041 1802; x_wconf 83' lang='grc' dir='ltr'><em>νομοθετήσας;</em></span> <span class='ocrx_word' id='word_1_131' title='bbox 1076 1720 1153 1786; x_wconf 86' lang='grc' dir='ltr'><em>Θεδν</em></span> <span class='ocrx_word' id='word_1_132' title='bbox 1174 1720 1232 1807; x_wconf 81' lang='grc' dir='ltr'><em>γάρ</em></span> <span class='ocrx_word' id='word_1_133' title='bbox 1255 1722 1343 1789; x_wconf 74' lang='grc' dir='ltr'><em>αὐτῶν</em></span> 
     </span>
     <span class='ocr_line' id='line_1_15' title="bbox 181 1820 1340 1907; baseline 0.006 -22"><span class='ocrx_word' id='word_1_134' title='bbox 181 1827 238 1886; x_wconf 91' lang='grc' dir='ltr'><em>τῶν</em></span> <span class='ocrx_word' id='word_1_135' title='bbox 255 1820 407 1888; x_wconf 83' lang='grc' dir='ltr'><em>Ἰουδαίων</em></span> <span class='ocrx_word' id='word_1_136' title='bbox 425 1825 475 1887; x_wconf 83' lang='grc' dir='ltr'><em>καὶ</em></span> <span class='ocrx_word' id='word_1_137' title='bbox 493 1820 576 1886; x_wconf 78' lang='grc' dir='ltr'><em>αὐτοὶ</em></span> <span class='ocrx_word' id='word_1_138' title='bbox 593 1824 724 1907; x_wconf 79' lang='grc' dir='ltr'><em>λέγουσι,</em></span> <span class='ocrx_word' id='word_1_139' title='bbox 747 1831 809 1896; x_wconf 80' lang='grc' dir='ltr'><em>τοῖς</em></span> <span class='ocrx_word' id='word_1_140' title='bbox 824 1821 980 1898; x_wconf 81' lang='grc' dir='ltr'><em>Ἰουδαίοις</em></span> <span class='ocrx_word' id='word_1_141' title='bbox 997 1824 1028 1887; x_wconf 84' lang='grc' dir='ltr'><em>δὲ</em></span> <span class='ocrx_word' id='word_1_142' title='bbox 1045 1822 1097 1887; x_wconf 89' lang='grc' dir='ltr'><em>τδν</em></span> <span class='ocrx_word' id='word_1_143' title='bbox 1112 1822 1207 1907; x_wconf 87' lang='grc' dir='ltr'><em>νόμον</em></span> <span class='ocrx_word' id='word_1_144' title='bbox 1221 1828 1340 1903; x_wconf 74' lang='grc' dir='ltr'><em>ἔδωκεν,</em></span> 
     </span>
    </p>
   </div>
   <div class='ocr_carea' id='block_1_3' title="bbox 181 1917 1342 2013">
    <p class='ocr_par' dir='ltr' id='par_1_3' title="bbox 181 1917 1342 2013">
     <span class='ocr_line' id='line_1_16' title="bbox 181 1917 1342 2013; baseline 0.003 -24"><span class='ocrx_word' id='word_1_145' title='bbox 181 1929 212 1989; x_wconf 75' lang='grc' dir='ltr'><em>ἐν</em></span> <span class='ocrx_word' id='word_1_146' title='bbox 228 1917 252 2013; x_wconf 73' lang='grc' dir='ltr'><em>ᾧ</em></span> <span class='ocrx_word' id='word_1_147' title='bbox 267 1924 362 1989; x_wconf 89' lang='grc' dir='ltr'><em>πάντα</em></span> <span class='ocrx_word' id='word_1_148' title='bbox 377 1932 469 1988; x_wconf 89' lang='grc' dir='ltr'><em>ταῦτα</em></span> <span class='ocrx_word' id='word_1_149' title='bbox 485 1923 687 2009; x_wconf 72' lang='grc' dir='ltr'><em>ἀπηγόρευσεν</em></span> <span class='ocrx_word' id='word_1_150' title='bbox 702 1918 745 1988; x_wconf 88' lang='grc' dir='ltr'><em>ῶν</em></span> <span class='ocrx_word' id='word_1_151' title='bbox 759 1922 879 2008; x_wconf 72' lang='grc' dir='ltr'><em>εὑρετῶν</em></span> <span class='ocrx_word' id='word_1_152' title='bbox 894 1922 985 1990; x_wconf 80' lang='grc' dir='ltr'><em>αὐτῶν</em></span> <span class='ocrx_word' id='word_1_153' title='bbox 997 1926 1132 2010; x_wconf 85' lang='grc' dir='ltr'><em>λέγουσιν</em></span> <span class='ocrx_word' id='word_1_154' title='bbox 1150 1922 1236 1992; x_wconf 74' lang='grc' dir='ltr'><em>εἶναι.</em></span> <span class='ocrx_word' id='word_1_155' title='bbox 1272 1934 1342 2005; x_wconf 83' lang='grc' dir='ltr'><em>Πῶς</em></span> 
     </span>
    </p>
   </div>
   <div class='ocr_carea' id='block_1_4' title="bbox 168 2023 1340 4479">
    <p class='ocr_par' dir='ltr' id='par_1_4' title="bbox 177 2023 1340 2809">
     <span class='ocr_line' id='line_1_17' title="bbox 180 2023 1339 2112; baseline 0.003 -21"><span class='ocrx_word' id='word_1_156' title='bbox 180 2029 212 2091; x_wconf 81' lang='grc' dir='ltr'><em>δὲ</em></span> <span class='ocrx_word' id='word_1_157' title='bbox 235 2027 330 2112; x_wconf 72' lang='grc' dir='ltr'><em>πατὴρ</em></span> <span class='ocrx_word' id='word_1_158' title='bbox 353 2036 407 2092; x_wconf 92' lang='grc' dir='ltr'><em>τοῦ</em></span> <span class='ocrx_word' id='word_1_159' title='bbox 430 2035 551 2091; x_wconf 79' lang='grc' dir='ltr'><em>Σατανᾶ</em></span> <span class='ocrx_word' id='word_1_160' title='bbox 570 2032 693 2109; x_wconf 75' lang='grc' dir='ltr'><em>κληθείη</em></span> <span class='ocrx_word' id='word_1_161' title='bbox 716 2024 734 2091; x_wconf 83' lang='grc' dir='ltr'><em>δ</em></span> <span class='ocrx_word' id='word_1_162' title='bbox 757 2025 819 2090; x_wconf 89' lang='grc' dir='ltr'><em>κατ’</em></span> <span class='ocrx_word' id='word_1_163' title='bbox 841 2023 934 2092; x_wconf 87' lang='grc' dir='ltr'><em>αὐτοῦ</em></span> <span class='ocrx_word' id='word_1_164' title='bbox 957 2026 993 2092; x_wconf 83' lang='grc' dir='ltr'><em>τά</em></span> <span class='ocrx_word' id='word_1_165' title='bbox 1014 2036 1142 2094; x_wconf 89' lang='grc' dir='ltr'><em>τοσαῦτα</em></span> <span class='ocrx_word' id='word_1_166' title='bbox 1165 2027 1339 2109; x_wconf 67' lang='grc' dir='ltr'><em>νἰεοδείξαςς</em></span> 
     </span>
     <span class='ocr_line' id='line_1_18' title="bbox 182 2126 1340 2215; baseline 0.004 -23"><span class='ocrx_word' id='word_1_167' title='bbox 182 2133 243 2195; x_wconf 78' lang='grc' dir='ltr'><em>Καὶ</em></span> <span class='ocrx_word' id='word_1_168' title='bbox 264 2133 291 2194; x_wconf 87' lang='grc' dir='ltr'><em>εί</em></span> <span class='ocrx_word' id='word_1_169' title='bbox 306 2129 458 2215; x_wconf 83' lang='grc' dir='ltr'><em>άλλύτριός</em></span> <span class='ocrx_word' id='word_1_170' title='bbox 480 2133 540 2195; x_wconf 78' lang='grc' dir='ltr'><em>ἔστι</em></span> <span class='ocrx_word' id='word_1_171' title='bbox 561 2138 614 2194; x_wconf 85' lang='grc' dir='ltr'><em>τοῦ</em></span> <span class='ocrx_word' id='word_1_172' title='bbox 637 2128 698 2194; x_wconf 83' lang='grc' dir='ltr'><em>άνω</em></span> <span class='ocrx_word' id='word_1_173' title='bbox 716 2128 784 2211; x_wconf 87' lang='grc' dir='ltr'><em>παρ’</em></span> <span class='ocrx_word' id='word_1_174' title='bbox 802 2126 903 2205; x_wconf 82' lang='grc' dir='ltr'><em>αὐτοῖς</em></span> <span class='ocrx_word' id='word_1_175' title='bbox 918 2132 1075 2215; x_wconf 72' lang='grc' dir='ltr'><em>λεγομένου</em></span> <span class='ocrx_word' id='word_1_176' title='bbox 1092 2140 1187 2209; x_wconf 80' lang='grc' dir='ltr'><em>θεοῦ,</em></span> <span class='ocrx_word' id='word_1_177' title='bbox 1215 2136 1266 2197; x_wconf 80' lang='grc' dir='ltr'><em>καί</em></span> <span class='ocrx_word' id='word_1_178' title='bbox 1287 2130 1340 2199; x_wconf 71' lang='grc' dir='ltr'><em>οὐκ</em></span> 
     </span>
     <span class='ocr_line' id='line_1_19' title="bbox 181 2228 1340 2319; baseline 0.004 -23"><span class='ocrx_word' id='word_1_179' title='bbox 181 2231 270 2307; x_wconf 86' lang='grc' dir='ltr'><em>αὐτός</em></span> <span class='ocrx_word' id='word_1_180' title='bbox 287 2236 364 2297; x_wconf 80' lang='grc' dir='ltr'><em>ἐστιν</em></span> <span class='ocrx_word' id='word_1_181' title='bbox 383 2230 490 2306; x_wconf 85' lang='grc' dir='ltr'><em>δθεδς</em></span> <span class='ocrx_word' id='word_1_182' title='bbox 511 2229 528 2297; x_wconf 86' lang='grc' dir='ltr'><em>ὐ</em></span> <span class='ocrx_word' id='word_1_183' title='bbox 546 2232 774 2317; x_wconf 78' lang='grc' dir='ltr'><em>παντοκράτωρ,</em></span> <span class='ocrx_word' id='word_1_184' title='bbox 797 2228 967 2313; x_wconf 85' lang='grc' dir='ltr'><em>ὁβασιλεῦς</em></span> <span class='ocrx_word' id='word_1_185' title='bbox 982 2234 1034 2298; x_wconf 82' lang='grc' dir='ltr'><em>καί</em></span> <span class='ocrx_word' id='word_1_186' title='bbox 1049 2232 1154 2319; x_wconf 84' lang='grc' dir='ltr'><em>κύριος</em></span> <span class='ocrx_word' id='word_1_187' title='bbox 1174 2232 1302 2317; x_wconf 53' lang='grc' dir='ltr'><em>8ἡμῶν,</em></span> <span class='ocrx_word' id='word_1_188' title='bbox 1322 2232 1340 2301; x_wconf 82' lang='grc' dir='ltr'><em>ν’</em></span> 
     </span>
     <span class='ocr_line' id='line_1_20' title="bbox 181 2332 1339 2424; baseline 0.005 -25"><span class='ocrx_word' id='word_1_189' title='bbox 181 2338 211 2399; x_wconf 85' lang='grc' dir='ltr'><em>έν</em></span> <span class='ocrx_word' id='word_1_190' title='bbox 233 2333 316 2424; x_wconf 78' lang='grc' dir='ltr'><em>νόμῳ</em></span> <span class='ocrx_word' id='word_1_191' title='bbox 339 2336 387 2398; x_wconf 87' lang='grc' dir='ltr'><em>καλ</em></span> <span class='ocrx_word' id='word_1_192' title='bbox 411 2337 444 2399; x_wconf 87' lang='grc' dir='ltr'><em>έν</em></span> <span class='ocrx_word' id='word_1_193' title='bbox 465 2332 640 2419; x_wconf 76' lang='grc' dir='ltr'><em>εὐαγγελίοις</em></span> <span class='ocrx_word' id='word_1_194' title='bbox 661 2336 710 2398; x_wconf 82' lang='grc' dir='ltr'><em>καί</em></span> <span class='ocrx_word' id='word_1_195' title='bbox 734 2337 766 2399; x_wconf 87' lang='grc' dir='ltr'><em>έν</em></span> <span class='ocrx_word' id='word_1_196' title='bbox 786 2334 956 2419; x_wconf 75' lang='grc' dir='ltr'><em>προφήταις</em></span> <span class='ocrx_word' id='word_1_197' title='bbox 977 2337 1028 2399; x_wconf 83' lang='grc' dir='ltr'><em>καὶ</em></span> <span class='ocrx_word' id='word_1_198' title='bbox 1051 2332 1231 2413; x_wconf 77' lang='grc' dir='ltr'><em>άποστόλσις</em></span> <span class='ocrx_word' id='word_1_199' title='bbox 1253 2336 1339 2413; x_wconf 60' lang='lat' dir='ltr'><em>effic</em></span> 
     </span>
     <span class='ocr_line' id='line_1_21' title="bbox 178 2434 1338 2522; baseline 0.005 -21"><span class='ocrx_word' id='word_1_200' title='bbox 178 2436 252 2513; x_wconf 85' lang='grc' dir='ltr'><em>θεάς</em></span> <span class='ocrx_word' id='word_1_201' title='bbox 270 2435 390 2522; x_wconf 77' lang='grc' dir='ltr'><em>κάρτος,</em></span> <span class='ocrx_word' id='word_1_202' title='bbox 420 2435 517 2519; x_wconf 79' lang='grc' dir='ltr'><em>πατὴρ</em></span> <span class='ocrx_word' id='word_1_203' title='bbox 536 2438 567 2501; x_wconf 82' lang='grc' dir='ltr'><em>δὲ</em></span> <span class='ocrx_word' id='word_1_204' title='bbox 585 2444 637 2501; x_wconf 90' lang='grc' dir='ltr'><em>τοῦ</em></span> <span class='ocrx_word' id='word_1_205' title='bbox 654 2442 761 2520; x_wconf 88' lang='grc' dir='ltr'><em>κυρίου</em></span> <span class='ocrx_word' id='word_1_206' title='bbox 780 2434 866 2519; x_wconf 78' lang='grc' dir='ltr'><em>ημῶν</em></span> <span class='ocrx_word' id='word_1_207' title='bbox 881 2434 979 2519; x_wconf 85' lang='grc' dir='ltr'><em>Ἰησοῦ</em></span> <span class='ocrx_word' id='word_1_208' title='bbox 998 2444 1137 2520; x_wconf 87' lang='grc' dir='ltr'><em>Χριστοῦ.</em></span> <span class='ocrx_word' id='word_1_209' title='bbox 1181 2436 1236 2515; x_wconf 75' lang='grc' dir='ltr'><em>Ὡς</em></span> <span class='ocrx_word' id='word_1_210' title='bbox 1254 2438 1338 2516; x_wconf 76' lang='grc' dir='ltr'><em>αὐεδς</em></span> 
     </span>
     <span class='ocr_line' id='line_1_22' title="bbox 179 2536 1336 2627; baseline 0.005 -24"><span class='ocrx_word' id='word_1_211' title='bbox 179 2538 311 2605; x_wconf 73' lang='grc' dir='ltr'><em>διδάσκει</em></span> <span class='ocrx_word' id='word_1_212' title='bbox 327 2547 433 2619; x_wconf 80' lang='grc' dir='ltr'><em>σαφῶς</em></span> <span class='ocrx_word' id='word_1_213' title='bbox 450 2538 527 2621; x_wconf 74' lang='grc' dir='ltr'><em>ἡμᾶς</em></span> <span class='ocrx_word' id='word_1_214' title='bbox 545 2536 563 2604; x_wconf 83' lang='grc' dir='ltr'><em>ά</em></span> <span class='ocrx_word' id='word_1_215' title='bbox 579 2537 682 2624; x_wconf 86' lang='grc' dir='ltr'><em>κάριος</em></span> <span class='ocrx_word' id='word_1_216' title='bbox 700 2542 732 2603; x_wconf 80' lang='grc' dir='ltr'><em>ἐν</em></span> <span class='ocrx_word' id='word_1_217' title='bbox 750 2537 919 2627; x_wconf 81' lang='grc' dir='ltr'><em>εὐαγγελίῳ,</em></span> <span class='ocrx_word' id='word_1_218' title='bbox 947 2541 1055 2624; x_wconf 86' lang='grc' dir='ltr'><em>λέγων,</em></span> <span class='ocrx_word' id='word_1_219' title='bbox 1086 2538 1267 2625; x_wconf 77' lang='grc' dir='ltr'><em>Εὐχαρισεῶ</em></span> <span class='ocrx_word' id='word_1_220' title='bbox 1283 2565 1336 2621; x_wconf 85' lang='grc' dir='ltr'><em>σοι,</em></span> 
     </span>
     <span class='ocr_line' id='line_1_23' title="bbox 178 2639 1337 2730; baseline 0.006 -25"><span class='ocrx_word' id='word_1_221' title='bbox 178 2639 286 2727; x_wconf 88' lang='grc' dir='ltr'><em>πάτερ,</em></span> <span class='ocrx_word' id='word_1_222' title='bbox 309 2641 394 2728; x_wconf 86' lang='grc' dir='ltr'><em>κῦριε</em></span> <span class='ocrx_word' id='word_1_223' title='bbox 412 2640 548 2726; x_wconf 77' lang='grc' dir='ltr'><em>οὐρανῶν</em></span> <span class='ocrx_word' id='word_1_224' title='bbox 565 2644 616 2705; x_wconf 84' lang='grc' dir='ltr'><em>καί</em></span> <span class='ocrx_word' id='word_1_225' title='bbox 632 2648 700 2727; x_wconf 75' lang='grc' dir='ltr'><em>γῆς,</em></span> <span class='ocrx_word' id='word_1_226' title='bbox 723 2646 772 2705; x_wconf 87' lang='grc' dir='ltr'><em>ίυα</em></span> <span class='ocrx_word' id='word_1_227' title='bbox 789 2645 869 2730; x_wconf 83' lang='grc' dir='ltr'><em>δείξη</em></span> <span class='ocrx_word' id='word_1_228' title='bbox 886 2640 939 2707; x_wconf 88' lang='grc' dir='ltr'><em>τδν</em></span> <span class='ocrx_word' id='word_1_229' title='bbox 955 2640 1048 2708; x_wconf 88' lang='grc' dir='ltr'><em>αὐτοῦ</em></span> <span class='ocrx_word' id='word_1_230' title='bbox 1064 2644 1180 2728; x_wconf 87' lang='grc' dir='ltr'><em>πατέρα</em></span> <span class='ocrx_word' id='word_1_231' title='bbox 1196 2642 1274 2711; x_wconf 75' lang='grc' dir='ltr'><em>θεῶν</em></span> <span class='ocrx_word' id='word_1_232' title='bbox 1290 2642 1337 2711; x_wconf 79' lang='grc' dir='ltr'><em>εδε</em></span> 
     </span>
     <span class='ocr_line' id='line_1_24' title="bbox 177 2743 304 2809; baseline 0.008 -1"><span class='ocrx_word' id='word_1_233' title='bbox 177 2743 304 2809; x_wconf 89' lang='grc' dir='ltr'><em>πάντων.</em></span> 
     </span>
    </p>

    <p class='ocr_par' dir='ltr' id='par_1_5' title="bbox 168 2844 1338 4479">
     <span class='ocr_line' id='line_1_25' title="bbox 269 2844 1337 2935; baseline 0.006 -26"><span class='ocrx_word' id='word_1_234' title='bbox 269 2848 330 2911; x_wconf 81' lang='grc' dir='ltr'><em>Καὶ</em></span> <span class='ocrx_word' id='word_1_235' title='bbox 354 2849 422 2932; x_wconf 88' lang='grc' dir='ltr'><em>περὶ</em></span> <span class='ocrx_word' id='word_1_236' title='bbox 446 2854 558 2927; x_wconf 88' lang='grc' dir='ltr'><em>νεκρῶν</em></span> <span class='ocrx_word' id='word_1_237' title='bbox 585 2844 771 2923; x_wconf 85' lang='grc' dir='ltr'><em>άναστάσεως</em></span> <span class='ocrx_word' id='word_1_238' title='bbox 793 2844 972 2926; x_wconf 74' lang='grc' dir='ltr'><em>ὑποφαίνων</em></span> <span class='ocrx_word' id='word_1_239' title='bbox 994 2849 1116 2914; x_wconf 71' lang='grc' dir='ltr'><em>ἔσεσθαι</em></span> <span class='ocrx_word' id='word_1_240' title='bbox 1140 2846 1232 2915; x_wconf 85' lang='grc' dir='ltr'><em>πάλιν</em></span> <span class='ocrx_word' id='word_1_241' title='bbox 1254 2852 1337 2935; x_wconf 75' lang='grc' dir='ltr'><em>φησί,</em></span> 
     </span>
     <span class='ocr_line' id='line_1_26' title="bbox 177 2947 1338 3035; baseline 0.007 -22"><span class='ocrx_word' id='word_1_242' title='bbox 177 2950 296 3015; x_wconf 88' lang='grc' dir='ltr'><em>Λύσατε</em></span> <span class='ocrx_word' id='word_1_243' title='bbox 316 2947 368 3014; x_wconf 90' lang='grc' dir='ltr'><em>τδν</em></span> <span class='ocrx_word' id='word_1_244' title='bbox 383 2948 458 3013; x_wconf 84' lang='grc' dir='ltr'><em>ναάν</em></span> <span class='ocrx_word' id='word_1_245' title='bbox 474 2958 594 3028; x_wconf 91' lang='grc' dir='ltr'><em>τοῦτον,</em></span> <span class='ocrx_word' id='word_1_246' title='bbox 625 2952 677 3014; x_wconf 83' lang='grc' dir='ltr'><em>καὶ</em></span> <span class='ocrx_word' id='word_1_247' title='bbox 695 2952 725 3014; x_wconf 85' lang='grc' dir='ltr'><em>έν</em></span> <span class='ocrx_word' id='word_1_248' title='bbox 741 2952 834 3035; x_wconf 83' lang='grc' dir='ltr'><em>τρισίν</em></span> <span class='ocrx_word' id='word_1_249' title='bbox 850 2948 975 3035; x_wconf 74' lang='grc' dir='ltr'><em>ἡμέραις</em></span> <span class='ocrx_word' id='word_1_250' title='bbox 992 2952 1082 3035; x_wconf 85' lang='grc' dir='ltr'><em>έγερῶ</em></span> <span class='ocrx_word' id='word_1_251' title='bbox 1100 2948 1203 3017; x_wconf 80' lang='grc' dir='ltr'><em>αὐτόν.</em></span> <span class='ocrx_word' id='word_1_252' title='bbox 1251 2952 1338 3021; x_wconf 70' lang='grc' dir='ltr'><em>Νεκῶν</em></span> 
     </span>
     <span class='ocr_line' id='line_1_27' title="bbox 177 3050 1338 3138; baseline 0.007 -23"><span class='ocrx_word' id='word_1_253' title='bbox 177 3054 209 3115; x_wconf 82' lang='grc' dir='ltr'><em>δὲ</em></span> <span class='ocrx_word' id='word_1_254' title='bbox 224 3056 300 3138; x_wconf 76' lang='grc' dir='ltr'><em>ἔλεγε</em></span> <span class='ocrx_word' id='word_1_255' title='bbox 315 3050 348 3117; x_wconf 83' lang='grc' dir='ltr'><em>τά</em></span> <span class='ocrx_word' id='word_1_256' title='bbox 367 3056 442 3117; x_wconf 89' lang='grc' dir='ltr'><em>ίδιον</em></span> <span class='ocrx_word' id='word_1_257' title='bbox 456 3060 550 3135; x_wconf 90' lang='grc' dir='ltr'><em>σῶμα,</em></span> <span class='ocrx_word' id='word_1_258' title='bbox 572 3051 715 3133; x_wconf 87' lang='grc' dir='ltr'><em>λυόμενον</em></span> <span class='ocrx_word' id='word_1_259' title='bbox 731 3054 784 3135; x_wconf 83' lang='grc' dir='ltr'><em>μὲν</em></span> <span class='ocrx_word' id='word_1_260' title='bbox 798 3050 848 3117; x_wconf 80' lang='grc' dir='ltr'><em>διά</em></span> <span class='ocrx_word' id='word_1_261' title='bbox 863 3060 967 3138; x_wconf 89' lang='grc' dir='ltr'><em>χειρῶν</em></span> <span class='ocrx_word' id='word_1_262' title='bbox 981 3050 1167 3137; x_wconf 83' lang='grc' dir='ltr'><em>άνθρῶπων,</em></span> <span class='ocrx_word' id='word_1_263' title='bbox 1189 3058 1338 3123; x_wconf 78' lang='grc' dir='ltr'><em>τουτέστιν</em></span> 
     </span>
     <span class='ocr_line' id='line_1_28' title="bbox 176 3152 1337 3239; baseline 0.007 -21"><span class='ocrx_word' id='word_1_264' title='bbox 176 3153 429 3236; x_wconf 84' lang='grc' dir='ltr'><em>άποκτεινόμενον.</em></span> <span class='ocrx_word' id='word_1_265' title='bbox 479 3152 518 3219; x_wconf 66' lang='lat' dir='ltr'><em>T&amp;</em></span> <span class='ocrx_word' id='word_1_266' title='bbox 542 3156 573 3218; x_wconf 79' lang='grc' dir='ltr'><em>δὲ</em></span> <span class='ocrx_word' id='word_1_267' title='bbox 593 3152 633 3236; x_wconf 77' lang='grc' dir='ltr'><em>μὴ</em></span> <span class='ocrx_word' id='word_1_268' title='bbox 653 3153 688 3220; x_wconf 85' lang='grc' dir='ltr'><em>δν</em></span> <span class='ocrx_word' id='word_1_269' title='bbox 705 3162 805 3237; x_wconf 90' lang='grc' dir='ltr'><em>σῶμα,</em></span> <span class='ocrx_word' id='word_1_270' title='bbox 836 3152 905 3219; x_wconf 84' lang='grc' dir='ltr'><em>είλλά</em></span> <span class='ocrx_word' id='word_1_271' title='bbox 926 3152 1047 3237; x_wconf 79' lang='grc' dir='ltr'><em>δοκήσει</em></span> <span class='ocrx_word' id='word_1_272' title='bbox 1065 3154 1267 3239; x_wconf 81' lang='grc' dir='ltr'><em>φαινόμενον,</em></span> <span class='ocrx_word' id='word_1_273' title='bbox 1297 3154 1337 3235; x_wconf 76' lang='grc' dir='ltr'><em>ῶς</em></span> 
     </span>
     <span class='ocr_line' id='line_1_29' title="bbox 176 3250 1338 3347; baseline 0.006 -25"><span class='ocrx_word' id='word_1_274' title='bbox 176 3250 259 3323; x_wconf 78' lang='grc' dir='ltr'><em>οὗτοι</em></span> <span class='ocrx_word' id='word_1_275' title='bbox 277 3257 365 3321; x_wconf 87' lang='grc' dir='ltr'><em>πάλιν</em></span> <span class='ocrx_word' id='word_1_276' title='bbox 381 3260 529 3343; x_wconf 81' lang='grc' dir='ltr'><em>λέγουσιν,</em></span> <span class='ocrx_word' id='word_1_277' title='bbox 553 3256 609 3321; x_wconf 89' lang='grc' dir='ltr'><em>οὐκ</em></span> <span class='ocrx_word' id='word_1_278' title='bbox 628 3257 664 3321; x_wconf 82' lang='grc' dir='ltr'><em>άν</em></span> <span class='ocrx_word' id='word_1_279' title='bbox 679 3255 809 3340; x_wconf 78' lang='grc' dir='ltr'><em>ήδύνατο</em></span> <span class='ocrx_word' id='word_1_280' title='bbox 826 3261 866 3333; x_wconf 89' lang='grc' dir='ltr'><em>είς</em></span> <span class='ocrx_word' id='word_1_281' title='bbox 880 3266 979 3343; x_wconf 84' lang='grc' dir='ltr'><em>χεῖρας</em></span> <span class='ocrx_word' id='word_1_282' title='bbox 993 3260 1147 3344; x_wconf 72' lang='grc' dir='ltr'><em>ἔρχεσθαι,</em></span> <span class='ocrx_word' id='word_1_283' title='bbox 1170 3262 1338 3347; x_wconf 76' lang='grc' dir='ltr'><em>έγείρεσθαί</em></span> 
     </span>
     <span class='ocr_line' id='line_1_30' title="bbox 175 3358 1336 3449; baseline 0.007 -26"><span class='ocrx_word' id='word_1_284' title='bbox 175 3387 204 3424; x_wconf 85' lang='grc' dir='ltr'><em>τε</em></span> <span class='ocrx_word' id='word_1_285' title='bbox 221 3369 257 3449; x_wconf 72' lang='grc' dir='ltr'><em>τη</em></span> <span class='ocrx_word' id='word_1_286' title='bbox 276 3365 358 3449; x_wconf 83' lang='grc' dir='ltr'><em>τρίτη</em></span> <span class='ocrx_word' id='word_1_287' title='bbox 375 3358 485 3449; x_wconf 76' lang='grc' dir='ltr'><em>ἡμέρᾳ,</em></span> <span class='ocrx_word' id='word_1_288' title='bbox 508 3358 614 3435; x_wconf 86' lang='grc' dir='ltr'><em>καθῶς</em></span> <span class='ocrx_word' id='word_1_289' title='bbox 631 3363 825 3445; x_wconf 77' lang='grc' dir='ltr'><em>ἐπηγγείλατο.</em></span> <span class='ocrx_word' id='word_1_290' title='bbox 871 3362 1025 3425; x_wconf 76' lang='grc' dir='ltr'><em>Δέδεικται</em></span> <span class='ocrx_word' id='word_1_291' title='bbox 1040 3365 1144 3425; x_wconf 85' lang='grc' dir='ltr'><em>τοίνυν</em></span> <span class='ocrx_word' id='word_1_292' title='bbox 1162 3372 1272 3445; x_wconf 79' lang='grc' dir='ltr'><em>σαφῶς</em></span> <span class='ocrx_word' id='word_1_293' title='bbox 1288 3362 1336 3431; x_wconf 68' lang='grc' dir='ltr'><em>διδ</em></span> 
     </span>
     <span class='ocr_line' id='line_1_31' title="bbox 174 3460 1335 3549; baseline 0.006 -23"><span class='ocrx_word' id='word_1_294' title='bbox 174 3471 226 3545; x_wconf 70' lang='grc' dir='ltr'><em>τῆς</em></span> <span class='ocrx_word' id='word_1_295' title='bbox 244 3462 383 3545; x_wconf 84' lang='grc' dir='ltr'><em>τοιαύτης</em></span> <span class='ocrx_word' id='word_1_296' title='bbox 401 3468 573 3545; x_wconf 84' lang='grc' dir='ltr'><em>οἰκονομίας</em></span> <span class='ocrx_word' id='word_1_297' title='bbox 592 3461 803 3547; x_wconf 87' lang='grc' dir='ltr'><em>οίναντίρρητος</em></span> <span class='ocrx_word' id='word_1_298' title='bbox 825 3460 846 3545; x_wconf 75' lang='grc' dir='ltr'><em>ἦ</em></span> <span class='ocrx_word' id='word_1_299' title='bbox 867 3471 926 3527; x_wconf 88' lang='grc' dir='ltr'><em>τῶν</em></span> <span class='ocrx_word' id='word_1_300' title='bbox 948 3472 1061 3549; x_wconf 89' lang='grc' dir='ltr'><em>νεκρῶν</em></span> <span class='ocrx_word' id='word_1_301' title='bbox 1081 3460 1255 3543; x_wconf 84' lang='grc' dir='ltr'><em>άνάστασις·</em></span> <span class='ocrx_word' id='word_1_302' title='bbox 1286 3466 1335 3533; x_wconf 71' lang='lat' dir='ltr'><em>nd</em></span> 
     </span>
     <span class='ocr_line' id='line_1_32' title="bbox 174 3562 1333 3656; baseline 0.003 -28"><span class='ocrx_word' id='word_1_303' title='bbox 174 3563 242 3629; x_wconf 85' lang='grc' dir='ltr'><em>οὐτε</em></span> <span class='ocrx_word' id='word_1_304' title='bbox 258 3571 339 3651; x_wconf 81' lang='grc' dir='ltr'><em>χρεία</em></span> <span class='ocrx_word' id='word_1_305' title='bbox 355 3568 433 3631; x_wconf 78' lang='grc' dir='ltr'><em>ἐστίν</em></span> <span class='ocrx_word' id='word_1_306' title='bbox 451 3566 612 3652; x_wconf 87' lang='grc' dir='ltr'><em>άπολογίας</em></span> <span class='ocrx_word' id='word_1_307' title='bbox 627 3574 662 3656; x_wconf 74' lang='grc' dir='ltr'><em>τῇ</em></span> <span class='ocrx_word' id='word_1_308' title='bbox 680 3572 780 3655; x_wconf 72' lang='grc' dir='ltr'><em>ψυχῇ,</em></span> <span class='ocrx_word' id='word_1_309' title='bbox 809 3569 861 3630; x_wconf 70' lang='grc' dir='ltr'><em>’ίνα</em></span> <span class='ocrx_word' id='word_1_310' title='bbox 875 3567 985 3655; x_wconf 74' lang='grc' dir='ltr'><em>λαλήση</em></span> <span class='ocrx_word' id='word_1_311' title='bbox 1001 3564 1079 3650; x_wconf 85' lang='grc' dir='ltr'><em>πρδς</em></span> <span class='ocrx_word' id='word_1_312' title='bbox 1092 3562 1221 3651; x_wconf 83' lang='grc' dir='ltr'><em>ἕκείσιην</em></span> <span class='ocrx_word' id='word_1_313' title='bbox 1235 3566 1333 3649; x_wconf 65' lang='grc' dir='ltr'><em>Ἐξορ-</em></span> 
     </span>
     <span class='ocr_line' id='line_1_33' title="bbox 175 3662 1335 3755; baseline 0.007 -24"><span class='ocrx_word' id='word_1_314' title='bbox 175 3673 240 3731; x_wconf 92' lang='grc' dir='ltr'><em>σίαν</em></span> <span class='ocrx_word' id='word_1_315' title='bbox 256 3668 441 3743; x_wconf 86' lang='grc' dir='ltr'><em>(πλάττονται</em></span> <span class='ocrx_word' id='word_1_316' title='bbox 454 3670 509 3754; x_wconf 86' lang='grc' dir='ltr'><em>γάρ</em></span> <span class='ocrx_word' id='word_1_317' title='bbox 526 3662 610 3735; x_wconf 81' lang='grc' dir='ltr'><em>οὗτοι</em></span> <span class='ocrx_word' id='word_1_318' title='bbox 622 3672 673 3734; x_wconf 84' lang='grc' dir='ltr'><em>καί</em></span> <span class='ocrx_word' id='word_1_319' title='bbox 686 3678 790 3747; x_wconf 88' lang='grc' dir='ltr'><em>τοῦτο,</em></span> <span class='ocrx_word' id='word_1_320' title='bbox 814 3666 856 3745; x_wconf 86' lang='grc' dir='ltr'><em>ῶς</em></span> <span class='ocrx_word' id='word_1_321' title='bbox 871 3672 1011 3755; x_wconf 88' lang='grc' dir='ltr'><em>είρηται),</em></span> <span class='ocrx_word' id='word_1_322' title='bbox 1034 3665 1107 3731; x_wconf 80' lang='grc' dir='ltr'><em>άλλά</em></span> <span class='ocrx_word' id='word_1_323' title='bbox 1129 3668 1202 3735; x_wconf 71' lang='grc' dir='ltr'><em>1διεδ</em></span> <span class='ocrx_word' id='word_1_324' title='bbox 1215 3678 1271 3755; x_wconf 76' lang='grc' dir='ltr'><em>της</em></span> <span class='ocrx_word' id='word_1_325' title='bbox 1282 3680 1335 3739; x_wconf 75' lang='grc' dir='ltr'><em>νοῦ</em></span> 
     </span>
     <span class='ocr_line' id='line_1_34' title="bbox 172 3769 1334 3861; baseline 0.004 -26"><span class='ocrx_word' id='word_1_326' title='bbox 172 3775 279 3854; x_wconf 89' lang='grc' dir='ltr'><em>κυρίου</em></span> <span class='ocrx_word' id='word_1_327' title='bbox 301 3769 465 3857; x_wconf 79' lang='grc' dir='ltr'><em>εὐεργεσίας</em></span> <span class='ocrx_word' id='word_1_328' title='bbox 487 3781 539 3855; x_wconf 76' lang='grc' dir='ltr'><em>τῆς</em></span> <span class='ocrx_word' id='word_1_329' title='bbox 560 3770 609 3835; x_wconf 86' lang='grc' dir='ltr'><em>διά</em></span> <span class='ocrx_word' id='word_1_330' title='bbox 632 3779 690 3837; x_wconf 88' lang='grc' dir='ltr'><em>τῶν</em></span> <span class='ocrx_word' id='word_1_331' title='bbox 711 3774 805 3858; x_wconf 82' lang='grc' dir='ltr'><em>έργοιν</em></span> <span class='ocrx_word' id='word_1_332' title='bbox 824 3773 876 3837; x_wconf 87' lang='grc' dir='ltr'><em>ιιαλ</em></span> <span class='ocrx_word' id='word_1_333' title='bbox 898 3779 951 3853; x_wconf 78' lang='grc' dir='ltr'><em>τῆς</em></span> <span class='ocrx_word' id='word_1_334' title='bbox 968 3774 1092 3848; x_wconf 86' lang='grc' dir='ltr'><em>πίστεως</em></span> <span class='ocrx_word' id='word_1_335' title='bbox 1109 3776 1334 3861; x_wconf 77' lang='grc' dir='ltr'><em>σννισεαμίης,</em></span> 
     </span>
     <span class='ocr_line' id='line_1_35' title="bbox 174 3871 1333 3962; baseline 0.007 -25"><span class='ocrx_word' id='word_1_336' title='bbox 174 3871 214 3948; x_wconf 89' lang='grc' dir='ltr'><em>ῶς</em></span> <span class='ocrx_word' id='word_1_337' title='bbox 232 3874 306 3958; x_wconf 79' lang='grc' dir='ltr'><em>λέγει</em></span> <span class='ocrx_word' id='word_1_338' title='bbox 325 3871 342 3939; x_wconf 82' lang='grc' dir='ltr'>ό</span> <span class='ocrx_word' id='word_1_339' title='bbox 359 3872 520 3960; x_wconf 83' lang='grc' dir='ltr'><em>άγιῶτατος</em></span> <span class='ocrx_word' id='word_1_340' title='bbox 539 3882 674 3953; x_wconf 88' lang='grc' dir='ltr'><em>Παῦλος,</em></span> <span class='ocrx_word' id='word_1_341' title='bbox 704 3875 831 3960; x_wconf 84' lang='grc' dir='ltr'><em>γράφων</em></span> <span class='ocrx_word' id='word_1_342' title='bbox 854 3875 992 3962; x_wconf 77' lang='grc' dir='ltr'><em>Τιμοθέῳ</em></span> <span class='ocrx_word' id='word_1_343' title='bbox 1008 3872 1059 3937; x_wconf 82' lang='grc' dir='ltr'><em>διαί</em></span> <span class='ocrx_word' id='word_1_344' title='bbox 1077 3872 1194 3941; x_wconf 86' lang='grc' dir='ltr'><em>τούτων</em></span> <span class='ocrx_word' id='word_1_345' title='bbox 1210 3884 1273 3943; x_wconf 78' lang='grc' dir='ltr'><em>τῶν</em></span> <span class='ocrx_word' id='word_1_346' title='bbox 1286 3876 1333 3945; x_wconf 75' lang='grc' dir='ltr'><em>λί-</em></span> 
     </span>
     <span class='ocr_line' id='line_1_36' title="bbox 172 3976 1333 4066; baseline 0.008 -27"><span class='ocrx_word' id='word_1_347' title='bbox 172 4002 245 4059; x_wconf 88' lang='grc' dir='ltr'><em>γων·</em></span> <span class='ocrx_word' id='word_1_348' title='bbox 266 3976 372 4052; x_wconf 85' lang='grc' dir='ltr'><em>Ὅπως</em></span> <span class='ocrx_word' id='word_1_349' title='bbox 386 3978 542 4062; x_wconf 87' lang='grc' dir='ltr'><em>γινῶσκοις</em></span> <span class='ocrx_word' id='word_1_350' title='bbox 557 3985 622 4053; x_wconf 91' lang='grc' dir='ltr'><em>πῶς</em></span> <span class='ocrx_word' id='word_1_351' title='bbox 636 3982 683 4043; x_wconf 81' lang='grc' dir='ltr'><em>δεῖ</em></span> <span class='ocrx_word' id='word_1_352' title='bbox 695 3980 727 4041; x_wconf 78' lang='grc' dir='ltr'><em>ἐν</em></span> <span class='ocrx_word' id='word_1_353' title='bbox 742 3981 816 4066; x_wconf 79' lang='grc' dir='ltr'><em>οίκῳ</em></span> <span class='ocrx_word' id='word_1_354' title='bbox 832 3982 939 4064; x_wconf 87' lang='grc' dir='ltr'><em>κυρίου</em></span> <span class='ocrx_word' id='word_1_355' title='bbox 954 3986 1141 4060; x_wconf 83' lang='grc' dir='ltr'><em>περιπατεῖν,</em></span> <span class='ocrx_word' id='word_1_356' title='bbox 1170 3976 1239 4061; x_wconf 74' lang='grc' dir='ltr'><em>ἣτις</em></span> <span class='ocrx_word' id='word_1_357' title='bbox 1256 3982 1333 4047; x_wconf 64' lang='lat' dir='ltr'><em>lab</em></span> 
     </span>
     <span class='ocr_line' id='line_1_37' title="bbox 173 4076 1334 4167; baseline 0.009 -26"><span class='ocrx_word' id='word_1_358' title='bbox 173 4082 309 4159; x_wconf 80' lang='grc' dir='ltr'><em>ἐκκλησία</em></span> <span class='ocrx_word' id='word_1_359' title='bbox 324 4087 401 4144; x_wconf 85' lang='grc' dir='ltr'><em>θεοῦ</em></span> <span class='ocrx_word' id='word_1_360' title='bbox 419 4086 473 4145; x_wconf 88' lang='grc' dir='ltr'><em>τοῦ</em></span> <span class='ocrx_word' id='word_1_361' title='bbox 487 4088 611 4161; x_wconf 83' lang='grc' dir='ltr'><em>ζῶντος,</em></span> <span class='ocrx_word' id='word_1_362' title='bbox 640 4079 744 4156; x_wconf 87' lang='grc' dir='ltr'><em>στύλος</em></span> <span class='ocrx_word' id='word_1_363' title='bbox 760 4083 812 4145; x_wconf 83' lang='grc' dir='ltr'><em>καί</em></span> <span class='ocrx_word' id='word_1_364' title='bbox 826 4082 977 4166; x_wconf 74' lang='grc' dir='ltr'><em>ἑδραίωμα</em></span> <span class='ocrx_word' id='word_1_365' title='bbox 994 4086 1046 4162; x_wconf 77' lang='grc' dir='ltr'><em>τῆς</em></span> <span class='ocrx_word' id='word_1_366' title='bbox 1060 4076 1222 4163; x_wconf 82' lang='grc' dir='ltr'><em>οίληθείας,</em></span> <span class='ocrx_word' id='word_1_367' title='bbox 1249 4082 1334 4167; x_wconf 48' lang='lat' dir='ltr'><em>{nl</em></span> 
     </span>
     <span class='ocr_line' id='line_1_38' title="bbox 172 4178 1332 4269; baseline 0.009 -27"><span class='ocrx_word' id='word_1_368' title='bbox 172 4182 272 4244; x_wconf 79' lang='grc' dir='ltr'><em>πολλοὶ</em></span> <span class='ocrx_word' id='word_1_369' title='bbox 289 4178 414 4261; x_wconf 81' lang='grc' dir='ltr'><em>α’φίντες</em></span> <span class='ocrx_word' id='word_1_370' title='bbox 431 4186 472 4257; x_wconf 86' lang='grc' dir='ltr'><em>εἰς</em></span> <span class='ocrx_word' id='word_1_371' title='bbox 492 4183 611 4265; x_wconf 86' lang='grc' dir='ltr'><em>μάθονς</em></span> <span class='ocrx_word' id='word_1_372' title='bbox 626 4185 677 4249; x_wconf 86' lang='grc' dir='ltr'><em>καλ</em></span> <span class='ocrx_word' id='word_1_373' title='bbox 695 4188 878 4268; x_wconf 89' lang='grc' dir='ltr'><em>μωρολογίας</em></span> <span class='ocrx_word' id='word_1_374' title='bbox 895 4181 1111 4269; x_wconf 73' lang='grc' dir='ltr'><em>ἐξετράπησαν,</em></span> <span class='ocrx_word' id='word_1_375' title='bbox 1134 4182 1177 4265; x_wconf 76' lang='grc' dir='ltr'><em>μη</em></span> <span class='ocrx_word' id='word_1_376' title='bbox 1194 4192 1332 4263; x_wconf 74' lang='grc' dir='ltr'><em>νοεῦντες</em></span> 
     </span>
     <span class='ocr_line' id='line_1_39' title="bbox 172 4276 1329 4372; baseline 0.011 -29"><span class='ocrx_word' id='word_1_377' title='bbox 172 4280 244 4362; x_wconf 78' lang='grc' dir='ltr'><em>μήτε</em></span> <span class='ocrx_word' id='word_1_378' title='bbox 258 4281 277 4345; x_wconf 80' lang='grc' dir='ltr'><em>δ</em></span> <span class='ocrx_word' id='word_1_379' title='bbox 293 4285 417 4368; x_wconf 81' lang='grc' dir='ltr'><em>λέγουσι,</em></span> <span class='ocrx_word' id='word_1_380' title='bbox 440 4283 512 4367; x_wconf 81' lang='grc' dir='ltr'><em>μήτε</em></span> <span class='ocrx_word' id='word_1_381' title='bbox 526 4288 594 4370; x_wconf 80' lang='grc' dir='ltr'><em>περὶ</em></span> <span class='ocrx_word' id='word_1_382' title='bbox 608 4291 694 4351; x_wconf 87' lang='grc' dir='ltr'><em>τίνων</em></span> <span class='ocrx_word' id='word_1_383' title='bbox 709 4289 960 4368; x_wconf 84' lang='grc' dir='ltr'><em>διαβεβαιοῦνται·</em></span> <span class='ocrx_word' id='word_1_384' title='bbox 983 4276 1026 4351; x_wconf 88' lang='grc' dir='ltr'><em>ῶν</em></span> <span class='ocrx_word' id='word_1_385' title='bbox 1039 4286 1101 4351; x_wconf 69' lang='grc' dir='ltr'><em>ἐστι</em></span> <span class='ocrx_word' id='word_1_386' title='bbox 1115 4284 1271 4372; x_wconf 78' lang='grc' dir='ltr'><em>Φύγελλσς</em></span> <span class='ocrx_word' id='word_1_387' title='bbox 1280 4288 1329 4355; x_wconf 71' lang='grc' dir='ltr'><em>πελ</em></span> 
     </span>
     <span class='ocr_line' id='line_1_40' title="bbox 168 4381 1329 4479; baseline 0.009 -33"><span class='ocrx_word' id='word_1_388' title='bbox 168 4381 352 4469; x_wconf 84' lang='grc' dir='ltr'><em>Ἑρμογένης.</em></span> <span class='ocrx_word' id='word_1_389' title='bbox 395 4384 478 4451; x_wconf 84' lang='grc' dir='ltr'><em>Ἀλλά</em></span> <span class='ocrx_word' id='word_1_390' title='bbox 494 4390 545 4453; x_wconf 85' lang='grc' dir='ltr'><em>καὶ</em></span> <span class='ocrx_word' id='word_1_391' title='bbox 562 4391 594 4453; x_wconf 81' lang='grc' dir='ltr'><em>ἐν</em></span> <span class='ocrx_word' id='word_1_392' title='bbox 609 4396 646 4477; x_wconf 76' lang='grc' dir='ltr'><em>τῇ</em></span> <span class='ocrx_word' id='word_1_393' title='bbox 662 4390 784 4478; x_wconf 77' lang='grc' dir='ltr'><em>δευτέρᾳ</em></span> <span class='ocrx_word' id='word_1_394' title='bbox 800 4392 938 4479; x_wconf 77' lang='grc' dir='ltr'><em>ἐπιστολῇ</em></span> <span class='ocrx_word' id='word_1_395' title='bbox 954 4385 1112 4469; x_wconf 68' lang='grc' dir='ltr'><em>’Τμέναιον</em></span> <span class='ocrx_word' id='word_1_396' title='bbox 1128 4390 1183 4455; x_wconf 84' lang='grc' dir='ltr'><em>ιιαλ</em></span> <span class='ocrx_word' id='word_1_397' title='bbox 1200 4386 1329 4477; x_wconf 75' lang='grc' dir='ltr'><em>Φιλητῦν</em></span> 
     </span>
    </p>
   </div>
   <div class='ocr_carea' id='block_1_5' title="bbox 169 4540 1327 4679">
    <p class='ocr_par' dir='ltr' id='par_1_6' title="bbox 169 4540 1327 4679">
     <span class='ocr_line' id='line_1_41' title="bbox 203 4540 1327 4613; baseline 0.009 -22"><span class='ocrx_word' id='word_1_398' title='bbox 203 4544 227 4591; x_wconf 72' lang='lat'><em>2.</em></span> <span class='ocrx_word' id='word_1_399' title='bbox 245 4546 301 4594; x_wconf 74' lang='lat' dir='ltr'><em>Post</em></span> <span class='ocrx_word' id='word_1_400' title='bbox 317 4540 392 4609; x_wconf 73' lang='grc' dir='ltr'><em>ιξμῶι</em></span> <span class='ocrx_word' id='word_1_401' title='bbox 409 4548 434 4594; x_wconf 77' lang='lat' dir='ltr'><em>in</em></span> <span class='ocrx_word' id='word_1_402' title='bbox 450 4548 517 4595; x_wconf 74' lang='lat' dir='ltr'><strong><em>libris</em></strong></span> <span class='ocrx_word' id='word_1_403' title='bbox 532 4549 603 4611; x_wconf 77' lang='grc' dir='ltr'><em>υνλρο</em></span> <span class='ocrx_word' id='word_1_404' title='bbox 617 4550 734 4609; x_wconf 72' lang='grc' dir='ltr'><em>τεμενίσας</em></span> <span class='ocrx_word' id='word_1_405' title='bbox 764 4552 815 4597; x_wconf 72' lang='lat' dir='ltr'><em>iam</em></span> <span class='ocrx_word' id='word_1_406' title='bbox 831 4564 848 4598; x_wconf 89' lang='grc' dir='ltr'><em>α</em></span> <span class='ocrx_word' id='word_1_407' title='bbox 859 4550 958 4599; x_wconf 77' lang='grc' dir='ltr'><em>Ριλαυὶσ</em></span> <span class='ocrx_word' id='word_1_408' title='bbox 974 4548 1067 4599; x_wconf 80' lang='grc' dir='ltr'><em>νοιλιιλε</em></span> <span class='ocrx_word' id='word_1_409' title='bbox 1079 4550 1182 4613; x_wconf 71' lang='lat' dir='ltr'><em>mh,</em></span> <span class='ocrx_word' id='word_1_410' title='bbox 1202 4548 1277 4613; x_wconf 64' lang='lat' dir='ltr'><em>flu</em></span> <span class='ocrx_word' id='word_1_411' title='bbox 1287 4548 1327 4601; x_wconf 57' lang='lat' dir='ltr'><em>b</em></span> 
     </span>
     <span class='ocr_line' id='line_1_42' title="bbox 169 4606 964 4679; baseline 0.009 -19"><span class='ocrx_word' id='word_1_412' title='bbox 169 4616 279 4661; x_wconf 82' lang='grc' dir='ltr'><em>ιἰυεείνιιι</em></span> <span class='ocrx_word' id='word_1_413' title='bbox 296 4606 399 4676; x_wconf 77' lang='grc' dir='ltr'><em>Ἰησοῦς</em></span> <span class='ocrx_word' id='word_1_414' title='bbox 415 4612 541 4679; x_wconf 77' lang='grc' dir='ltr'><em>Χριστὸς,</em></span> <span class='ocrx_word' id='word_1_415' title='bbox 568 4629 629 4677; x_wconf 72' lang='lat' dir='ltr'><em>queo</em></span> <span class='ocrx_word' id='word_1_416' title='bbox 649 4618 732 4679; x_wconf 81' lang='grc' dir='ltr'><em>νιτίια,</em></span> <span class='ocrx_word' id='word_1_417' title='bbox 763 4618 836 4667; x_wconf 71' lang='lat' dir='ltr'><strong><em>lenda</em></strong></span> <span class='ocrx_word' id='word_1_418' title='bbox 851 4618 964 4669; x_wconf 81' lang='grc' dir='ltr'><em>ίυελλττνί.</em></span> 
     </span>
    </p>
   </div>
   <div class='ocr_carea' id='block_1_6' title="bbox 0 0 1528 5084">
    <p class='ocr_par' dir='ltr' id='par_1_7' title="bbox 0 0 1528 5084">
     <span class='ocr_line' id='line_1_43' title="bbox 0 0 1528 5084; baseline 0 5"><span class='ocrx_word' id='word_1_419' title='bbox 0 0 1528 5084; x_wconf 95' lang='lat' dir='ltr'><em> </em></span> 
     </span>
    </p>
   </div>
  </div>
 </body>
</html>
