3046 5084
219 389 280 449 51ss
640 396 759 446 ειαοτι
777 395 945 445 τνιυιιιαιι

219 541 270 589 τος
285 518 412 599 ἔγνωμεν
431 511 471 588 ούς
487 515 555 598 περὶ
573 517 625 578 τοῦ
639 509 735 578 Ἰούδα
753 515 828 598 ἔλεγε
842 521 904 587 τοῖς
918 509 1085 588 Ἰουδαίοις·
1110 504 1135 601 ηδ
1151 512 1214 599 γύρ
1229 541 1278 591 τις
1293 514 1377 599 ἥττη·

218 644 280 695 ται,
303 615 397 705 τούτῳ
414 620 461 680 καί
479 614 671 693 δεδούλωται,
694 617 744 680 καὶ
759 607 783 704 ᾦ
797 641 840 690 τις
854 620 1002 694 πείθεται,
1023 622 1130 681 τοῦτον
1143 618 1266 703 πατέρα
1278 620 1378 703 ἔσχηκε

216 722 265 784 καί
283 716 410 803 α’ρχηγύν
425 727 477 801 τής
492 716 583 784 αὐτοῦ
596 725 730 795 πειθοῦς.
778 719 873 799 Φησλν
888 710 942 782 οῦν
956 715 974 783 ό
988 716 1106 802 κύριος,
1126 715 1231 801 ‘Taele
1246 723 1313 786 υἱοὶ
1326 724 1376 785 τοῦ

217 821 330 907 πατρός
348 819 435 904 ύμῦν
455 829 509 887 τοῦ
526 821 666 904 διαβόλου
683 821 762 899 ἐστέ,
792 818 892 902 ἐπειδή
910 818 974 885 οίντλ
990 828 1043 886 τοῦ
1062 826 1199 903 Χριστοῦ
1216 832 1262 913 τῷ
1279 822 1374 912 Ἰαύδρ

217 928 412 1006 ἐπείσθησαν,
441 924 579 1008 καθάπερ
603 922 661 988 ιίπδ
682 930 755 988 θεοῦ
775 925 930 987 ἐκκλίνασα
950 920 971 1005 ή
988 922 1056 987 Εύα
1076 929 1119 1011 τῷ
1140 922 1216 1005 δ’φει
1235 928 1269 1005 ἐξ
1287 924 1375 1013 α’ρχής

216 1030 355 1109 ἐπείσθη·
379 1029 477 1092 ἔπειτα
493 1027 539 1091 ότι
555 1029 605 1091 καὶ
621 1024 750 1108 ψεύστης
765 1017 803 1107 ήν
818 1023 855 1090 ού
871 1022 978 1108 μόνον,
1001 1023 1071 1090 ύλλδ
1085 1028 1138 1091 καὶ
1153 1030 1304 1113 κλέπτης,
1324 1056 1371 1095 ιτα-

214 1128 249 1193 τύ
266 1128 298 1194 τύ
316 1132 402 1218 ἐντῷ
418 1129 571 1218 εύαγγελίῳ
589 1131 747 1214 είρημένον.
792 1127 848 1192 Διό
865 1130 914 1193 καὶ
929 1126 1007 1217 αύτῷ
1021 1130 1179 1212 παρίδωιιε
1194 1129 1231 1197 τύ
1247 1130 1371 1219 γλωσσό·

213 1259 317 1313 κομυν,
335 1236 384 1297 ἵνα
399 1229 618 1316 ἀναπολόγητος
633 1226 663 1321 ή,
679 1229 728 1296 διαί
743 1236 937 1315 φιλαργυρίαν
953 1228 1005 1295 τόν
1021 1234 1097 1296 λ’διον
1113 1232 1267 1317 δεσπότην
1281 1262 1371 1321 παρα-

214 1332 286 1409 δούς
307 1338 348 1409 είς
368 1344 464 1416 χεῖρας
482 1332 661 1417 οίν-θρούπων.
711 1339 761 1409 Τίς
782 1327 837 1399 οῦν
855 1331 872 1398 ό
890 1332 995 1399 τούτου
1014 1332 1128 1418 πατήρ,
1161 1332 1182 1400 6
1199 1335 1260 1423 πρό
1283 1336 1371 1405 αύτνῦ

214 1436 344 1519 ψεύστης
360 1435 515 1522 ύπύρχων,
544 1434 602 1501 α’λλ’
618 1435 638 1518 ή
657 1434 674 1501 ύ
692 1436 785 1514 Κύϊν,
808 1429 846 1501 ού
862 1435 986 1519 μιμητής
1000 1434 1018 1501 6
1033 1435 1162 1515 Ἰούδαςς
1199 1436 1309 1507 θἘκει·
1319 1438 1370 1527 γύρ

213 1539 397 1623 ψευσάμενος
414 1547 454 1627 τῷ
471 1536 588 1627 α’δελφῷ
607 1537 646 1614 ως
663 1542 695 1603 ἐν
710 1543 885 1626 φιλαδελφίᾳ
902 1537 1048 1622 ήπύτησε,
1071 1541 1120 1604 ιιαλ
1139 1544 1309 1627 παρέπεισε
1324 1540 1369 1609 διδ

212 1650 265 1708 τοῦ
281 1642 426 1724 ψεύδους,
449 1644 499 1705 καὶ
515 1640 664 1727 ἐξαγαγών
680 1640 772 1706 αύτύν
790 1644 876 1729 ἐντῷ
893 1645 984 1731 πεδίφ
1000 1640 1114 1726 ἐπάρας
1128 1640 1186 1725 τήν
1202 1654 1289 1731 χεῖρα
1303 1642 1368 1711 οίπί-

211 1770 329 1810 κτεινεν.
377 1744 463 1809 Οῦτω
478 1746 529 1808 καὶ
545 1742 563 1809 δ
580 1743 706 1823 Ἰούδας,
734 1749 770 1809 Τί
784 1746 882 1808 θέλετέ
898 1770 964 1827 μοι,
987 1746 1076 1827 φησὶ,
1098 1747 1227 1829 δοῦναι,
1248 1750 1303 1815 καλ
1317 1748 1368 1835 ίγό

212 1845 303 1912 αύτδν
318 1846 485 1932 παραδώσω
502 1844 586 1928 ύμῖν,Ι
614 1849 681 1925 καὶ,
704 1846 762 1911 Ὃν
777 1845 815 1911 δίν
832 1845 961 1930 φιλήσω,
991 1844 1081 1923 αύτός
1095 1850 1173 1930 ἐστι,
1205 1850 1368 1937 κρατήσατε

212 1948 315 2015 αύτύν·
346 1952 396 2015 καί
419 1949 516 2015 ἐλθών
538 1948 556 2015 6
575 1952 738 2035 προδότης,
770 1956 863 2034 Χαῖρε
883 1947 1027 2031 7Ἰάββλ,
1058 1952 1153 2036 ἔλεγε,
1185 1961 1254 2031 τοῖς
1270 1958 1368 2039 χείλεσι

211 2060 318 2136 τιμῶν,
341 2056 466 2138 καρδίαν
489 2053 519 2117 δὲ
542 2051 643 2138 πόρρω
667 2051 832 2134 α’πέχουσαν
853 2060 928 2117 θεοῦ
950 2054 1134 2136 κεκτημένος.

288 2258 367 2342 ’Ἆρα
389 2266 462 2345 γοῦν
485 2251 572 2334 οὗτος
601 2256 752 2333 όἸούδας
772 2258 867 2341 πατήρ
892 2256 989 2323 αύταῖν
1012 2256 1185 2344 γενόμενος,
1219 2260 1299 2328 πατολ
1317 2258 1366 2345 τήν

212 2359 406 2447 ύρνησιθεΐαν
430 2364 480 2426 καλ
503 2364 665 2445 προδοσίαν
688 2369 825 2437 Σατανᾶς
847 2359 980 2446 ύπύρξας
1001 2362 1051 2425 καὶ
1076 2359 1241 2445 διαίβολος,
1274 2362 1312 2431 ού
1332 2370 1365 2455 τῇ

211 2463 312 2544 φύσει,
341 2462 412 2529 α’λλδ
428 2472 465 2552 τῇ
481 2462 598 2553 γνώμη,
631 2462 697 2539 υἱός
713 2466 860 2550 γεγένηται
878 2456 965 2540 οὗτος
981 2469 1035 2529 τοῦ
1053 2464 1135 2530 Κτίϊν
1150 2464 1233 2533 κατὰ
1249 2474 1366 2554 μίμησιν

210 2574 264 2632 τοῦ
278 2564 533 2652 ιίνθρωποκτόνου
546 2568 596 2630 καὶ
609 2565 756 2644 ψεύσταν·
774 2565 875 2649 ἐπειδή
888 2569 939 2631 καλ
953 2563 971 2631 6
982 2563 1079 2650 πατήρ
1093 2564 1190 2633 αύτοῦ
1203 2568 1270 2658 πρό
1279 2568 1364 2637 αῦτεῦ

210 2668 343 2751 ψεύστης
359 2662 412 2752 ἦν,
441 2666 493 2751 οῦχ
512 2666 530 2733 ύ
545 2667 653 2752 Ἁδύμ,
683 2667 741 2733 ἄλλ’
759 2667 777 2735 6
794 2669 947 2751 διύβολος,
977 2660 1014 2735 οῦ
1030 2667 1084 2751 τήν
1097 2674 1228 2755 μίμησιν
1243 2674 1364 2759 ἐσηενέτ

210 2780 247 2861 τή
269 2770 496 2859 ύδελφοκτονίμ,
526 2776 601 2854 μίσει
623 2774 672 2836 καὶ
694 2780 734 2861 τῷ
757 2772 862 2853 ψεύδει
879 2774 930 2837 καί
946 2769 1023 2856 πρός
1035 2770 1111 2838 θεόν
1128 2770 1301 2867 ἀντιλογίην,
1326 2780 1364 2865 τῇ

210 2878 315 2960 λέγειν,
339 2874 396 2957 Μή
412 2874 506 2955 φύλαξ
526 2876 583 2956 εἰμὶ
601 2882 653 2939 τοῦ
668 2873 798 2955 α’δελφοῦ
816 2902 889 2957 μους
911 2873 966 2941 ούιι
980 2871 1050 2940 οἶδα
1063 2882 1124 2941 ποῦ
1141 2878 1231 2945 ἐστιν.
1283 2878 1363 2947 Οῦτι

208 2980 259 3041 καὶ
280 2975 297 3042 6
317 2978 454 3060 διάβολος
474 2984 515 3065 τῷ
536 2982 629 3065 κυρίῳ
650 2980 739 3059 φησὶ,
771 2976 827 3060 Μή
849 2976 963 3064 δωρεοίν
982 2978 1097 3060 σέβεται
1116 2974 1188 3063 Ἰοδβ
1205 2980 1263 3049 τόν
1277 2980 1362 3059 Mn

206 3076 326 3163 Ἐπειδή
350 3078 406 3166 γδρ
430 3077 519 3155 αότός
538 3078 557 3145 6
577 3079 715 3162 διάβολος
737 3088 778 3171 τῷ
800 3079 902 3162 ψεύδει
928 3078 1026 3169 οίπατᾷ
1046 3079 1102 3163 τήν
1124 3080 1218 3149 Εὕαν
1239 3086 1294 3153 ml
1316 3082 1364 3153 τόν

207 3180 315 3266 Ἀδύμ,
339 3186 421 3267 ἕτερα
438 3180 506 3247 ἄνθ’
524 3185 631 3267 ἓτέρων
647 3185 752 3268 λέγων,
774 3186 825 3249 καὶ
843 3188 943 3265 φιλίαν
960 3182 1166 3269 πραςποιητήν
1182 3186 1363 3273 ἐνδεικνύμ-

207 3313 274 3363 νος,
297 3286 359 3367 ὅτι,
372 3285 501 3351 ’Ἑσεσθε
515 3283 556 3362 ούς
573 3288 655 3365 θεοὶ,
677 3289 725 3351 καί
744 3283 799 3352 ούκ
818 3284 1036 3365 οίποθανεῐσθε,
1057 3294 1166 3354 τοῦτον
1181 3290 1363 3377 μιμούμενα

208 3388 226 3454 ό
243 3388 322 3454 Κύϊν
335 3387 519 3472 προσχήματι
534 3393 727 3469 φιλαδελφίας
750 3387 849 3472 ήπύτα
864 3389 915 3455 τόν
932 3387 1075 3471 οίδελφδν,
1095 3392 1207 3477 λέγων,
1228 3397 1361 3463 Amo*

208 3519 260 3574 μεν
282 3496 324 3568 εἰς
344 3491 377 3557 τῦ
401 3496 511 3558 πεδίον.
556 3492 615 3556 Aa&
632 3499 718 3558 τοῦτο
736 3495 787 3557 καλ
803 3490 822 3557 δ
838 3490 1073 3579 ῦγιοςἸωύννης
1088 3490 1189 3577 εἶπεν,
1218 3494 1256 3563 ‘0
1271 3504 1362 3583 μισότ

85 3629 136 3673 ρας.
149 3617 194 3662 τοι.
209 3594 259 3660 τόν
279 3593 406 3674 ιίδελφδν
429 3593 536 3673 αύτοῦ,
566 3588 653 3671 οὗτος
674 3592 711 3659 ού
732 3600 907 3662 τετελείωται
927 3598 958 3661 ἐν
979 3604 1015 3685 τῇ
1031 3593 1150 3687 όγόπη,
1181 3596 1245 3665 ἄλλ’
1261 3604 1297 3669 ἐτι
1312 3608 1362 3669 τοῦ

209 3698 288 3762 Κύϊυ
304 3701 396 3777 ἐστίν,
419 3698 466 3763 ὅτι
481 3696 630 3762 ύπέκτεινε
646 3696 698 3764 τόν
712 3696 840 3779 ύδελφδν
855 3696 954 3765 αύτοῦ.
999 3700 1060 3763 Καλ
1075 3698 1127 3765 διαί
1139 3704 1171 3767 τί
1184 3700 1283 3771 αύτδν
1295 3702 1360 3771 ι’πλ-

208 3827 331 3879 κτεινεν,
362 3801 406 3867 δτι
428 3794 466 3884 ήν
487 3800 603 3887 πονηραί
623 3800 659 3865 τύ
676 3803 747 3886 ἔργα
765 3800 872 3881 αῦτοῦ,
903 3804 954 3867 καὶ
972 3800 1095 3885 ἐζήλωσε
1110 3800 1148 3867 τύ
1164 3806 1240 3893 δργα
1258 3804 1360 3885 αύτεῦ,

207 3904 252 3971 ὅτι
268 3898 307 3988 ήν
324 3903 406 3968 καλοί.
454 3904 538 3969 Ούτω
555 3906 606 3969 καὶ
623 3896 706 3970 οὗτοι
723 3912 832 3986 μᾶλλον
848 3912 1031 3987 φθονοῦντες
1043 3902 1208 3995 τρῖἍβελ,
1229 3916 1274 3999 τῷ
1288 3904 1359 3977 καλό

208 4010 300 4091 ἔχοντι
318 4010 397 4091 ἔργα,
420 4006 471 4072 τόν
487 4010 519 4073 δὲ
536 4007 614 4072 Κύϊν
627 4015 775 4091 τιμῶντες,
798 4016 862 4084 πῶς
878 4006 934 4074 ούιι
948 4009 1110 4093 ἐλέγχονται
1124 4009 1296 4097 διαρρήδην
1308 4016 1359 4081 τοτ’

208 4117 340 4192 σωτῆρος
355 4111 488 4195 λέγοντος
505 4114 556 4176 καὶ
572 4109 722 4194 οίπότομον
739 4109 891 4193 ἆπόφασιν
909 4108 1055 4198 ὁρίζοντος
1071 4108 1192 4195 αύταῖς,
1214 4114 1280 4197 ὅτι,
1303 4120 1357 4199 ἢ·

206 4212 367 4295 τηθήσεται
388 4211 447 4278 ύπό
470 4222 522 4295 τῆς
544 4223 644 4299 γενεᾶς
665 4214 773 4298 ταύτης
793 4221 853 4279 πᾶν
873 4212 945 4299 αἷμα
965 4218 1079 4280 δίκαιον
1100 4212 1186 4281 Ῑύπό
1200 4214 1295 4303 ’Ἅβελ
1308 4222 1358 4287 a?

206 4319 323 4381 δικαίου
344 4314 377 4381 τό
401 4314 450 4381 ἀπ’
473 4314 563 4400 ύρχής
581 4320 771 4401 ἐκκεχυμένον
792 4320 848 4394 ἕως
869 4322 1017 4402 Ζαχαρίου
1037 4324 1092 4383 τοῦ
1110 4318 1295 4405 προφήτου,
1321 4309 1357 4389 εδ

205 4417 389 4485 αίπειιτείνατε
411 4422 500 4501 μέσον
520 4428 574 4486 τοῦ
596 4429 669 4488 ναοῦ
690 4424 742 4486 καὶ
762 4428 817 4487 τοῦ
838 4424 1051 4506 θυσιαστηρίου
1071 4424 1125 4487 καὶ
1146 4420 1185 4489 τὰ
1206 4424 1286 4509 ἐξής.

236 4576 261 4629 6.
279 4580 370 4639 neposne
385 4570 500 4659 ’Ἐκεῖνος
513 4594 557 4659 pso
572 4572 653 4632 Ἐκεῖ.
687 4584 763 4642 Neque
830 4580 853 4634 7.
870 4574 972 4667 Ῥαψβή
987 4582 1058 4643 υιιλρο
1071 4580 1171 4665 ,λτρδιιτἱ
1340 4646 1353 4663 .

203 4650 270 4697 υλίλιτ
290 4650 399 4695 convent!
418 4650 511 4707 ιιλειηατ
530 4652 640 4710 ιιιλειρατ
657 4650 762 4699 Latinus.
831 4648 889 4698 Cn.
906 4650 936 4699 λ.
961 4674 992 4687 -
1018 4650 1040 4699 l.
1058 4646 1135 4699 λττδα
1152 4642 1300 4721 αιοδἾβολ
1312 4664 1353 4703 τοι
