3046 5084
398 349 533 405 rancun
549 336 613 405 ers.
623 351 642 406 r.
658 351 739 405 auu.
751 352 795 406 nr.
812 351 910 404 naen.
921 352 1013 402 xnrv.
1093 324 1098 334 '
1216 343 1277 407 out

134 489 205 534 vera
220 469 251 533 in
270 489 357 533 cruce
372 471 494 543 suffixos
511 481 568 551 cst,
593 491 714 558 eamque
731 473 823 558 ipsam
840 492 957 536 earnem
975 471 1276 557 discipulisostendit.

134 569 244 636 Postea
260 573 413 636 humanam
429 573 507 638 illam
523 595 608 658 quam
625 585 789 660 sumpserat
805 586 936 638 naturam
953 574 1107 638 resolvens
1125 577 1279 661 unicuique

135 675 281 739 elemento
306 676 380 759 quod
402 675 548 760 proprium
570 688 633 740 erat
651 677 796 756 restituit,
820 677 901 741 velut
922 676 1015 740 calido
1035 675 1174 754 calidum,
1200 678 1279 762 trigi-

134 779 201 841 dum
221 778 336 861 lrigido,
361 779 470 841 siceum
486 778 578 858 sicco,
603 778 748 844 humidum
766 779 893 843 humido.
940 777 984 842 lta
1001 800 1124 864 corpore
1138 779 1188 842 illo
1203 781 1278 864 quod

134 902 223 944 carne
246 880 399 944 constabat
420 881 549 944 resoluto
572 881 601 944 in
624 881 755 960 eoelum,
780 883 855 946 unde
877 894 1016 960 venerat,
1041 881 1182 944 ascendit.

217 979 244 1046 0
262 983 501 1052 mendacestalia
518 981 685 1047 lactantium
704 983 833 1048 fabulas!
859 984 926 1067 qui,
951 995 982 1047 ut
996 1004 1082 1046 nemo
1098 1004 1155 1046 non
1171 983 1277 1047 intelli·
1297 995 1355 1063 Gap.
1371 998 1413 1048 ttt.

133 1085 192 1170 git,
219 1086 369 1148 mimorum
389 1085 485 1148 ludum
503 1095 589 1168 atque
606 1085 749 1149 officinam
767 1086 880 1168 operire
898 1086 993 1172 potius
1012 1106 1097 1169 quam
1114 1087 1192 1149 ritae
1209 1108 1278 1150 oon·
1370 1155 1372 1160 ,

133 1187 298 1272 sequendae
318 1187 528 1272 professionem
547 1199 597 1262 aut
612 1187 822 1272 intelligentiae
842 1189 961 1252 formam
980 1187 1113 1251 obtinere
1129 1188 1275 1252 videntur.

132 1288 249 1353 Etenim
269 1290 294 1352 si
312 1290 429 1353 omnino
448 1290 523 1374 qnod
542 1290 690 1354 asciverat
705 1289 760 1354 sibi
777 1310 882 1374 eorpus
901 1289 1052 1369 dissolvit,
1083 1311 1135 1353 cur
1149 1289 1177 1352 id
1195 1290 1276 1354 initio

134 1392 306 1456 fabricavit?
349 1389 433 1474 Quod
451 1391 476 1455 si
493 1392 529 1455 ad
547 1413 630 1455 usum
649 1392 802 1456 fabricavit
817 1392 960 1476 aliquem,
992 1392 1046 1456 boe
1062 1392 1126 1477 ipso
1142 1414 1196 1457 usu
1213 1413 1278 1480 per·

134 1496 248 1558 iunctus
271 1495 436 1578 relinquere
459 1494 525 1557 illud
549 1495 577 1556 in
597 1494 683 1558 terris
699 1493 814 1572 debuit,
846 1494 1016 1578 praesertim
1039 1516 1102 1558 eum
1126 1516 1164 1559 ex
1181 1506 1278 1561 restra

133 1597 278 1661 sententia
304 1599 394 1660 lorma
417 1598 478 1681 ipsa
496 1597 721 1660 resurrectionis
741 1596 837 1660 earnis
855 1596 953 1680 perbci
970 1597 1049 1660 nullo
1066 1609 1149 1682 pacto
1166 1600 1278 1663 deside-

133 1710 188 1763 ret.
234 1701 322 1783 arqui
342 1700 409 1762 illud
430 1699 571 1762 excitavit
589 1685 701 1779 denuo,
733 1720 791 1782 quo
809 1699 947 1761 maiorem
967 1700 1022 1762 sibi
1041 1700 1170 1764 laborem
1188 1703 1276 1786 impo-

133 1814 234 1882 neret,
258 1803 343 1887 idque
362 1802 425 1865 sine
442 1802 499 1865 ullo
519 1802 614 1864 lructu
632 1811 818 1879 contextum,
841 1811 928 1884 atque
944 1801 972 1863 in
990 1803 1171 1887 sepulchrum
1191 1805 1278 1891 depo-

133 1906 218 1969 situm
235 1915 337 1990 postea
352 1915 514 1982 retexeret,
540 1914 637 1988 atque,
663 1915 692 1966 ut
707 1902 900 1986 aequissimus
915 1901 1039 1983 debitor,
1064 1905 1139 1987 quod
1155 1906 1190 1969 ab
1206 1928 1278 1971 uno-

133 2029 246 2092 quoque
267 2008 411 2070 elemento
430 2018 594 2092 sumpserat
611 2005 720 2071 eisdem
739 2006 846 2091 optima
869 2005 924 2068 lide
940 2005 1119 2069 restitueret.
1164 2005 1224 2073 lam
1249 2022 1278 2073 ut

132 2132 184 2175 sua
204 2111 307 2194 cuique
325 2110 498 2189 reddiderit,
523 2119 591 2194 puta
609 2108 712 2192 frigido
733 2108 881 2192 trigidum,
907 2118 936 2171 et
953 2108 1046 2171 calido
1062 2109 1203 2190 calidum,
1227 2134 1277 2197 po·

132 2215 185 2277 tuit
201 2215 228 2277 id
247 2213 338 2276 latere
353 2212 467 2296 quidem
483 2211 657 2296 discipulos,
690 2211 783 2295 ipsum
800 2221 896 2274 tamen
914 2232 1019 2296 corpus
1036 2211 1144 2275 siccum
1160 2214 1277 2278 minime

132 2314 234 2401 potuit.
280 2312 398 2378 Siccum
414 2315 490 2376 enim
508 2313 592 2398 plane
608 2333 714 2398 corpus
728 2323 785 2393 est,
809 2334 891 2393 caro,
916 2315 1043 2396 inquam,
1068 2325 1097 2377 et
1110 2336 1188 2379 ossa.
1229 2315 1276 2383 Si·

132 2418 237 2481 militer
256 2428 285 2480 et
304 2417 448 2480 humidum
465 2418 563 2480 sanies
580 2427 641 2494 est,
666 2426 696 2478 et
712 2435 781 2478 caro
797 2436 870 2499 quac
888 2417 916 2477 iu
935 2415 1084 2478 burnorem
1102 2418 1275 2483 extabescit.

131 2519 216 2605 Quae
233 2521 329 2583 omnia
346 2541 410 2582 cum
427 2519 579 2582 manifeste
599 2519 774 2603 deponeret,
798 2517 939 2602 apostolis
954 2517 1016 2581 suis
1035 2519 1152 2583 omnino
1168 2521 1277 2607 siguifi-

132 2635 245 2703 casset,
276 2635 307 2685 ut
325 2632 409 2686 antea
428 2624 554 2701 lecerat,
586 2642 649 2684 cum
664 2621 727 2684 eius
745 2639 851 2706 corpus
866 2619 1019 2705 sepulchro
1038 2623 1199 2686 mandatum
1218 2635 1274 2689 est.

130 2725 205 2790 Tum
229 2727 305 2789 enim
324 2723 449 2811 losepbo
467 2722 700 2787 Arimatbaeensi
720 2725 909 2808 permissum,
944 2723 1066 2787 sindone
1087 2725 1206 2789 utillud
1226 2727 1276 2790 ob-

130 2831 263 2893 volveret
280 2839 366 2912 atque
383 2827 413 2890 in
433 2838 619 2891 moimmento
637 2827 807 2911 deponeret.
851 2823 1011 2890 Praeterea
1028 2827 1164 2891 mulieres
1182 2829 1275 2892 locum

129 2932 209 2995 illum
232 2932 465 2995 animadvertere
490 2930 667 3016 potuissent,
701 2928 747 2991 eui
767 2929 908 3013 reliquiae
927 2930 1146 2993 commendatae
1167 2932 1273 3009 forent,

131 3045 161 3097 ut
184 3055 235 3098 eas
258 3035 413 3118 ungnentis
435 3047 464 3096 et
486 3031 663 3095 aromatibus
685 3031 842 3094 honorilice
861 3032 1022 3095 condirent.
1070 3030 1129 3096 Sed
1153 3033 1207 3096 boc
1226 3055 1276 3098 ve·

129 3148 237 3215 strum,
261 3136 444 3223 Apelleiaci,
468 3134 647 3199 mendacium
665 3153 701 3196 ne
719 3134 922 3218 uniusquidem
939 3156 977 3198 ex
995 3135 1134 3220 apostolis
1151 3157 1276 3200 comme·

130 3240 267 3304 moravit.
313 3235 428 3323 Quippe
446 3259 591 3322 nunqnam
615 3237 654 3300 ita
671 3247 784 3320 gestum
802 3236 870 3299 illud
893 3248 949 3300 est.
995 3234 1106 3301 Verum
1125 3239 1197 3302 duos
1214 3240 1275 3323 qui·

130 3344 194 3406 dem
211 3363 263 3427 per
281 3362 347 3405 sese
365 3341 482 3404 minime
498 3339 708 3426 aspectabiles,
733 3349 857 3402 externa
876 3350 972 3402 tamen
987 3340 1084 3424 specie
1102 3353 1276 3426 apparentes

129 3447 209 3509 viros
231 3445 325 3508 intuiti
342 3455 426 3522 sunt,
449 3445 600 3528 ipsumque
617 3443 645 3506 in
663 3441 774 3506 coelum
791 3442 1012 3521 ascendentem,
1038 3463 1071 3505 oc
1087 3443 1181 3507 lucida
1200 3443 1275 3508 nube
1290 3463 1336 3505 aet.
1351 3462 1369 3504 1.

128 3549 351 3626 circumfusum,
386 3546 523 3630 reliquias
549 3566 621 3608 vero
650 3566 789 3629 nusquam
817 3555 958 3608 terrarum
985 3545 1102 3609 relictas
1128 3547 1272 3612 viderunt.

127 3650 234 3736 Neque
256 3651 332 3714 euim
362 3649 423 3712 lieri
446 3650 520 3713 istud
545 3648 713 3734 oportebat,
748 3659 798 3711 aut
821 3668 891 3711 vero
916 3659 1039 3732 poterat.
1092 3647 1192 3732 Quare
1215 3661 1274 3715 tam

128 3755 249 3841 Apelles
270 3754 333 3838 ipse
356 3773 440 3837 quam
463 3752 625 3837 Apelleiani
649 3749 761 3815 mentiti
783 3761 862 3814 sunt.

213 3854 329 3946 Cetera·
343 3877 430 3941 porro
449 3877 512 3919 cum
535 3865 723 3941 praeceptore
742 3875 797 3917 suo
816 3850 970 3917 Marcione
990 3866 1187 3920 consentanea
1207 3878 1273 3943 pro·
1293 3867 1351 3934 cap.
1367 3866 1408 3916 tv.

128 3961 235 4038 litetur,
260 3981 334 4044 quae
349 3961 383 4023 ad
398 3959 519 4023 eliorum
535 3979 663 4039 carnem,
686 3978 721 4021 ac
737 3957 846 4041 reliqua
861 3957 888 4019 id
906 3978 999 4040 genus
1016 3958 1173 4045 pertinent.
1210 3957 1275 4023 Ne·
1321 3971 1326 3980 '

127 4075 176 4148 gat
195 4065 272 4126 enim
291 4084 443 4152 corporum
463 4083 529 4125 esse
549 4061 813 4138 resurrectionem,
846 4070 1001 4144 ceteraque
1018 4062 1053 4124 ad
1072 4063 1195 4125 eundem
1213 4084 1274 4126 mo-

128 4167 212 4245 dum,
237 4188 294 4251 quo
309 4165 358 4228 ille
374 4186 437 4227 cum
456 4165 484 4226 in
502 4165 578 4228 vivis
594 4174 697 4248 ageret
712 4164 741 4226 in
760 4163 895 4249 opinione
913 4185 965 4228 sua
982 4166 1088 4250 posuit.
1135 4162 1194 4230 Sed
1213 4166 1274 4252 opi-

127 4270 245 4334 nionum
269 4269 336 4332 illae
365 4289 459 4353 nugae
487 4289 521 4331 ac
544 4267 693 4332 mendacia
715 4268 869 4332 manifeste
893 4268 1115 4350 redarguentur.
1168 4267 1273 4354 Neque

127 4370 203 4437 enim
225 4372 330 4436 virium
352 4372 504 4456 quicquam
527 4371 633 4435 babent
651 4370 808 4450 tenebrae,
841 4371 888 4435 ubi
908 4371 1045 4457 splendor
1066 4372 1139 4435 lucis
1156 4374 1271 4452 emicat,

128 4496 182 4541 nee
197 4475 345 4562 aperiente
359 4495 392 4538 se
409 4475 534 4539 veritate
552 4474 662 4539 falsitas
679 4473 823 4538 consistit.
868 4473 953 4558 Quod
970 4475 994 4537 si
1012 4495 1161 4540 sacrarum
1175 4475 1273 4540 litere-

126 4599 191 4642 mm
210 4576 253 4642 uti
271 4576 437 4642 testimonio
456 4579 566 4664 placet,
598 4576 736 4669 Apelles,
765 4598 875 4664 vosque
893 4577 1072 4664 Apelleiani,
1103 4579 1171 4644 illae
1190 4580 1272 4666 ipsae
