3046 5084
289 359 350 421 σου
711 364 1016 418 εεαστιεειεεειαιι

169 463 171 466 ⁴
292 483 456 572 Ἐνομίσθη
480 483 534 569 γόρ
557 483 643 550 τοῦτό
666 506 722 548 τισι
745 481 785 565 μὴ
801 487 1026 564 πεπληρῶσθαι·
1057 478 1138 561 ὅμως
1154 475 1195 554 ῶς
1211 480 1289 543 ἔστιν
1312 480 1446 564 ἐροῦμεν

299 583 434 669 Οῦδεμία
453 584 511 671 γῦρ
531 587 605 662 λέξις
625 592 678 667 τῆς
699 582 785 669 όγίας
803 590 857 648 τοῦ
877 588 954 647 θεοῦ
974 587 1093 667 γραφῆς
1113 584 1270 646 διαπίπτει.

165 911 230 975 Κεφ.
245 907 276 977 γ’.
381 889 497 975 Θρόνος
508 887 566 975 γῦρ
578 890 676 971 Δαβίδ
689 890 739 952 καὶ
755 886 889 970 βασιλικὴ
904 887 975 972 ίδρα
989 888 1067 952 ἐστίν
1087 882 1152 968 ἡίν
1166 890 1202 974 τῇ
1217 882 1288 973 όγίγ
1302 887 1441 975 ἐκκλησίρι

300 988 459 1075 ίερασῦνη,
482 989 555 1075 όπερ
573 987 685 1070 ἆξίαμα
700 987 852 1071 βασιλικόν
866 991 960 1053 τεκαὶ
974 985 1175 1071 ῦρχιερατικόν
1188 984 1266 1069 όμοῦ
1281 985 1440 1053 ίπιτοαυτδ

298 1091 436 1172 συνάψας
460 1089 479 1156 ό
499 1089 603 1175 κόρους
623 1088 785 1176 δεδῶρηται
801 1096 837 1178 τῇ
861 1086 931 1177 ῦγίμ
953 1087 1046 1154 αότοῦ
1069 1092 1221 1176 ίκκλησίηι,
1251 1087 1304 1154 τόν
1323 1087 1440 1174 θρόνον

299 1190 467 1278 μεταγαγῶν
493 1194 525 1256 ἐν
549 1189 624 1280 αὐτῇ
649 1189 702 1256 τόν
724 1199 776 1255 τοῦ
798 1193 896 1272 Δαβλδ
919 1188 960 1273 μη
992 1194 1176 1261 διαλείποντα
1201 1193 1243 1266 είς
1264 1188 1317 1255 τόν
1337 1193 1438 1255 αίῶνα.

296 1291 405 1357 Ἔκεῖσε
419 1290 475 1378 γῦρ
490 1290 564 1357 κατῦ
576 1291 717 1375 διαδοχὴν
736 1290 868 1378 διήρκεσε
881 1291 993 1377 θρόνος
1005 1294 1104 1374 Δαβλδ
1118 1294 1174 1368 ἕως
1187 1290 1279 1357 αότοῦ
1293 1298 1347 1356 τοῦ
1367 1298 1437 1375 Χρι-

299 1400 386 1473 στοῦ,
414 1391 455 1475 μὴ
475 1391 684 1459 διαλειπόντων
698 1402 758 1458 τῶν
775 1398 804 1471 ἐξ
819 1392 920 1458 Ἰοόδα
938 1392 1085 1478 όρχόντοτν
1098 1396 1154 1469 ἕως
1169 1387 1261 1476 ἦλθεν
1275 1386 1300 1483 ηδ
1313 1392 1351 1458 τό
1365 1392 1437 1459 ἄπο·

300 1498 416 1576 κείμενα
432 1487 486 1576 ἦν,
508 1497 556 1560 καί
576 1493 664 1571 αῦτός
685 1500 847 1580 προςδοκία
865 1498 978 1574 ίθνῶν,
999 1499 1098 1577 φησίν.
1134 1493 1261 1577 ’Ἑληξαν
1277 1495 1333 1580 γῦρ
1354 1497 1440 1585 ἐνηῙ

300 1602 353 1660 τοῦ
374 1602 504 1680 Χριστοῦ
522 1601 669 1683 παρουσίᾳ
688 1601 719 1663 οί
732 1596 807 1662 κατῦ
823 1595 963 1679 διαδοχὴν
981 1600 1011 1674 ἐξ
1024 1594 1127 1663 Ἰούδα
1142 1594 1295 1682 ῦρχοντες,
1315 1599 1373 1673 ἕως
1387 1595 1437 1675 αῦ-

300 1703 354 1762 τοῦ
373 1702 427 1763 τοῦ
446 1703 575 1781 Χριστοῦ
592 1696 758 1783 ἡγούμενοι
799 1700 925 1763 Διίπεσε
944 1696 999 1783 γῦρ
1023 1695 1044 1780 ἡ
1062 1696 1158 1777 τάξις,
1186 1700 1237 1763 καλ
1253 1701 1338 1780 ίστη,
1361 1697 1440 1776 ίξότε

280 1797 390 1874 αῦτδς
402 1805 536 1884 γεννᾶται
558 1803 590 1865 ίν
610 1801 745 1882 Βηθλεὲμ
761 1806 815 1882 τῆς
831 1797 997 1876 Ἰουδαίας,
1027 1801 1077 1864 ίπί
1095 1796 1284 1885 Ἀλεξάνδρου
1304 1806 1358 1864 τοῦ
1379 1797 1440 1866 ῦπό

301 1903 403 1986 γίνους
421 1903 568 1986 ἱερατικοῦ
584 1902 635 1966 καλ
649 1906 812 1984 βασιλικοῦ.
855 1898 919 1982 Ἀφ’
940 1894 978 1966 οῦ
998 1898 1188 1986 Ἀλεξάνδρου
1205 1902 1336 1966 διίπεσεν
1351 1893 1441 1979 οῦεος

301 2001 319 2069 ό
333 2008 439 2088 κλῆρος
454 1999 513 2067 dud
527 1999 641 2088 χρόνον
655 2001 747 2069 αὐτοῦ
762 2028 793 2067 τε
805 2005 856 2068 καί
872 2008 1030 2081 Σααλίνας,
1051 2009 1104 2085 τῆς
1118 2004 1168 2068 καί
1185 2000 1373 2088 Ἀλεξάνδρας
1386 2030 1439 2068 κα·

300 2106 457 2186 λουμίυης,
480 2105 528 2170 ίπλ
543 2113 606 2179 τοῖς
618 2104 736 2189 χρόνοις
750 2102 882 2191 Ἡρῶδου
897 2112 952 2169 τοῦ
971 2106 1110 2186 βασιλέως
1122 2106 1174 2171 καί
1189 2102 1366 2190 Αόγοόστυυ
1381 2113 1441 2172 τῶν

299 2204 448 2288 Ῥωμαίων
474 2203 699 2291 αότοκροίτορος.
734 2205 790 2282 Ὃς
811 2208 862 2272 καί
882 2204 1012 2289 διάδημα
1034 2207 1158 2272 ἐπίθετο
1180 2207 1288 2296 ἕαυτῶ,
1320 2204 1441 2273 δἈλί-

300 2311 425 2391 ξεινδρος
443 2299 547 2387 οὗτος,
569 2306 612 2383 είς
624 2315 684 2374 τῶν
699 2315 823 2397 χριστῶν
838 2310 890 2373 καί
905 2305 1076 2394 ἡγουμένων
1090 2303 1238 2394 ῦπόρχων.
1266 2315 1441 2389 Συναφθει-

300 2416 362 2474 σῶν
379 2407 433 2495 γῦρ
450 2415 510 2473 τῶν
534 2409 590 2474 δόο
612 2398 790 2490 φυλῶῶτοῦ
804 2433 835 2473 τε
851 2413 1003 2490 βασιλικοῦ
1023 2410 1075 2474 καί
1090 2412 1254 2494 ἱερατικοῦ,
1282 2407 1384 2476 Ἰσόδα
1405 2412 1441 2476 δί

299 2535 377 2594 φημι
388 2512 440 2576 καί
453 2508 588 2594 Ἀαρῶν,
608 2513 660 2576 καί
672 2504 771 2593 πόσης
784 2517 839 2593 τῆς
853 2516 908 2576 τοῦ
923 2512 1016 2588 Λευὶ,
1044 2512 1123 2576 οῦτοι
1141 2515 1269 2593 βασιλεῖς
1283 2513 1335 2577 καί
1350 2513 1439 2596 ἱερεῖς

300 2615 437 2697 ίγίνοντο.
484 2609 529 2675 Οῦ
542 2610 597 2697 γῦρ
612 2611 753 2696 δεήμαριί
765 2637 794 2676 τι
807 2618 866 2676 τῶν
880 2609 940 2676 ῦπό
952 2617 1004 2694 τῆς
1018 2608 1104 2697 ῦγίας
1115 2620 1234 2698 γραφῆς
1249 2609 1434 2698 αίντγμοίτοεν.

305 2712 376 2778 Τότε
391 2713 423 2776 δὲ
438 2711 543 2777 λοιπδυ
560 2711 723 2794 οἷλλόφυλος
744 2711 878 2795 βασιλεῦς
896 2709 1044 2798 Ἠρῶδης,
1073 2715 1123 2778 καί
1140 2712 1239 2780 οῦκίτι
1255 2716 1287 2780 οί
1304 2711 1363 2779 duo*
1380 2722 1436 2780 τοῦ

299 2814 399 2895 Δαβλδ
415 2811 544 2896 διάδημα
559 2815 709 2879 ἐπέθεντο.
752 2813 986 2897 Μεταπεσοόσης
1002 2817 1036 2880 δδ
1052 2824 1104 2898 τῆς
1121 2820 1272 2899 βασιλικῆς
1285 2817 1437 2902 καθίδρας

298 2917 331 2980 ἐν
351 2921 468 3004 Χριστῷ
482 2917 530 2981 ἐπί
545 2913 600 3000 τὴν
617 2919 769 3000 ἐκκλησίαν
786 2914 846 2981 οίπό
864 2916 917 2998 μίν
936 2919 1023 2982 οίκου
1036 2924 1090 2983 τοῦ
1105 2925 1248 3001 σαρκικοῦ
1261 2916 1364 2986 Ἰοῦδα
1384 2920 1437 2985 καί

301 3014 443 3101 ιἸσραὴλ
461 3016 494 3081 τό
514 3017 666 3100 βασιλικόν
690 3021 807 3102 μετίστη
828 3015 955 3101 δξίοομα,
986 3022 1101 3104 ἵδρυται
1125 3020 1157 3085 δί
1177 3016 1324 3105 όθρόυος
1346 3022 1435 3110 ίντη

297 3116 367 3208 όγίμ
384 3126 439 3184 τοῦ
457 3128 534 3186 θεοῦ
554 3123 690 3208 ἐκκλησίᾳ
713 3123 755 3196 είς
770 3118 822 3185 τόν
839 3122 948 3201 αίῶνα,
979 3122 1012 3186 ίιι
1028 3118 1082 3186 δόο
1109 3121 1287 3207 προφάσεων
1305 3123 1380 3205 ἔχων
1399 3121 1434 3189 τό

296 3221 424 3304 ῦξίοομα,
445 3226 500 3287 τοῦ
516 3246 547 3286 τε
568 3226 720 3304 βασιλικοῦ
741 3224 792 3287 καί
813 3229 867 3288 τοῦ
881 3219 1090 3308 ῦρχιερατικοῦ.
1135 3226 1195 3288 Kal
1208 3221 1242 3288 τό
1256 3224 1308 3305 μλν
1322 3227 1433 3306 βασιλι-

294 3325 350 3392 κόν
372 3321 431 3391 όπό
452 3330 505 3390 τοῦ
525 3327 632 3409 κυρίου
653 3322 736 3406 ἡμῶν
763 3322 864 3407 Ἰησοῦ
886 3331 1016 3411 Χριστοῦ
1036 3321 1112 3390 κατῦ
1132 3323 1188 3389 δόο
1209 3322 1350 3409 τρόπους,
1378 3322 1432 3390 διό

294 3453 324 3493 τε
344 3426 377 3493 τό
399 3424 473 3492 είναι
499 3424 590 3491 αῦτόν
611 3428 644 3492 ίκ
669 3429 835 3512 σπέρματος
855 3429 954 3509 Δαβίδ
978 3434 1033 3491 τοῦ
1059 3427 1198 3509 βασιλέως
1223 3422 1298 3490 κατῦ
1323 3425 1431 3509 σῶριια,

174 3566 225 3609 μορ.
239 3554 283 3596 ιιι.
295 3533 346 3595 καὶ
361 3528 394 3596 τό
410 3527 486 3596 εἶναι
502 3526 608 3607 αῦτόν,
629 3526 702 3614 ὅπερ
723 3531 798 3609 ίστλ,
820 3531 940 3613 βασιλέα
958 3535 1073 3612 μείζονα
1089 3525 1139 3593 εἶπ’
1152 3528 1261 3603 αίῶνος
1283 3524 1357 3592 κατῦ
1376 3527 1433 3612 τήν

295 3630 436 3714 θεότητα·
466 3631 499 3697 τό
516 3633 549 3697 δὲ
563 3629 723 3717 ίερατικόν,
745 3630 790 3697 ότι
807 3629 896 3707 αῦτός
916 3629 1064 3716 ἆργιερεῦς
1082 3632 1133 3696 καί
1152 3626 1308 3715 δρηεερίοεν
1322 3626 1433 3716 πρόετε·

295 3755 349 3810 νις,
370 3736 604 3810 κατασταθίττσς
619 3732 714 3810 εῦθῦς
728 3731 841 3816 Ἰακῶβ
853 3738 907 3799 τοῦ
919 3730 1049 3813 α’δελφοῦ
1064 3736 1169 3817 κυρίου
1183 3733 1368 3815 καλουμένου
1380 3733 1432 3798 καί

296 3828 461 3899 ἀποστόλου
478 3834 656 3918 ἐπισκόπου,
682 3835 802 3922 πρῶτου
820 3838 889 3900 υίυῦ
904 3841 957 3901 τοῦ
971 3831 1084 3918 Ἰωσὴφ
1101 3832 1190 3916 ου’σει
1202 3831 1303 3914 όντος,
1331 3837 1365 3901 ίν
1382 3836 1433 3899 τιν’-

298 3937 339 4009 ξετ
360 3933 392 3998 δί
413 3932 542 4016 ἀδελφοῦ
562 3946 616 4004 τοῦ
636 3943 742 4024 κυρίου
761 3938 922 4020 κληθέντος
942 3933 993 4001 διδ
1013 3934 1068 4019 τὴν
1087 3934 1342 4022 συναναστροιμήν.

330 4141 389 4225 ⁰⁰:
408 4141 451 4189 1¹¹·
475 4169 520 4226 7
543 4144 564 4194 ¹·
581 4148 664 4195 Editus
683 4148 740 4226 λίνα
753 4151 847 4207 νεῶν
881 4162 936 4210 νιιιι·
952 4163 1017 4223 ωηο
1035 4161 1169 4223 quamn
1192 4164 1218 4210 ιιι
1241 4163 1301 4224 ειμι
1317 4145 1363 4225 εἷλ’
1372 4161 1437 4210 κιαι

294 4212 361 4260 λοοτε
384 4208 551 4276 Ιτρουσαλημ,
567 4227 710 4275 quamquam
722 4229 747 4263 αι
759 4215 848 4263 Corna-
882 4231 999 4279 ηργηηηη,

295 4280 326 4326 εἰτ’
344 4279 438 4339 quidem
456 4280 558 4327 versione
581 4285 640 4329 τεεετ
663 4283 746 4343 lenum
766 4278 848 4330 lsrael.
