3046 5084
375 373 509 426 rsnnan
527 374 779 430 matronam.
795 377 1032 430 sesamum.
1217 366 1279 430 ott

126 512 216 579 porro
233 493 377 558 imbecilla
392 514 427 558 ac
442 514 518 559 vane
533 494 593 559 sint
609 516 684 580 quae
700 495 736 560 alr
750 497 807 561 illis
822 498 985 577 iactantur,
1010 518 1096 561 nemo
1113 518 1171 562 uon
1187 497 1277 562 ridet.

127 593 233 680 Neque
253 596 330 659 enim
349 597 406 660 duo
426 596 534 660 conditi
551 608 621 661 sunt
638 598 789 677 homiues,
814 601 864 662 sed
886 621 960 665 unus
979 601 1119 663 duntaxat
1138 600 1279 678 Adamas,

127 719 143 760 a
166 719 223 782 qno
247 694 322 763 Cain
345 711 375 762 et
393 699 468 763 Abel
490 696 657 784 Sethusque
679 700 782 785 geniti.
830 701 907 765 Tum
931 702 1060 785 reliquae
1083 703 1219 787 deinceps
1243 703 1278 765 ad
1292 717 1349 764 oen.
1363 718 1381 760 s.

127 800 265 864 diluvium
287 821 379 887 usqne
398 802 606 885 generationes
628 824 686 867 uon
707 804 855 867 advobus
876 803 1059 881 hominibus,
1091 804 1142 865 sed
1163 795 1204 866 ex'
1222 825 1280 866 uno

128 890 222 966 solum
243 904 352 988 eapite,
378 903 513 968 nimirum
531 906 662 985 iidemu,
687 906 817 992 prolecta
836 916 915 968 sunt.
961 903 1022 969 Sed
1041 917 1070 968 et
1087 904 1122 968 alr
1140 926 1199 968 uuo
1216 925 1280 967 rur·

128 1024 179 1069 sus
194 1003 311 1069 Nolimo
328 1017 394 1091 post
410 1006 565 1086 diluvium,
589 1029 647 1072 uon
665 1029 682 1072 a
699 1007 836 1084 diversis,
859 1008 1075 1092 insequentium
1093 1008 1176 1090 origo
1193 1008 1281 1069 dedu-

128 1107 222 1186 citur,
253 1105 403 1172 aNuttmo
420 1107 555 1193 inquam,
580 1111 627 1194 qui
644 1131 660 1174 e
677 1107 760 1174 Sethi
778 1110 914 1196 prosapia
931 1111 1001 1188 luit,
1024 1131 1117 1194 genus
1134 1109 1281 1173 homiuum

128 1230 214 1272 omne
231 1210 393 1274 derivatum
412 1222 473 1289 est,
506 1232 564 1275 uon
580 1212 712 1276 bifariam
730 1212 871 1289 divisum,
903 1214 954 1275 scd
972 1233 1028 1275 una
1043 1211 1134 1297 stirpe
1151 1232 1281 1295 compre·

129 1311 262 1375 lcensum.
308 1311 358 1376 Ex
375 1334 431 1397 qua
448 1324 505 1376 tum
521 1312 673 1394 Nodmnm
697 1335 781 1399 qnam
798 1313 861 1378 eius
880 1335 957 1377 uxor
974 1313 1097 1399 prodiit,
1122 1335 1280 1398 eurumque
1295 1330 1351 1373 neu.
1368 1331 1396 1373 n.

129 1413 213 1478 liberi
235 1410 323 1493 Sem,
348 1410 460 1493 Cium,
485 1411 603 1501 iaphet:
629 1438 684 1480 nec
706 1437 764 1479 nou
788 1427 818 1479 et
839 1416 1021 1500 singulorum
1041 1415 1201 1500 coniuges3
1234 1416 1280 1499 qni

129 1517 244 1600 quidem
267 1537 370 1580 omues
393 1517 479 1581 unius
501 1538 518 1581 e
539 1515 623 1582 Sethi
646 1538 756 1602 genere
774 1519 919 1603 procreati
939 1531 1025 1598 suut,
1058 1540 1114 1581 non
1134 1539 1150 1580 a
1170 1518 1282 1581 duobus

129 1617 294 1682 hominibus
310 1619 458 1705 producti,
490 1619 538 1704 qui
557 1640 701 1704 nunquam
719 1620 751 1683 in
769 1622 857 1684 terris
876 1622 1010 1699 luerunt,
1042 1621 1281 1705 quemadmodum

129 1719 178 1784 isti
201 1720 376 1785 labulautur.

211 1822 332 1887 Ateuim
354 1833 451 1887 certos
475 1822 565 1887 libros
586 1823 812 1888 clarissimorum
837 1825 966 1887 virorum
990 1824 1154 1889 nominibus
1177 1824 1280 1887 inscri-
1299 1829 1357 1895 cap.
1373 1830 1402 1878 V.

129 1935 194 2012 ptos
210 1925 430 1989 circumierunt.
477 1923 525 1988 Ex
543 1925 646 2010 quibus
663 1937 774 2012 septem
791 1927 910 1990 omniuo
928 1923 1022 1991 Setho
1038 1927 1186 2005 tribuunt,
1210 1926 1282 1990 alios

129 2046 202 2091 vero
216 2021 406 2111 Ἀλλογενεῐς,
431 2028 485 2090 hoc
503 2038 549 2092 est
564 2029 683 2112 generis
700 2028 838 2107 alterius,
863 2039 1041 2112 rrunuupnnt.
1087 2027 1143 2091 Est
1160 2039 1189 2091 et
1208 2029 1282 2092 alius

129 2130 204 2194 liber
225 2130 300 2194 laiso
318 2130 459 2194 Abraami
478 2129 612 2210 nomine,
637 2152 721 2215 quem
740 2150 793 2216 pro
811 2129 991 2216 Apocalypsi
1010 2130 1178 2208 venditant,
1204 2133 1282 2193 omni

130 2233 261 2318 nequitia
279 2235 417 2297 relectus.
463 2231 586 2296 Praeter
601 2253 687 2317 quem
704 2232 826 2297 alterum
842 2254 859 2297 a
874 2229 1000 2317 Moyse,
1024 2232 1153 2316 reliquos
1169 2231 1205 2295 ab
1219 2231 1284 2295 aliis

130 2335 225 2399 editos
241 2355 308 2399 esse
324 2335 513 2400 mentiuntur.
560 2334 607 2399 At
624 2335 713 2415 haec,
738 2346 874 2420 quaeest
890 2334 1004 2398 illorum
1021 2335 1166 2398 stoliditas
1182 2356 1216 2398 ac
1233 2355 1281 2397 ve·

130 2437 247 2516 cordia,
271 2459 396 2501 uxorem
412 2434 495 2503 Sethi
515 2436 662 2503 floraeam
681 2438 884 2521 nescioquam
903 2435 1072 2500 nominatim
1089 2448 1208 2501 vocant.
1249 2435 1283 2500 ln

131 2563 188 2626 quo
206 2539 290 2619 vide,
321 2561 447 2624 quaeso,
477 2561 562 2625 quum
579 2542 668 2626 inepti
686 2541 762 2618 sint,
794 2539 956 2603 utiliorum
977 2539 1057 2602 velut
1071 2538 1188 2603 scenica
1205 2561 1283 2602 com-

132 2654 229 2707 menta
256 2643 501 2727 stultissimasque
528 2643 641 2707 lalrulas
671 2663 706 2705 aa
736 2652 847 2705 temere
876 2642 998 2704 conficta
1026 2643 1176 2707 mendacia
1205 2643 1282 2705 otnni

131 2756 267 2832 exparte
283 2746 472 2810 condemnes.
516 2744 595 2811 Num
612 2766 676 2809 cum
694 2744 852 2808 nonnullae
871 2745 930 2807 siut
946 2744 1097 2821 haereses,
1121 2766 1196 2828 quae
1215 2743 1282 2808 Vim

130 2850 272 2934 quandam
295 2869 362 2913 esse
383 2857 514 2912 statuunt
535 2868 608 2932 quae
630 2846 747 2910 Hoeaea
773 2847 956 2926 nominetur,
988 2847 1028 2910 illi
1048 2845 1116 2910 Vim
1140 2847 1282 2911 eiusmodi

131 2949 336 3037 Hoeaeamqne
355 2948 438 3015 Setlri
460 2950 612 3034 coniugem
634 2947 771 3013 extitisse
791 2951 971 3035 praedicant.
1018 2948 1068 3013 Ex
1087 2972 1144 3034 quo
1165 2951 1284 3012 demon·

131 3055 238 3133 stu-ari,
261 3053 431 3132 assidetis,
454 3053 523 3118 illud
539 3062 636 3139 potest
650 3051 796 3116 hominem
813 3053 904 3115 luisse
921 3051 1043 3116 Setinum
1056 3052 1153 3131 illum,
1179 3074 1233 3116 nec
1249 3053 1284 3116 ab

131 3158 197 3222 aliis
214 3157 327 3242 origine
343 3155 508 3234 diversum,
532 3165 632 3241 utpote
650 3151 737 3220 Caini
754 3165 782 3218 et
798 3155 886 3218 Abeli
903 3175 1090 3239 germanum,
1115 3154 1151 3218 ab
1168 3156 1284 3219 iisdem-

131 3280 188 3346 que
205 3259 375 3346 pareutibua
392 3259 421 3322 in
440 3259 533 3322 lucem
551 3258 671 3321 editum.
718 3263 856 3338 Cognovit
870 3263 956 3332 enim,
989 3268 1019 3319 ut
1037 3256 1182 3341 scriptura
1200 3256 1280 3336 dicit,
1296 3276 1352 3322 nen.
1365 3281 1386 3334 u,
1400 3281 1417 3324 1.

131 3368 226 3426 Adam
242 3385 358 3425 umorem
372 3384 452 3424 suom
467 3366 565 3436 Eoum,
590 3365 812 3442 praeconcepit,
837 3373 866 3423 et
876 3365 987 3442 peperit
1002 3364 1081 3421 Curia.
1128 3358 1193 3422 Hoc
1208 3360 1284 3422 euim

132 3466 159 3531 ei
180 3486 285 3529 numen
306 3464 461 3550 imposuit,
493 3463 568 3549 quod
589 3461 807 3548 possessiouem
826 3463 990 3546 significat,
1024 3462 1141 3540 dicens,
1172 3465 1288 3523 Possedi

123 3570 222 3651 filicem
245 3572 460 3650 perdomitum
483 3571 573 3628 deum.
620 3565 667 3630 Ao
691 3586 794 3629 rursus
819 3565 941 3628 Abelunr
967 3563 1089 3649 peperit.
1136 3568 1281 3644 Cognovit,

132 3672 242 3757 iuquit,
266 3676 359 3734 Adam
377 3674 464 3733 Eoum
482 3673 627 3749 conc‘rcgcm
643 3690 738 3742 suum,
763 3671 989 3750 praeconcepit,
1015 3669 1280 3748 etpeperitfilium,

131 3797 210 3858 qvem
232 3776 352 3837 Abelvm
375 3776 491 3834 vocavit.
539 3768 617 3834 Tum
643 3770 740 3834 multis
762 3770 925 3834 interiectis
949 3779 1015 3853 post
1036 3768 1122 3833 Abeli
1147 3778 1282 3847 mortem,

134 3882 287 3959 Cognovit,
319 3875 428 3959 inquit,
460 3879 552 3937 Adam
578 3895 700 3936 umorem
720 3877 823 3947 Eoum,
855 3893 926 3953 qvae
952 3876 1091 3952 concapit,
1124 3883 1152 3932 et
1174 3877 1288 3952 pepem't

124 3981 240 4062 filium,
273 3992 303 4040 et
323 3982 432 4040 vocavit
452 3980 582 4052 Setdvrn,
615 3977 691 4061 quod
712 3973 979 4061 compensatiouem
999 3984 1094 4037 sonat.
1140 3978 1286 4036 Excitavit

133 4087 223 4158 curin,
255 4082 367 4167 iuquit,
399 4083 470 4142 mc‘de'
490 4084 558 4142 deur
580 4084 694 4161 stripem
713 4101 768 4160 pro
792 4080 900 4151 Aleta,
931 4099 1009 4158 qvem
1033 4079 1177 4158 interfecit
1200 4080 1280 4138 Cain.

135 4183 197 4250 lam
216 4207 281 4249 oum
299 4185 340 4247 itu
357 4183 501 4268 loquitur:
524 4185 641 4244 Poasedi
652 4185 787 4244 hominem
800 4203 855 4261 pv·
867 4184 963 4254 devm,
988 4190 1035 4258 ot,
1058 4184 1287 4242 Evcc'tvvr'tmitli

133 4291 217 4362 deus,
250 4307 339 4350 unum
356 4306 424 4350 esse
443 4286 529 4349 deum
545 4285 670 4362 iudicat,
702 4283 750 4368 qui
768 4293 800 4346 et
817 4283 957 4347 universa
973 4282 1153 4363 condiderit,
1185 4292 1214 4346 et
1232 4302 1284 4346 eos

133 4391 215 4477 ipsos
232 4389 280 4474 qui
296 4388 388 4473 geniti
406 4397 474 4453 sunt
491 4387 617 4471 benigue
636 4386 828 4451 concesserit.
874 4383 960 4468 Quod
979 4405 1052 4449 vero
1071 4406 1182 4450 uxores
1199 4385 1284 4449 anilo
