3046 5084
187 336 247 401 370
608 346 726 397 ειαοει
746 345 912 396 ενιοιικυιι

187 464 307 530 πάντων
324 457 343 552 ᾖ
361 461 551 543 πεφυλακοίς,
580 460 641 542 ¹⁰⁷3
656 465 683 526 ελ
697 469 755 526 τοῖν
767 468 880 527 λοιπῶν
895 460 946 535 τάς
960 460 1103 547 συζύγους
1119 461 1260 544 κατέλεγε,
1283 462 1339 524 καί

185 564 239 649 τῆν
254 572 307 631 τοῦ
322 562 501 650 Ἀνθρώπου
516 562 553 628 άν
567 561 727 646 μεμηνύκει
740 562 874 650 σύζυγον,
897 565 948 628 καί
963 561 1018 628 ούκ
1033 561 1071 628 άν
1086 560 1202 645 άφῆκεν
1215 564 1247 626 έκ
1263 588 1338 644 μαν-

185 671 261 745 τείας
282 664 360 751 ἡμᾶς
380 665 539 749 λαμβάνειν
559 663 689 748 τούνομα
710 664 809 747 αύτῆς.
856 664 975 752 Φανερά
991 657 1047 730 σύν
1064 662 1085 747 ῆ
1103 672 1155 747 τῆς
1172 662 1339 749 ἐξηγήσεως

185 772 390 856 παραποίησις.
424 775 484 833 Τοῦ
500 768 554 853 γάρ
570 765 706 833 Ἰωάννου
722 770 774 833 ἕνα
787 767 862 833 θεόν
878 767 1101 852 παντοκράτορα
1114 769 1164 833 καί
1180 769 1232 833 ένα
1245 794 1336 848 μονο·

184 879 253 958 γενῆ
274 870 402 957 Χριστόν
418 868 530 954 Ἰησοῦν
546 869 760 954 κηρύσσοντος,
793 868 829 934 δι’
850 864 887 936 οὗ
910 869 945 934 τά
966 869 1063 936 πάντα
1080 871 1227 956 γεγονέναι
1247 871 1336 955 λέγει,

183 982 289 1041 τοῦτον
305 973 372 1040 υίύν
387 980 477 1052 θεοῦ,
499 979 602 1037 τοῦτον
618 979 776 1057 μονογενῆ,
805 980 909 1038 τοῦτον
924 971 1043 1038 πάντων
1059 971 1201 1055 ποιητῆν,
1227 979 1337 1038 τοῦτον

184 1085 250 1159 φοῖς
264 1076 423 1160 άληθινδν,
446 1079 606 1155 φωτίζοντα
621 1073 718 1139 πάντα
736 1073 915 1159 άνθρωπον,
943 1082 1048 1163 τοῦτον
1065 1072 1179 1157 κόσμου
1196 1073 1335 1159 ποιητῆν,

64 1187 288 1257 pq.m.106wv
312 1183 352 1254 είς
374 1176 410 1242 τά
431 1181 492 1241 λ’δια
511 1175 690 1258 ἐληλυθότα,
720 1184 825 1243 τοῦτον
846 1175 937 1242 αύτδν
959 1176 1054 1259 σάρκα
1075 1176 1213 1263 γεγονότα
1239 1180 1335 1243 ιικαί

186 1280 371 1363 έσκηνωκύτα
393 1283 425 1345 έν
442 1277 527 1361 ἡμῖν,
558 1271 639 1344 οὗτοι
657 1281 891 1364 παρατρέποντος
908 1279 983 1344 κατά
1000 1278 1033 1345 τό
1050 1279 1182 1346 πιθανόν
1196 1278 1250 1362 τῆν
1268 1279 1334 1363 ἐξῆ-

186 1405 283 1469 γησιν,
307 1381 392 1448 άλλον
407 1382 458 1464 μὲν
473 1379 524 1447 τόν
541 1388 699 1465 Μονογενῆ
713 1384 852 1447 θέλουσιν
867 1379 941 1447 εἶναι
957 1380 1031 1447 κατά
1045 1381 1098 1467 τῆν
1112 1381 1275 1469 προβολῆν,
1298 1382 1335 1450 δν

186 1483 223 1567 δῆ
239 1487 290 1550 καί
304 1482 409 1568 Ἀργῆν
424 1491 578 1562 καλοῦσιν,
601 1481 687 1548 άλλον
703 1485 735 1549 δέ
751 1483 802 1549 τόν
817 1492 945 1570 Σωτῆρα
962 1488 1109 1570 γεγονέναι
1124 1487 1259 1563 θέλουσι,
1280 1490 1333 1553 καί

184 1585 270 1653 άλλον
290 1586 341 1653 τόν
362 1586 464 1672 Λόγον
488 1583 554 1652 υἱόν
575 1593 628 1651 τοῦ
647 1593 857 1672 Μονογενοῦς,
887 1589 937 1652 καί
961 1585 1046 1653 άλλον
1068 1588 1118 1653 τόν
1139 1585 1269 1674 Χριστόν
1292 1592 1334 1664 είς

183 1688 390 1776 ἐπανόρθωσιν
411 1697 464 1755 τοῦ
485 1691 689 1774 Πληροίματυς
707 1691 952 1774 προβεβλημένον.
998 1692 1058 1754 Καί
1077 1695 1112 1755 ἓν
1128 1693 1252 1757 ἕκαστον
1272 1698 1334 1759 τοῦν

184 1794 343 1878 εἰρημένων
359 1791 480 1878 άραντες
498 1789 557 1856 α’πδ
575 1798 627 1872 τῆς
645 1789 799 1873 άληθείας,
830 1791 1078 1879 καταχρησάμενοι
1097 1802 1159 1869 τοῖς
1177 1791 1332 1876 σ’νόμασιν,

183 1896 225 1971 είς
238 1893 290 1978 τῆν
305 1897 381 1960 ίδίαν
397 1892 544 1959 ύπόθεσιν
557 1896 750 1979 μετήνεγκαν,
773 1892 843 1970 ύςτε
858 1893 921 1959 κατ’
935 1892 1045 1970 αύτούς
1057 1898 1089 1960 έν
1105 1904 1166 1971 τοῖς
1180 1894 1333 1973 τοσούτοις

123 2042 128 2054 ·
181 1995 234 2064 τόν
249 1995 386 2080 Ἰωάννην
409 2004 462 2061 τοῦ
481 2001 585 2081 κυρίου
600 1994 697 2078 Ἰησοῦ
716 2003 845 2081 Χριστοῦ
862 2002 963 2080 μνείαν
984 1996 1068 2081 ημῆ
1086 2006 1247 2064 ποιεῖσθαι.
1291 2001 1335 2065 Et

181 2098 237 2187 γάρ
256 2102 375 2184 Πατέρα
395 2103 506 2184 είρηκε,
536 2101 587 2165 καί
606 2098 717 2183 Χάριν,
745 2102 796 2164 καί
814 2107 989 2185 Μονογενῆ,
1016 2102 1067 2166 καλ
1082 2097 1253 2183 Ἀλήθειαν,
1281 2105 1332 2169 καλ

182 2201 295 2287 Λόγον,
318 2204 369 2267 καί
387 2199 490 2284 Ζωῆν,
512 2199 764 2287 καί’Ἁνθρωπον,
786 2204 836 2266 καί
850 2199 1031 2285 Ἐκκλησίαν,
1053 2201 1129 2269 κατά
1143 2201 1197 2287 τῆν
1211 2205 1333 2271 ἐκείνων

182 2301 327 2370 ύπόθεσιν
345 2305 414 2389 περί
434 2311 486 2386 τῆς
507 2303 624 2387 πράτης
641 2301 802 2389 Ὀγδοάδος
821 2307 951 2391 εἴρηκεν,
983 2308 1015 2371 έν
1032 2297 1054 2395 γῆ
1071 2303 1189 2373 ούδέπω
1205 2303 1330 2390 Ἰησοῦς,

183 2403 300 2472 ούδέπω
317 2405 445 2494 Χριστός
458 2403 477 2472 ό
491 2414 544 2471 τοῦ
555 2403 693 2472 Ἰωάννου
705 2404 887 2483 διδάσκαλος.
907 2406 976 2472 Ὅτι
991 2408 1023 2473 δέ
1037 2405 1074 2473 ού
1088 2410 1155 2495 περὶ
1171 2415 1232 2475 τῶν
1245 2414 1330 2487 συζυ-

181 2516 254 2594 γιοῖν
275 2507 372 2575 αὐτῶν
391 2506 410 2575 ό
429 2506 590 2584 άπόστολος
609 2512 739 2592 είρηκεν,
770 2506 839 2573 άλλά
859 2512 927 2596 περί
943 2517 998 2575 τοῦ
1013 2514 1118 2596 κυρίου
1134 2507 1221 2594 ῆμιῦν
1236 2508 1334 2595 Ἰησοῦ

184 2617 324 2697 Χριστοῦ,
346 2613 381 2677 δν
395 2614 445 2677 καὶ
461 2609 549 2697 λόγον
562 2607 623 2675 οίδε
638 2619 691 2675 τοῦ
704 2617 789 2688 θεοῦ,
812 2609 901 2687 αύτδς
916 2616 1059 2695 πεποίηκε
1074 2611 1213 2697 φανερόν.
1247 2610 1331 2683 ’An-

180 2716 430 2796 κεφαλαιούμενος
449 2713 505 2798 γάρ
525 2715 590 2796 περί
613 2720 666 2778 τοῦ
688 2714 844 2796 εἰρημένου
866 2712 945 2804 αύτῷ
970 2713 1075 2781 Ιθάνω
1097 2718 1129 2781 έν
1148 2712 1223 2805 άργῆ
1240 2714 1333 2803 λόγου

183 2819 370 2901 έπεξηγεῖται,
394 2817 453 2880 Καί
469 2812 486 2881 6
500 2813 586 2899 λόγος
599 2814 671 2899 σάρξ
687 2817 808 2901 ἐγένετο,
829 2818 881 2881 καί
897 2815 1062 2900 ἐσκήνωσεν
1075 2820 1107 2884 ἐν
1121 2814 1201 2901 ἡμῖν.
1246 2818 1333 2885 Κανά

182 2918 214 2984 δδ
233 2917 287 3001 τῆν
303 2920 421 2985 ἐκείνων
437 2915 583 2983 ύπόθεσιν
598 2915 651 3000 ούχ
668 2915 685 2983 6
700 2917 787 3003 λόγος
801 2916 872 3003 σάρξ
888 2921 1011 3005 ἐγένετο,
1037 2919 1115 2997 Ηλίς
1128 2944 1160 3007 γε
1174 2917 1245 2987 ούδί
1256 2912 1336 3005 ῆλθί

181 3045 251 3086 ποτε
271 3018 356 3096 ἐκτός
374 3019 593 3107 Πληρύματος,
626 3017 696 3084 άλλά
713 3017 730 3085 6
752 3024 829 3087 1ῡέκ
846 3028 898 3104 τῆς
914 3024 1084 3106 οἰκονομίας
1098 3022 1336 3111 μεταγινέσττρος

180 3130 233 3189 τοῦ
255 3122 360 3208 Λόγου
382 3122 498 3210 Σωτήρ.

40 3235 106 3305 Κεμ
117 3233 164 3291 λα’.
266 3224 392 3291 Μάθετε
409 3219 478 3305 σύν,
500 3224 630 3309 άνόητοι,
653 3224 699 3291 ὅτι
711 3222 825 3307 Ἰησοῦς
843 3223 860 3291 6
875 3224 984 3292 παθόν
1002 3224 1076 3313 ύπέρ
1092 3225 1188 3311 ῆμοῦν,
1210 3226 1336 3297 ύτιατα-

181 3328 337 3413 σκηνοίσας
353 3331 385 3395 έν
401 3327 487 3411 ῆμῖν,
509 3321 597 3404 οὗτος
615 3325 705 3403 αύτός
721 3331 798 3394 ἐστιν
816 3325 834 3393 ό
848 3326 935 3414 λόγος
950 3336 1003 3394 τοῦ
1016 3337 1102 3397 θεοῦ.
1148 3333 1190 3397 El
1204 3332 1259 3415 μίν
1273 3330 1334 3421 γάρ

181 3429 268 3508 άλλος
289 3459 332 3509 τις
349 3439 407 3498 τῶν
425 3429 555 3497 Αίοόνων
576 3426 649 3512 ύπὲρ
668 3438 721 3513 τῆς
738 3428 822 3514 ἡμῶν
841 3428 938 3497 αύτῶν
956 3436 1100 3519 σωτηρίας
1116 3430 1189 3517 σάρξ
1207 3434 1334 3520 λγένεοο,

182 3534 259 3611 εἰκός
281 3529 320 3619 ῆν
339 3537 407 3621 περὶ
429 3531 516 3599 άλλου
535 3534 681 3617 εἰρηκέναι
700 3531 752 3598 τόν
774 3530 943 3600 άπόστολον.
988 3536 1031 3598 Et
1049 3535 1082 3600 δέ
1102 3531 1121 3601 ό
1138 3532 1227 3622 λόγος
1243 3532 1263 3603 ύ
1278 3544 1337 3605 τοῦ

182 3635 293 3721 πατρός
316 3636 333 3703 6
348 3635 480 3719 καταβάς
499 3634 589 3711 αύτός
606 3637 663 3701 ἔστι
681 3637 732 3699 καί
751 3632 768 3700 6
785 3633 913 3718 ἀναβάς,
945 3633 1032 3701 ότοῦ
1047 3635 1141 3719 μόνον
1154 3644 1233 3705 θεοῦ
1245 3664 1337 3723 μονο·

181 3734 267 3822 γενῆς
285 3737 350 3815 υίδς
363 3737 438 3804 κατά
453 3737 507 3822 τῆν
525 3745 576 3803 τοῦ
592 3734 703 3823 πατρός
722 3734 860 3803 εὐδοκίαν
877 3741 1044 3825 σαρκωθελς
1059 3736 1135 3826 ύπέρ
1150 3737 1337 3826 άνθροίτειτ,

182 3836 220 3905 ού
236 3841 304 3923 περὶ
324 3839 412 3906 άλλου
430 3839 523 3920 τινός,
553 3837 623 3905 ούδέ
640 3840 706 3922 περὶ
722 3835 897 3924 Ὀγδοάδος,
927 3840 978 3906 τόν
995 3839 1084 3927 λόγον
1106 3844 1336 3927 ιίμτιοττοίηται,

182 3938 239 4007 ἄλλ’
252 3939 274 4025 ῆ
288 3944 355 4023 περὶ
371 3950 424 4008 τοῦ
440 3948 547 4025 κυρίου
559 3939 655 4024 Ἰησοῦ
674 3947 814 4027 Χριστοῦ.
850 3938 927 4008 Ούδέ
941 3941 997 4029 γάρ
1012 3940 1131 4030 όλόγος
1144 3942 1208 4011 κατ’
1223 3942 1338 4027 αύτούς

182 4044 412 4131 προηγουμένως
430 4043 502 4128 σάρξ
520 4047 627 4130 γέγονε.
671 4044 800 4129 Λέγουσι
818 4044 850 4108 δέ
865 4041 918 4110 τόν
935 4052 1063 4130 Σωτῆρα
1079 4045 1262 4114 ἐνδύσασθαι
1274 4054 1338 4117 σι’-

180 4173 221 4228 μα
239 4143 368 4229 ψυχικόν
390 4149 422 4213 ίκ
439 4152 491 4228 τῆς
507 4149 677 4230 οἰκονομίας
693 4149 960 4230 κατεσκευασμένον
976 4145 1095 4239 άρρῆτρ)
1112 4153 1240 4238 προνοίγ
1258 4148 1338 4237 πρός

217 4302 254 4352 10.
272 4294 292 4366 ἦ
311 4301 333 4354 εἰ
354 4305 484 4353 emendatio
500 4309 533 4353 αλ
548 4307 614 4355 Binis
631 4311 652 4354 ιε
668 4308 737 4355 Peta-
808 4304 844 4356 12.
863 4302 902 4371 μὴ
913 4309 1065 4369 particulam,
1079 4322 1139 4370 ηααι
1149 4306 1337 4361 waram

179 4373 223 4431 vii,
236 4384 307 4432 ηαοω
319 4373 398 4433 firmat
410 4373 457 4420 Vet-
468 4373 588 4431 ίιιίοτρτω.
613 4373 678 4422 λιθτι·
689 4378 737 4423 tam
771 4375 822 4423 cod.
836 4376 933 4437 Βλισίς.
954 4381 974 4424 ιε
986 4375 1013 4425 ιἰι
1026 4376 1094 4425 editis
1105 4377 1181 4437 λλοτίο,
1194 4378 1291 4439 nm
1304 4378 1338 4429 do

179 4439 258 4500 scripti
274 4453 345 4501 ηυοω
363 4441 419 4490 editi
434 4439 544 4500 praebent
559 4442 635 4489 τοίνυν
653 4438 683 4492 τί.
772 4443 822 4491 ενδ.
834 4444 924 4493 Veneto.
945 4444 1338 4497 Petaviuutfflssimmu

215 4505 254 4556 n.
277 4505 321 4558 καί
343 4501 509 4572 ίσκηνωκότα
530 4509 602 4557 verba
624 4522 668 4557 ουτ
685 4510 739 4559 cod.
773 4502 801 4561 ού
818 4510 953 4565 ποιεῖσθαι.

183 4574 236 4624 ναι
807 4576 848 4629 13.
865 4570 918 4633 ἅνω
933 4572 1001 4649 α’μχή
1016 4574 1092 4645 λόγου
1108 4578 1162 4631 ωδ.
1177 4580 1233 4633 Vn.
