3046 5084
391 343 524 396 ιιιιιιιιι
541 345 605 397 eta.
613 348 633 398 ι.
651 349 732 400 runt.
750 349 781 399 ιι.
800 350 896 400 anan.
911 350 1013 400 xxxi.
1222 339 1282 402 343

123 476 181 530 tum
202 475 298 544 metu,
333 484 370 527 ue
393 473 425 526 ut
445 462 537 548 ipsam
559 464 673 544 lumen,
704 465 745 530 ita
766 467 826 530 vitu
847 469 1002 548 deficeret,
1037 469 1141 533 deinde
1163 471 1276 534 consilii

121 567 236 654 inopia,
259 587 294 631 ec
310 567 426 630 demum
441 563 627 647 ignorantiae
645 567 760 651 penitus
778 568 956 632 immersam.
1002 569 1108 654 Neque
1125 571 1219 650 enim,
1244 583 1275 635 ut

122 671 185 735 eius
205 667 306 733 Meter
329 669 422 754 prime
445 669 495 732 illa
523 687 564 730 ex
584 667 722 732 Aeonum
746 669 870 753 collegio
894 667 1063 755 Sapientia,
1095 674 1274 736 alternorum

121 775 262 837 duntaxat
287 772 458 835 diversitate
479 780 628 848 motuum,
659 772 710 834 sed
733 772 945 836 contrariorum
968 774 1089 837 dissidio
1111 773 1271 838 laborasse.

121 874 201 959 Quin
223 885 253 937 et
275 894 382 937 novam
400 874 521 956 insuper
542 872 634 936 eidem
655 873 839 938 allectionem
860 874 1037 958 contigisse,
1071 876 1273 940 conversionis

120 978 155 1041 ad
175 998 241 1040 eum
258 975 374 1039 scilicet
389 974 437 1058 qui
452 974 507 1038 sibi
523 974 612 1038 vitam
628 974 821 1060 impertierat.
868 976 952 1041 Harrc
969 998 1041 1040 vero
1057 978 1197 1041 materiae
1212 999 1274 1040 rno-

120 1080 176 1143 lenr
198 1100 233 1140 ac
253 1077 443 1141 substantiam
464 1097 549 1156 esse,
582 1097 622 1141 ex
639 1098 694 1161 qna
713 1080 835 1143 mundus
856 1080 911 1142 iste
931 1080 1050 1143 coaluit.
1095 1078 1214 1143 Etenim
1232 1102 1271 1144 ex

119 1183 182 1266 ipsa
199 1179 394 1243 conversione
409 1176 512 1243 Mundi
531 1189 559 1241 et
576 1174 747 1244 Conditoris
761 1182 891 1266 adeoque
909 1181 995 1245 aliam
1011 1203 1126 1245 omnem
1145 1183 1269 1246 animaru

119 1304 187 1346 csse
206 1281 351 1365 genitam,
375 1291 474 1345 cetera
493 1302 533 1345 ex
551 1292 629 1345 metu
647 1302 681 1344 ao
698 1282 798 1346 dolore
818 1283 930 1347 initium
951 1285 1113 1368 accepisse.
1157 1282 1269 1348 Name

119 1383 256 1469 lacrymis
275 1382 419 1447 bumidum
438 1403 540 1460 omne,
571 1382 667 1448 erisu
685 1385 827 1465 lucidum,
859 1407 875 1449 e
894 1387 994 1449 dolore
1014 1407 1048 1449 ac
1067 1397 1185 1470 stupore
1203 1408 1267 1450 cor·

118 1508 207 1571 porca
223 1485 320 1550 mundi
335 1484 478 1549 elementa
493 1505 640 1549 manasse.
686 1487 840 1551 Accidisse
858 1488 1004 1567 nimirum,
1030 1499 1061 1550 ut
1078 1488 1267 1573 collacryma-

117 1599 165 1652 ret
179 1588 323 1652 interdum
341 1608 376 1654 ae
396 1587 527 1666 doleret,
551 1588 626 1672 quod
644 1609 677 1651 se
696 1590 786 1652 solam
805 1592 835 1653 in
852 1591 980 1654 tenebris
996 1602 1026 1653 et
1040 1590 1180 1653 inanitate
1197 1591 1266 1653 reli-

117 1702 191 1755 ctam
208 1689 466 1755 animadverteret.
500 1687 719 1774 Nonnunquam
735 1712 806 1755 vero
821 1715 891 1755 mox
906 1703 937 1756 ot
954 1692 1029 1756 illios
1044 1691 1172 1771 luminis,
1189 1694 1265 1777 quod

115 1813 182 1857 sese
196 1793 368 1876 reliquerat,
387 1793 502 1855 veniret
513 1792 542 1855 in
557 1791 737 1872 memoriam,
754 1794 861 1857 risose
876 1814 909 1855 ac
922 1793 1071 1878 voluptate
1087 1794 1262 1879 perfudisse,

113 1895 316 1981 interdumque
335 1916 439 1960 rursus
457 1895 493 1958 ad
511 1904 618 1957 nectum
638 1895 779 1974 rediisse,
803 1895 875 1958 alias
894 1895 1012 1958 ιιιιιὶιιι
1032 1897 1202 1980 consiliique
1218 1896 1264 1959 in·

115 2019 199 2085 opem
223 2008 254 2061 et
274 1997 427 2062 attonitam
451 1996 554 2060 luisse.

122 2140 128 2159 .
198 2099 277 2184 Quid
297 2101 463 2164 tumiudel
505 2096 655 2162 dioximus
675 2099 812 2184 deinceps
833 2099 873 2162 illi
892 2101 1057 2182 tragoedias
1076 2101 1202 2180 faciunt,
1226 2121 1260 2164 ao
1295 2106 1353 2171 dap.

112 2225 165 2290 pro
180 2225 234 2267 sun
254 2204 377 2288 quisque
393 2203 487 2287 capite
500 2201 586 2265 aliter
603 2212 690 2286 atque
706 2201 792 2264 aliter
810 2223 922 2265 summa
940 2223 1005 2264 oum
1019 2203 1187 2287 arrogantia
1202 2204 1260 2266 dis·
1277 2172 1370 2225 thtt.

112 2317 209 2391 putat,
233 2326 356 2389 quanam
372 2326 413 2369 ex
427 2304 644 2390 perturbatione
662 2312 712 2367 aul
725 2325 765 2367 ex
780 2326 904 2388 quonam
921 2304 1065 2368 elemento
1079 2316 1180 2369 natura
1196 2327 1262 2390 prn-

111 2409 241 2473 lloxerit.
288 2406 421 2491 Quorum
439 2407 506 2470 mibi
525 2407 629 2470 merito
644 2408 781 2470 videntur
799 2429 855 2470 nou
875 2407 965 2492 palam
984 2407 1118 2471 omnibus
1135 2409 1261 2493 discipli·

110 2533 176 2575 nam
196 2511 271 2575 velle
291 2510 489 2588 committere,
521 2510 573 2573 scd
592 2509 629 2574 iis
646 2510 740 2573 solum
761 2509 809 2594 qui
828 2511 1003 2573 loculentam
1022 2511 1185 2573 mercedem
1206 2532 1259 2596 pro

111 2614 200 2677 tantis
219 2612 368 2698 mysteriis
385 2622 608 2696 repraesentare
629 2612 752 2696 possint.
796 2611 904 2698 Neque
923 2614 998 2676 enim
1021 2614 1076 2677 ista
1095 2634 1196 2677 eorum
1218 2613 1258 2677 si-

110 2716 190 2779 milla
204 2725 291 2794 sunl,
315 2714 470 2799 dequibus
488 2736 505 2777 e
520 2714 637 2778 domino
655 2714 761 2779 dictum
780 2728 842 2794 cst,
868 2721 963 2778 Gratis
979 2722 1141 2798 occepe‘rtrb,
1162 2722 1258 2797 grates
1265 2729 1408 2787 Mustelae

109 2823 190 2895 dote5
220 2818 272 2881 scd
295 2818 331 2882 ab
353 2816 431 2881 omni
454 2829 566 2882 remota
587 2838 678 2882 sensu
696 2838 732 2881 ao
749 2818 915 2902 prodigiosa
935 2821 1134 2904 profundaque
1151 2841 1258 2884 arcena

108 2921 158 2984 illa
180 2931 267 2999 suut,
299 2941 373 3005 quae
395 2941 413 2984 a
436 2920 571 2984 falsitatis
592 2920 771 2985 amatoribus
792 2943 897 3005 magno
921 2923 1021 2986 labore
1040 2935 1255 3008 comparantur.

110 3022 185 3107 Quis
202 3024 280 3088 euim
297 3045 357 3088 nno
376 3023 474 3087 omnia
490 3022 566 3085 buna
584 3043 636 3086 sua
653 3021 778 3087 libenter
796 3024 824 3087 iu
842 3025 910 3088 illud
928 3025 1092 3110 impendat,
1116 3037 1147 3088 nt
1165 3025 1257 3089 discat

108 3126 348 3211 quemadmodum
372 3146 412 3190 ex
434 3123 649 3210 Enthymeseos
675 3126 830 3212 lacrymis,
864 3128 979 3205 allecti,
1011 3128 1145 3212 inquam,
1178 3127 1255 3191 illius

107 3229 239 3307 Aeouis,
263 3229 373 3307 maria,
398 3229 493 3292 lentes
511 3249 547 3291 ac
564 3227 681 3291 llomina
699 3228 858 3312 bumorque
877 3232 970 3294 uminis
990 3231 1151 3308 elllnxerit,
1176 3229 1257 3291 simi·

106 3330 231 3415 literque
250 3341 281 3394 et
298 3350 339 3395 ex
355 3331 416 3395 risu
435 3330 551 3409 lumen,
585 3341 616 3392 et
631 3351 671 3394 ex
690 3343 808 3416 stupore
825 3354 859 3396 ac
877 3333 981 3396 mentis
999 3333 1096 3416 inopia
1114 3351 1256 3414 corporea

107 3433 204 3497 mundi
220 3432 365 3497 elementa
381 3434 513 3519 profecte
527 3434 605 3497 sint?
635 3431 713 3497 Volo
729 3434 860 3518 equidem
876 3435 1005 3498 nonnibil
1021 3435 1135 3497 illorum
1153 3434 1255 3496 incen-

107 3536 144 3601 tis
166 3557 219 3621 pro
237 3537 314 3600 virili
333 3538 480 3601 conterre.
527 3534 673 3619 Quoniam
692 3537 769 3600 enim
788 3559 927 3621 aquarum
948 3537 1047 3600 dulces
1065 3535 1138 3598 alias
1155 3535 1252 3615 video,

105 3649 205 3725 utpote
222 3641 316 3704 lootes
332 3651 362 3703 et
379 3638 514 3717 llumiua,
537 3638 669 3722 pluries,
692 3650 723 3702 et
738 3640 766 3704 id
784 3661 877 3725 genus
892 3639 1036 3723 reliquas,
1061 3638 1151 3717 alias,
1175 3638 1254 3703 velut

105 3741 246 3823 mennas,
267 3742 372 3820 salsas,
391 3743 524 3827 suspicor
537 3763 596 3806 uon
611 3746 651 3807 dx
664 3741 728 3807 cius
742 3743 880 3829 lacrymis
896 3763 998 3805 omncs
1015 3740 1159 3826 erupisse,
1177 3743 1253 3826 quod

104 3855 207 3908 natura
229 3845 325 3908 salsae
347 3844 408 3907 sint
429 3845 593 3930 lacrymae,
624 3846 803 3930 proindeque
826 3845 918 3908 salsas
940 3845 1081 3907 dnntaxat
1102 3865 1192 3929 aquas
1213 3867 1253 3908 ex

104 3946 168 4012 eius
184 3947 321 4034 lacrymis
341 3956 441 4010 enatos
457 3967 535 4012 esse.
582 3943 656 4012 Cum
674 3947 790 4012 interim
807 3958 1034 4010 cousentaneum
1052 3947 1106 4027 sit,
1130 3947 1251 4011 eandem

100 4176 134 4222 eet
148 4165 441 4237 ζιοποιήσαιταταύτηι
452 4160 661 4237 ιύνταξιι,ἷέξῆς
727 4171 752 4222 2.
770 4165 815 4224 oriar
833 4166 975 4231 ἀπεικότως
995 4173 1047 4223 eod.
1062 4175 1116 4223 Ven.

100 4232 154 4308 ἤδη
172 4233 187 4293 ὅ
205 4236 303 4306 κόσμος
319 4245 370 4291 cett.
728 4238 752 4292 ³.
769 4239 850 4308 πηγαὶ
866 4238 910 4293 καὶ
926 4256 973 4291 ιιι
989 4245 1052 4291 catut
1067 4243 1092 4291 in
1105 4240 1160 4290 edit.
1175 4243 1250 4302 princ.

143 4305 181 4360 16.
202 4310 265 4359 Verte
284 4319 360 4377 atque
381 4307 416 4358 ita
438 4305 558 4358 materiae
580 4315 660 4357 ortum
694 4311 800 4363 Primum
817 4311 903 4360 adiecit
919 4312 1000 4360 Petoo.
1016 4310 1045 4358 de
1059 4310 1110 4359 eod.
1126 4310 1199 4359 l'utr'e.

101 4375 265 4427 substantiam
279 4393 347 4437 ease,
365 4393 396 4427 ex
411 4393 460 4444 qua
476 4381 526 4427 cett
728 4375 752 4427 4.
769 4378 816 4442 ripe
833 4393 878 4428 orn.
893 4380 943 4430 eod.
962 4381 1016 4429 Ven.

135 4443 176 4499 17.
191 4434 247 4512 ἤδη
263 4447 315 4498 cod.
332 4448 386 4498 Vere
728 4445 752 4496 ὃ.
770 4443 795 4499 ἐν
820 4449 887 4498 codd.
908 4449 980 4497 Velie.
1006 4448 1080 4497 Venet.
1114 4443 1155 4500 ἐπὶ
1170 4449 1253 4510 reliqua·

112 4511 193 4633 oacup.
208 4510 306 4584 ΜΠ.
332 4543 365 4554 -
391 4515 413 4565 1.
431 4509 578 4567 tuendorun
594 4513 661 4564 tote
695 4516 757 4566 tito.

98 4596 111 4632 c
145 4616 151 4631 .
183 4594 219 4632 ec.
