3046 5084
310 380 446 433 rsuaau
463 381 526 435 cre.
541 383 560 434 r.
577 381 658 434 rora.
672 381 716 434 rrr.
733 381 833 434 naen.
845 380 981 435 xxxrn.
1160 375 1218 439 501

67 504 184 568 infimus
200 512 247 566 est
262 499 443 581 laldabaotb,
467 521 552 586 qnem
568 522 607 565 ex
624 499 820 565 imbecillitate
836 502 1058 589 ignorantiaque
1074 526 1145 569 suae
1162 527 1223 570 ura-

69 607 122 670 tris
139 617 276 669 exortum
293 606 441 681 referunt,
462 604 515 666 bec
531 615 577 666 cst
591 603 667 667 illius
683 624 836 689 supremae
852 627 934 689 quarn
951 603 1107 670 Prunicum
1125 609 1222 693 appel-

68 708 139 772 lant.
187 707 271 770 lianc
291 706 368 770 enim
389 706 553 769 narrantia
573 727 663 790 aquas
681 706 826 791 delapsam
844 706 936 791 iisque
953 709 1132 772 commistam
1151 732 1221 774 evo-

67 811 130 873 lare
152 808 271 872 minime
293 809 442 895 potuisse,
474 809 549 891 quod
570 809 709 871 materiae
730 809 873 893 gravitate
892 821 972 872 esset
992 810 1144 895 implicita,
1175 812 1221 876 oui

68 913 182 996 quidem
202 912 321 997 perinde
340 921 371 974 nt
391 911 474 995 aquis
491 910 601 973 inserta
619 911 758 974 recedere
778 911 854 974 ultra
872 912 1047 995 nequiverit.
1091 913 1137 976 Ac
1157 935 1220 977 cana

66 1035 99 1078 sc
117 1014 263 1078 violenter
281 1013 399 1077 efferret
416 1024 502 1097 atque
521 1013 708 1076 extendendo
726 1013 886 1090 niteretur,
917 1016 1028 1077 coelum
1046 1014 1113 1078 illud
1135 1038 1221 1101 supe-

66 1117 129 1181 rios
149 1116 283 1180 ellectum
302 1129 359 1180 est.
405 1112 471 1200 lpsa
491 1135 563 1177 vero
581 1113 629 1178 ubi
646 1115 741 1178 defixa
759 1115 850 1178 semel
869 1127 929 1195 est,
963 1117 1055 1180 haesit
1070 1117 1098 1179 iu
1118 1120 1220 1183 eodem

66 1230 165 1300 statu,
195 1228 356 1303 nequeant
374 1218 466 1281 attolli
485 1238 599 1280 sursum
618 1227 668 1280 ant
684 1218 819 1280 deorsum
838 1219 1017 1281 descendere
1037 1219 1143 1304 potnit,
1169 1223 1220 1284 sed

65 1323 95 1385 in
117 1320 213 1385 medio
229 1321 386 1384 immobilis
404 1329 583 1403 extentaque
601 1321 771 1404 permansit.
816 1318 886 1383 Nou
907 1321 983 1383 enirn
1003 1321 1170 1386 inferiorem
1190 1324 1220 1387 iu

65 1424 160 1488 locam
181 1434 334 1508 vergeret,
360 1443 416 1506 quo
437 1421 845 1502 cumeiatbaaenibilesse13
878 1444 992 1485 sursum
1011 1434 1105 1487 antem
1125 1446 1220 1490 emer·

65 1546 218 1612 peronen
243 1536 373 1612 poterat,
406 1546 471 1587 cum
493 1544 556 1586 eam
580 1524 700 1586 materia
723 1523 769 1586 illa
794 1525 838 1586 cni
861 1545 894 1587 sc
920 1526 1094 1590 adiunxerat
1115 1540 1219 1614 saaopte

65 1629 196 1716 pondere
218 1637 367 1713 gravaret.
416 1625 508 1711 igitur
531 1647 571 1688 ex
593 1625 677 1689 lanius
695 1625 857 1709 ignorantia
880 1629 974 1691 editus
993 1625 1161 1693 laldabaotb
1184 1632 1218 1694 ad

64 1731 163 1794 iarbma
180 1732 321 1809 subsidit,
346 1742 516 1817 septemque
533 1728 588 1791 sibi
603 1727 713 1792 liberos
730 1729 847 1812 gerauit,
873 1730 920 1813 qai
938 1732 1055 1794 totidem
1074 1733 1219 1796 coelestes

65 1833 153 1897 orbes
172 1834 374 1897 condiderunt.
420 1832 461 1895 At
483 1831 531 1894 ille
550 1851 624 1914 qnae
644 1851 732 1915 supra
751 1851 783 1892 se
805 1842 888 1893 erant
907 1832 1071 1896 interclusit
1086 1855 1219 1897 suorum·

65 1956 122 2020 que
140 1935 288 2000 subtraxit
305 1936 416 2014 oculis,
449 1956 485 1998 nc
507 1943 618 2018 septem
637 1933 678 1996 illi
698 1954 771 2016 ques
786 1945 956 2018 susceperat
975 1936 1124 2020 quicquam
1143 1939 1218 2022 qued

64 2059 98 2102 se
120 2038 184 2123 ipso
208 2039 342 2123 superins
365 2048 444 2102 esset
467 2046 584 2121 praeter
607 2056 639 2098 se
659 2056 746 2098 uuum
767 2045 973 2119 agnoscerent.
1019 2036 1105 2101 lianc
1123 2036 1217 2102 laida·

64 2139 151 2204 baotb
173 2138 346 2205 ludaeorum
370 2162 437 2204 esse
462 2141 547 2202 deum
570 2148 715 2202 asserunt.
762 2135 849 2220 Quod
875 2137 950 2199 absit
972 2149 1003 2201 nt
1027 2160 1093 2203 esse
1116 2162 1217 2205 verum

64 2254 210 2330 putemus.
255 2241 319 2306 lruo
338 2243 388 2307 ille
404 2244 467 2329 ipse
485 2253 531 2304 est
548 2261 564 2304 a
582 2262 639 2324 quo
655 2241 798 2305 indicandi
813 2251 897 2318 snut,
931 2241 1113 2326 ouanipoteus
1132 2243 1215 2324 deos,

65 2343 252 2426 ludaeorum,
268 2346 398 2430 inquam,
417 2355 448 2408 ut
463 2354 494 2407 et
505 2339 753 2423 Christianorum,
770 2344 900 2428 adeoque
914 2345 1075 2407 communis
1089 2346 1217 2410 omnium

64 2449 155 2529 deus,
178 2471 236 2513 nou
252 2449 300 2512 ille
317 2446 497 2533 nescioquis
513 2467 552 2510 ex
568 2447 773 2510 commentitiis
791 2446 912 2510 istorum
931 2447 1014 2531 nugis
1031 2449 1216 2534 depromptus

64 2549 244 2617 laldabaotb.
289 2549 335 2614 lle
358 2572 415 2635 quo
437 2549 478 2613 ita
502 2570 624 2613 narrare
646 2561 782 2635 pergunt.

149 2651 243 2733 Com,
280 2665 311 2717 ut
333 2653 438 2717 dictum
465 2664 528 2731 est,
563 2649 759 2716 laldabaotbis
782 2652 938 2717 calliditate
961 2654 1055 2717 aditus
1079 2666 1159 2718 esset
1180 2656 1216 2719 ad
1236 2669 1295 2737 cap.
1309 2670 1350 2720 tv.

62 2759 217 2844 superiora
234 2756 423 2843 praeclusus,
454 2767 565 2840 septem
584 2755 626 2818 illi
645 2755 680 2818 ab
702 2775 739 2818 eo
756 2757 846 2840 geniti
865 2755 966 2835 liberi,
999 2757 1061 2820 sive
1081 2757 1215 2840 Aeones,

62 2863 127 2926 sive
142 2860 192 2938 dii,
217 2860 281 2924 sire
298 2861 411 2923 demum
427 2859 536 2944 angeli,
556 2857 674 2920 diversa
690 2857 766 2921 euim
784 2859 818 2921 ab
834 2859 891 2922 illis
907 2860 1024 2922 nomina
1037 2859 1214 2940 tribuuntur,

61 2965 98 3028 ad
114 2962 243 3050 parentis
256 2962 302 3026 sni
317 2961 513 3026 laldabaotbis
528 2959 682 3044 imaginem
695 2959 840 3024 bominem
856 2963 1033 3046 producunt3
1058 2984 1095 3026 nc
1109 2964 1138 3026 id
1154 2965 1217 3049 qui-

63 3068 128 3130 den
145 3066 230 3130 facile
245 3067 293 3129 vel
307 3065 456 3143 celeriter,
474 3065 525 3128 sed
541 3063 577 3126 ad
592 3062 714 3126 eundem
731 3065 851 3127 modum
862 3087 917 3150 qno
932 3066 1070 3129 haereses
1085 3067 1216 3151 reliquae

61 3168 250 3233 stolidissime
276 3168 435 3231 linxerunt.
483 3164 534 3230 Sic
559 3165 635 3229 euim
660 3167 861 3251 pronuntiant:
896 3167 1049 3232 lloruinenr
1074 3168 1214 3253 principio

62 3270 171 3335 vermis
187 3270 282 3334 instar
298 3270 375 3333 bumi
390 3279 552 3355 reptantem
570 3289 685 3332 sursum
702 3270 775 3353 erigi
794 3281 843 3334 aut
856 3270 947 3333 attolli
968 3272 1123 3354 nequisse,
1148 3290 1215 3333 coe-

61 3375 164 3438 lestem
182 3373 286 3437 deinde
303 3370 443 3450 blatrcm,
466 3393 541 3456 qnae
559 3382 587 3434 et
604 3369 748 3435 Prnaicus
764 3373 936 3458 appellatur,
961 3374 1103 3437 adversus
1120 3370 1215 3436 lalda-

60 3477 149 3540 baotb
165 3476 223 3540 tale
240 3476 307 3560 quid
324 3496 390 3540 csse
405 3475 614 3553 machinatam,
639 3485 671 3537 ut
688 3475 714 3537 ei
732 3475 789 3537 rina
807 3475 883 3538 illam
900 3497 984 3559 quam
1000 3475 1092 3538 eidem
1108 3475 1214 3561 imper·

61 3578 166 3658 tierat,
195 3580 341 3657 auferret,
372 3579 495 3662 ideoque
513 3577 542 3641 ia
560 3577 723 3656 bominem,
754 3599 838 3662 quem
857 3577 933 3641 illius
951 3577 1034 3640 liberi
1054 3578 1212 3658 finxerant,

59 3682 119 3746 eim
133 3681 225 3766 ipsius
242 3683 458 3759 transfundere,
481 3701 515 3744 ac
530 3679 683 3744 scintillam
701 3682 856 3766 quandam,
880 3681 934 3744 boc
949 3691 995 3744 est
1008 3681 1145 3762 animam,
1169 3681 1214 3747 ia·

59 3785 182 3850 fundere
201 3784 342 3848 voluisse.
388 3783 491 3862 Tunc,
515 3781 660 3868 inquiunt,
684 3783 804 3869 pedibus
822 3785 883 3848 suis
900 3785 986 3847 bomo
1004 3785 1145 3864 constitit,
1169 3797 1213 3849 at-

59 3908 117 3974 que
130 3897 198 3952 octo
213 3887 357 3951 coelestes
374 3886 461 3951 orbes
476 3887 653 3973 cogitatione
668 3888 877 3951 transcendens
891 3884 1008 3950 Patrem
1022 3888 1101 3951 illum
1118 3885 1212 3952 ladal-

58 3989 164 4055 baotbe
180 3991 362 4076 superiorem
380 3989 501 4074 agnovit
516 4010 551 4053 ac
567 3989 700 4054 laudibus
717 3970 833 4054 extulit.
880 3991 921 4054 Aa
939 3987 1106 4055 ladalbaotb
1123 4013 1212 4077 aegre

59 4096 160 4159 ferens
183 4113 221 4158 ea
241 4113 314 4177 quae
338 4113 426 4178 supra
451 4113 483 4156 se
508 4103 593 4156 erant
616 4092 783 4178 cuiusquam
811 4094 844 4156 ad
870 4093 1000 4158 notitiam
1026 4094 1209 4182 pervenisse,

58 4196 200 4263 stomachi
227 4197 329 4282 plenus
355 4195 391 4258 ad
420 4194 560 4258 materiae
585 4197 696 4259 faecem
720 4195 835 4259 demisit
860 4197 977 4276 oculos,
1010 4207 1041 4261 et
1064 4195 1209 4263 Virtutem

58 4299 202 4385 quandam
222 4299 367 4386 serpentis
386 4297 484 4384 specie
504 4299 622 4382 genuit,
654 4318 738 4382 quem
759 4299 821 4362 eius
840 4296 946 4364 Filium
966 4311 1089 4381 vocant,
1120 4303 1211 4367 idem·

93 4487 152 4539 cta.
168 4488 210 4540 Ν.
234 4516 268 4529 -
295 4487 318 4540 1.
335 4485 497 4554 διανοουμένη
520 4489 619 4539 nataae
684 4487 709 4538 2.
728 4490 802 4540 Verba
817 4487 870 4543 Kal
885 4488 943 4546 τότε
958 4487 973 4544 c‘
986 4487 1149 4560 Ἰαλδαβαώθ
1165 4495 1210 4544 Pe·

55 4560 169 4609 Peteea‘cc
187 4571 233 4620 pre
252 4571 279 4609 ac
299 4559 362 4621 qaod
377 4561 448 4621 acteo
463 4559 547 4619 bedar
563 4558 617 4609 δια·
649 4560 728 4608 taetus
742 4560 846 4622 pumera
863 4562 948 4612 adfecit
961 4575 991 4612 ea
1004 4562 1056 4612 cad.
1074 4563 1191 4614 Vaticana.

56 4623 191 4692 νοούμενα,
711 4664 714 4668 -
