<?xml version="1.0" encoding="UTF-8"?>
<!DOCTYPE html PUBLIC "-//W3C//DTD XHTML 1.0 Transitional//EN"
    "http://www.w3.org/TR/xhtml1/DTD/xhtml1-transitional.dtd">
<html xmlns="http://www.w3.org/1999/xhtml" xml:lang="en" lang="en">
 <head>
  <title>
</title>
<meta http-equiv="Content-Type" content="text/html;charset=utf-8" />
  <meta name='ocr-system' content='tesseract 3.04.00' />
  <meta name='ocr-capabilities' content='ocr_page ocr_carea ocr_par ocr_line ocrx_word'/>
</head>
<body>
  <div class='ocr_page' id='page_1' title='image "./corporishaerese01unkngoog_0618.png"; bbox 0 0 3046 5084; ppageno 0'>
   <div class='ocr_carea' id='block_1_1' title="bbox 342 338 1228 399">
    <p class='ocr_par' dir='ltr' id='par_1_1' title="bbox 342 338 1228 399">
     <span class='ocr_line' id='line_1_1' title="bbox 342 338 1228 399; baseline 0.005 -5"><span class='ocrx_word' id='word_1_1' title='bbox 342 340 477 394; x_wconf 76' lang='lat' dir='ltr'><strong>Pauuutt</strong></span> <span class='ocrx_word' id='word_1_2' title='bbox 494 343 557 395; x_wconf 75' lang='lat' dir='ltr'><strong>ete.</strong></span> <span class='ocrx_word' id='word_1_3' title='bbox 568 344 589 396; x_wconf 89' lang='lat' dir='ltr'><strong>I.</strong></span> <span class='ocrx_word' id='word_1_4' title='bbox 605 344 686 397; x_wconf 83' lang='grc' dir='ltr'><strong>ΤΟΜ.</strong></span> <span class='ocrx_word' id='word_1_5' title='bbox 701 346 746 397; x_wconf 82' lang='lat' dir='ltr'><strong>lli.</strong></span> <span class='ocrx_word' id='word_1_6' title='bbox 763 346 863 397; x_wconf 77' lang='lat' dir='ltr'><strong>naeu.</strong></span> <span class='ocrx_word' id='word_1_7' title='bbox 876 346 957 396; x_wconf 85' lang='lat' dir='ltr'>XLll.</span> <span class='ocrx_word' id='word_1_8' title='bbox 1168 338 1228 399; x_wconf 85' lang='grc'><strong>613</strong></span> 
     </span>
    </p>
   </div>
   <div class='ocr_carea' id='block_1_2' title="bbox 65 460 1380 4033">
    <p class='ocr_par' dir='ltr' id='par_1_2' title="bbox 76 460 1229 646">
     <span class='ocr_line' id='line_1_2' title="bbox 76 460 1229 552; baseline 0.004 -27"><span class='ocrx_word' id='word_1_9' title='bbox 76 460 135 539; x_wconf 82' lang='lat' dir='ltr'><strong>cis,</strong></span> <span class='ocrx_word' id='word_1_10' title='bbox 166 460 298 526; x_wconf 86' lang='lat' dir='ltr'><strong>sedeam</strong></span> <span class='ocrx_word' id='word_1_11' title='bbox 314 462 577 546; x_wconf 77' lang='lat' dir='ltr'><strong>magissublcvas,</strong></span> <span class='ocrx_word' id='word_1_12' title='bbox 608 464 675 529; x_wconf 89' lang='lat' dir='ltr'><strong>dnm</strong></span> <span class='ocrx_word' id='word_1_13' title='bbox 692 464 794 531; x_wconf 86' lang='lat' dir='ltr'><strong>borum</strong></span> <span class='ocrx_word' id='word_1_14' title='bbox 810 464 982 530; x_wconf 77' lang='lat' dir='ltr'><strong>inferiorum</strong></span> <span class='ocrx_word' id='word_1_15' title='bbox 998 488 1096 530; x_wconf 88' lang='lat' dir='ltr'><strong>curam</strong></span> <span class='ocrx_word' id='word_1_16' title='bbox 1114 488 1130 529; x_wconf 89' lang='lat' dir='ltr'><strong>a</strong></span> <span class='ocrx_word' id='word_1_17' title='bbox 1147 478 1229 552; x_wconf 88' lang='lat' dir='ltr'><strong>patre</strong></span> 
     </span>
     <span class='ocr_line' id='line_1_3' title="bbox 76 563 772 646; baseline 0.006 -22"><span class='ocrx_word' id='word_1_18' title='bbox 76 583 129 625; x_wconf 89' lang='lat' dir='ltr'><strong>suo</strong></span> <span class='ocrx_word' id='word_1_19' title='bbox 151 563 214 646; x_wconf 75' lang='lat' dir='ltr'><strong>geri</strong></span> <span class='ocrx_word' id='word_1_20' title='bbox 238 565 424 628; x_wconf 83' lang='lat' dir='ltr'><strong>confitentem</strong></span> <span class='ocrx_word' id='word_1_21' title='bbox 446 565 625 629; x_wconf 83' lang='lat' dir='ltr'><strong>salvatorem</strong></span> <span class='ocrx_word' id='word_1_22' title='bbox 646 566 772 631; x_wconf 88' lang='lat' dir='ltr'><strong>inducis.</strong></span> 
     </span>
    </p>

    <p class='ocr_par' dir='ltr' id='par_1_3' title="bbox 75 660 1380 852">
     <span class='ocr_line' id='line_1_4' title="bbox 161 660 1380 752; baseline 0.002 -24"><span class='ocrx_word' id='word_1_23' title='bbox 161 660 264 728; x_wconf 85' lang='lat' dir='ltr'><strong>Sehol.</strong></span> <span class='ocrx_word' id='word_1_24' title='bbox 283 666 422 732; x_wconf 87' lang='lat' dir='ltr'>XXXV.</span> <span class='ocrx_word' id='word_1_25' title='bbox 455 665 515 731; x_wconf 90' lang='lat' dir='ltr'><strong>Pro</strong></span> <span class='ocrx_word' id='word_1_26' title='bbox 529 688 565 731; x_wconf 88' lang='lat' dir='ltr'><strong>eo</strong></span> <span class='ocrx_word' id='word_1_27' title='bbox 580 669 656 752; x_wconf 84' lang='lat' dir='ltr'><strong>quod</strong></span> <span class='ocrx_word' id='word_1_28' title='bbox 672 679 735 748; x_wconf 89' lang='grc' dir='ltr'><strong>εει,</strong></span> <span class='ocrx_word' id='word_1_29' title='bbox 759 673 906 742; x_wconf 85' lang='lat' dir='ltr'><strong>Secunda,</strong></span> <span class='ocrx_word' id='word_1_30' title='bbox 932 675 977 730; x_wconf 80' lang='lat' dir='ltr'><strong>vel</strong></span> <span class='ocrx_word' id='word_1_31' title='bbox 989 677 1072 732; x_wconf 75' lang='lat' dir='ltr'><strong>terreo</strong></span> <span class='ocrx_word' id='word_1_32' title='bbox 1086 676 1223 746; x_wconf 63' lang='lat' dir='ltr'><strong>custodum,</strong></span> <span class='ocrx_word' id='word_1_33' title='bbox 1240 685 1294 730; x_wconf 69' lang='lat' dir='ltr'><strong>nne.</strong></span> <span class='ocrx_word' id='word_1_34' title='bbox 1306 686 1380 739; x_wconf 74' lang='lat' dir='ltr'><strong>uass.</strong></span> 
     </span>
     <span class='ocr_line' id='line_1_5' title="bbox 75 765 600 852; baseline 0.002 -23"><span class='ocrx_word' id='word_1_35' title='bbox 75 765 250 852; x_wconf 77' lang='lat' dir='ltr'><strong>scripserat,</strong></span> <span class='ocrx_word' id='word_1_36' title='bbox 276 773 439 849; x_wconf 79' lang='lat' dir='ltr'><strong>Vespertino</strong></span> <span class='ocrx_word' id='word_1_37' title='bbox 461 775 600 832; x_wconf 75' lang='lat' dir='ltr'><strong>custodio.</strong></span> 
     </span>
    </p>

    <p class='ocr_par' dir='ltr' id='par_1_4' title="bbox 72 867 1229 1364">
     <span class='ocr_line' id='line_1_6' title="bbox 157 867 1229 939; baseline 0.006 -7"><span class='ocrx_word' id='word_1_38' title='bbox 157 867 259 934; x_wconf 82' lang='lat' dir='ltr'><strong>Relnt.</strong></span> <span class='ocrx_word' id='word_1_39' title='bbox 279 870 419 934; x_wconf 88' lang='lat' dir='ltr'>XXXV.</span> <span class='ocrx_word' id='word_1_40' title='bbox 454 870 503 935; x_wconf 78' lang='lat' dir='ltr'><strong>Ex</strong></span> <span class='ocrx_word' id='word_1_41' title='bbox 526 872 581 935; x_wconf 90' lang='lat' dir='ltr'><strong>hoc</strong></span> <span class='ocrx_word' id='word_1_42' title='bbox 604 872 668 936; x_wconf 91' lang='lat' dir='ltr'><strong>loco</strong></span> <span class='ocrx_word' id='word_1_43' title='bbox 687 873 842 937; x_wconf 76' lang='lat' dir='ltr'><strong>manifeste</strong></span> <span class='ocrx_word' id='word_1_44' title='bbox 865 872 949 936; x_wconf 87' lang='lat' dir='ltr'><strong>belua</strong></span> <span class='ocrx_word' id='word_1_45' title='bbox 969 875 1025 936; x_wconf 88' lang='lat' dir='ltr'><strong>ista</strong></span> <span class='ocrx_word' id='word_1_46' title='bbox 1044 875 1229 939; x_wconf 87' lang='lat' dir='ltr'><strong>conuincitur</strong></span> 
     </span>
     <span class='ocr_line' id='line_1_7' title="bbox 74 971 1227 1060; baseline 0.005 -25"><span class='ocrx_word' id='word_1_47' title='bbox 74 971 171 1036; x_wconf 83' lang='lat' dir='ltr'><strong>diuina</strong></span> <span class='ocrx_word' id='word_1_48' title='bbox 195 974 230 1036; x_wconf 91' lang='lat' dir='ltr'><strong>ad</strong></span> <span class='ocrx_word' id='word_1_49' title='bbox 253 971 405 1058; x_wconf 82' lang='lat' dir='ltr'>opiniones</span> <span class='ocrx_word' id='word_1_50' title='bbox 425 995 494 1037; x_wconf 88' lang='lat' dir='ltr'><strong>suas</strong></span> <span class='ocrx_word' id='word_1_51' title='bbox 514 974 632 1038; x_wconf 89' lang='lat' dir='ltr'><strong>oracula</strong></span> <span class='ocrx_word' id='word_1_52' title='bbox 652 976 840 1060; x_wconf 78' lang='lat' dir='ltr'><strong>depravasse.</strong></span> <span class='ocrx_word' id='word_1_53' title='bbox 885 973 991 1060; x_wconf 81' lang='lat' dir='ltr'><strong>Neque</strong></span> <span class='ocrx_word' id='word_1_54' title='bbox 1010 976 1086 1039; x_wconf 90' lang='lat' dir='ltr'><strong>enim</strong></span> <span class='ocrx_word' id='word_1_55' title='bbox 1107 978 1227 1042; x_wconf 89' lang='lat' dir='ltr'><strong>diurnae</strong></span> 
     </span>
     <span class='ocr_line' id='line_1_8' title="bbox 72 1076 1226 1163; baseline 0.004 -26"><span class='ocrx_word' id='word_1_56' title='bbox 72 1085 141 1138; x_wconf 88' lang='lat' dir='ltr'><strong>sunt</strong></span> <span class='ocrx_word' id='word_1_57' title='bbox 157 1076 320 1153; x_wconf 76' lang='lat' dir='ltr'>custodiae,</span> <span class='ocrx_word' id='word_1_58' title='bbox 345 1077 396 1139; x_wconf 89' lang='lat' dir='ltr'><strong>sed</strong></span> <span class='ocrx_word' id='word_1_59' title='bbox 413 1088 585 1157; x_wconf 87' lang='lat' dir='ltr'><strong>nocturnae,</strong></span> <span class='ocrx_word' id='word_1_60' title='bbox 610 1098 716 1161; x_wconf 82' lang='lat' dir='ltr'><strong>quaes</strong></span> <span class='ocrx_word' id='word_1_61' title='bbox 737 1099 861 1163; x_wconf 79' lang='lat' dir='ltr'><strong>vespera</strong></span> <span class='ocrx_word' id='word_1_62' title='bbox 879 1078 997 1163; x_wconf 88' lang='lat' dir='ltr'><strong>primam</strong></span> <span class='ocrx_word' id='word_1_63' title='bbox 1015 1078 1050 1141; x_wconf 89' lang='lat' dir='ltr'><strong>ad</strong></span> <span class='ocrx_word' id='word_1_64' title='bbox 1066 1079 1226 1143; x_wconf 74' lang='lat' dir='ltr'><strong>custodiam</strong></span> 
     </span>
     <span class='ocr_line' id='line_1_9' title="bbox 72 1178 1227 1265; baseline 0.004 -26"><span class='ocrx_word' id='word_1_65' title='bbox 72 1189 282 1262; x_wconf 76' lang='lat' dir='ltr'><strong>prorogantur,</strong></span> <span class='ocrx_word' id='word_1_66' title='bbox 315 1199 372 1241; x_wconf 91' lang='lat' dir='ltr'><strong>non</strong></span> <span class='ocrx_word' id='word_1_67' title='bbox 395 1180 573 1242; x_wconf 88' lang='lat' dir='ltr'><strong>amatutino</strong></span> <span class='ocrx_word' id='word_1_68' title='bbox 587 1178 712 1243; x_wconf 88' lang='lat' dir='ltr'><strong>diluculo</strong></span> <span class='ocrx_word' id='word_1_69' title='bbox 732 1181 767 1243; x_wconf 91' lang='lat' dir='ltr'><strong>ad</strong></span> <span class='ocrx_word' id='word_1_70' title='bbox 785 1200 956 1265; x_wconf 89' lang='lat' dir='ltr'><strong>vesperam,</strong></span> <span class='ocrx_word' id='word_1_71' title='bbox 990 1182 1227 1264; x_wconf 81' lang='lat' dir='ltr'><strong>quemadmodum</strong></span> 
     </span>
     <span class='ocr_line' id='line_1_10' title="bbox 73 1279 476 1364; baseline 0.002 -22"><span class='ocrx_word' id='word_1_72' title='bbox 73 1279 129 1343; x_wconf 91' lang='lat' dir='ltr'><strong>iste</strong></span> <span class='ocrx_word' id='word_1_73' title='bbox 150 1279 294 1364; x_wconf 83' lang='lat' dir='ltr'><strong>llegitiose</strong></span> <span class='ocrx_word' id='word_1_74' title='bbox 316 1279 476 1344; x_wconf 83' lang='lat' dir='ltr'><strong>substituit.</strong></span> 
     </span>
    </p>

    <p class='ocr_par' dir='ltr' id='par_1_5' title="bbox 67 1377 1340 1566">
     <span class='ocr_line' id='line_1_11' title="bbox 157 1377 1340 1462; baseline 0.001 -17"><span class='ocrx_word' id='word_1_75' title='bbox 157 1377 260 1445; x_wconf 87' lang='lat' dir='ltr'><strong>Sehol.</strong></span> <span class='ocrx_word' id='word_1_76' title='bbox 277 1381 430 1446; x_wconf 88' lang='lat' dir='ltr'>XXXVI.</span> <span class='ocrx_word' id='word_1_77' title='bbox 465 1387 562 1446; x_wconf 70' lang='lat' dir='ltr'><strong>Vemet</strong></span> <span class='ocrx_word' id='word_1_78' title='bbox 579 1387 707 1447; x_wconf 71' lang='grc' dir='ltr'><strong>άεηιὺιιιε</strong></span> <span class='ocrx_word' id='word_1_79' title='bbox 724 1388 908 1458; x_wconf 70' lang='lat' dir='ltr'><strong>sordidulus,</strong></span> <span class='ocrx_word' id='word_1_80' title='bbox 933 1397 960 1446; x_wconf 86' lang='lat' dir='ltr'><strong>et</strong></span> <span class='ocrx_word' id='word_1_81' title='bbox 975 1388 1083 1448; x_wconf 80' lang='lat' dir='ltr'><strong>secedit</strong></span> <span class='ocrx_word' id='word_1_82' title='bbox 1098 1408 1175 1462; x_wconf 86' lang='lat' dir='ltr'><strong>eum,</strong></span> <span class='ocrx_word' id='word_1_83' title='bbox 1199 1400 1228 1449; x_wconf 82' lang='grc' dir='ltr'><strong>ει</strong></span> <span class='ocrx_word' id='word_1_84' title='bbox 1239 1399 1294 1443; x_wconf 79' lang='lat' dir='ltr'><strong>totu.</strong></span> <span class='ocrx_word' id='word_1_85' title='bbox 1308 1403 1340 1446; x_wconf 85' lang='grc' dir='ltr'><strong>ιι.</strong></span> 
     </span>
     <span class='ocr_line' id='line_1_12' title="bbox 67 1488 641 1566; baseline 0.003 -20"><span class='ocrx_word' id='word_1_86' title='bbox 67 1495 180 1566; x_wconf 76' lang='lat' dir='ltr'><strong>portem</strong></span> <span class='ocrx_word' id='word_1_87' title='bbox 201 1489 262 1546; x_wconf 74' lang='lat' dir='ltr'><strong>erico</strong></span> <span class='ocrx_word' id='word_1_88' title='bbox 279 1498 368 1565; x_wconf 87' lang='lat' dir='ltr'><strong>ponet</strong></span> <span class='ocrx_word' id='word_1_89' title='bbox 386 1507 448 1547; x_wconf 88' lang='lat' dir='ltr'><strong>com</strong></span> <span class='ocrx_word' id='word_1_90' title='bbox 470 1488 641 1566; x_wconf 69' lang='lat' dir='ltr'><strong>infidelibus.</strong></span> 
     </span>
    </p>

    <p class='ocr_par' dir='ltr' id='par_1_6' title="bbox 68 1584 1227 2491">
     <span class='ocr_line' id='line_1_13' title="bbox 157 1584 1226 1672; baseline 0.007 -24"><span class='ocrx_word' id='word_1_91' title='bbox 157 1584 259 1649; x_wconf 84' lang='lat' dir='ltr'><strong>llelnt.</strong></span> <span class='ocrx_word' id='word_1_92' title='bbox 277 1586 430 1651; x_wconf 84' lang='lat' dir='ltr'>XXXVI.</span> <span class='ocrx_word' id='word_1_93' title='bbox 466 1585 525 1670; x_wconf 82' lang='lat' dir='ltr'><strong>Qui</strong></span> <span class='ocrx_word' id='word_1_94' title='bbox 548 1589 595 1651; x_wconf 88' lang='lat' dir='ltr'><strong>isti</strong></span> <span class='ocrx_word' id='word_1_95' title='bbox 617 1587 698 1651; x_wconf 89' lang='lat' dir='ltr'><strong>servi</strong></span> <span class='ocrx_word' id='word_1_96' title='bbox 721 1600 819 1652; x_wconf 87' lang='lat' dir='ltr'><strong>scotor</strong></span> <span class='ocrx_word' id='word_1_97' title='bbox 841 1600 887 1651; x_wconf 92' lang='lat' dir='ltr'><strong>est</strong></span> <span class='ocrx_word' id='word_1_98' title='bbox 905 1589 1027 1672; x_wconf 78' lang='lat' dir='ltr'><strong>agedum</strong></span> <span class='ocrx_word' id='word_1_99' title='bbox 1045 1590 1144 1654; x_wconf 85' lang='lat' dir='ltr'><strong>dicito.</strong></span> <span class='ocrx_word' id='word_1_100' title='bbox 1192 1590 1226 1656; x_wconf 89' lang='lat' dir='ltr'><strong>Si</strong></span> 
     </span>
     <span class='ocr_line' id='line_1_14' title="bbox 72 1688 1227 1774; baseline 0.003 -21"><span class='ocrx_word' id='word_1_101' title='bbox 72 1690 148 1753; x_wconf 84' lang='lat' dir='ltr'><strong>enim</strong></span> <span class='ocrx_word' id='word_1_102' title='bbox 166 1688 215 1752; x_wconf 92' lang='lat' dir='ltr'><strong>ille</strong></span> <span class='ocrx_word' id='word_1_103' title='bbox 229 1690 292 1774; x_wconf 86' lang='lat' dir='ltr'><strong>ipse</strong></span> <span class='ocrx_word' id='word_1_104' title='bbox 307 1700 434 1768; x_wconf 87' lang='lat' dir='ltr'><strong>creator,</strong></span> <span class='ocrx_word' id='word_1_105' title='bbox 459 1711 544 1773; x_wconf 89' lang='lat' dir='ltr'><strong>quem</strong></span> <span class='ocrx_word' id='word_1_106' title='bbox 560 1702 589 1753; x_wconf 89' lang='lat' dir='ltr'><strong>tu</strong></span> <span class='ocrx_word' id='word_1_107' title='bbox 607 1689 729 1753; x_wconf 90' lang='lat' dir='ltr'><strong>iudicem</strong></span> <span class='ocrx_word' id='word_1_108' title='bbox 745 1693 879 1754; x_wconf 88' lang='lat' dir='ltr'><strong>acdcnm</strong></span> <span class='ocrx_word' id='word_1_109' title='bbox 896 1692 1013 1770; x_wconf 89' lang='lat' dir='ltr'><strong>statuis,</strong></span> <span class='ocrx_word' id='word_1_110' title='bbox 1038 1694 1092 1755; x_wconf 87' lang='lat' dir='ltr'><strong>hoc</strong></span> <span class='ocrx_word' id='word_1_111' title='bbox 1108 1694 1227 1758; x_wconf 91' lang='lat' dir='ltr'><strong>omniuo</strong></span> 
     </span>
     <span class='ocr_line' id='line_1_15' title="bbox 73 1791 1226 1876; baseline 0.006 -23"><span class='ocrx_word' id='word_1_112' title='bbox 73 1792 200 1854; x_wconf 87' lang='lat' dir='ltr'><strong>lauturus</strong></span> <span class='ocrx_word' id='word_1_113' title='bbox 217 1803 280 1870; x_wconf 83' lang='lat' dir='ltr'><strong>est,</strong></span> <span class='ocrx_word' id='word_1_114' title='bbox 302 1792 338 1854; x_wconf 92' lang='lat' dir='ltr'><strong>ad</strong></span> <span class='ocrx_word' id='word_1_115' title='bbox 354 1792 430 1854; x_wconf 82' lang='lat' dir='ltr'><strong>hrrrro</strong></span> <span class='ocrx_word' id='word_1_116' title='bbox 446 1791 532 1876; x_wconf 87' lang='lat' dir='ltr'><strong>plane</strong></span> <span class='ocrx_word' id='word_1_117' title='bbox 550 1791 650 1855; x_wconf 81' lang='lat' dir='ltr'><strong>fideles</strong></span> <span class='ocrx_word' id='word_1_118' title='bbox 668 1791 864 1876; x_wconf 89' lang='lat' dir='ltr'><strong>pertinebunt.</strong></span> <span class='ocrx_word' id='word_1_119' title='bbox 913 1792 1030 1863; x_wconf 84' lang='lat' dir='ltr'><strong>Etenim</strong></span> <span class='ocrx_word' id='word_1_120' title='bbox 1045 1817 1162 1860; x_wconf 87' lang='lat' dir='ltr'><strong>servum</strong></span> <span class='ocrx_word' id='word_1_121' title='bbox 1178 1796 1226 1860; x_wconf 91' lang='lat' dir='ltr'><strong>ille</strong></span> 
     </span>
     <span class='ocr_line' id='line_1_16' title="bbox 71 1893 1226 1981; baseline 0.003 -23"><span class='ocrx_word' id='word_1_122' title='bbox 71 1894 147 1958; x_wconf 79' lang='lat' dir='ltr'><strong>luaud</strong></span> <span class='ocrx_word' id='word_1_123' title='bbox 163 1904 244 1956; x_wconf 87' lang='lat' dir='ltr'><strong>recte</strong></span> <span class='ocrx_word' id='word_1_124' title='bbox 260 1914 329 1957; x_wconf 85' lang='lat' dir='ltr'><strong>sese</strong></span> <span class='ocrx_word' id='word_1_125' title='bbox 345 1904 496 1977; x_wconf 78' lang='lat' dir='ltr'><strong>gerentem</strong></span> <span class='ocrx_word' id='word_1_126' title='bbox 516 1893 670 1978; x_wconf 86' lang='lat' dir='ltr'><strong>increpans</strong></span> <span class='ocrx_word' id='word_1_127' title='bbox 690 1906 800 1978; x_wconf 88' lang='lat' dir='ltr'><strong>partem</strong></span> <span class='ocrx_word' id='word_1_128' title='bbox 820 1895 896 1958; x_wconf 87' lang='lat' dir='ltr'><strong>illius</strong></span> <span class='ocrx_word' id='word_1_129' title='bbox 915 1917 978 1958; x_wconf 92' lang='lat' dir='ltr'><strong>cum</strong></span> <span class='ocrx_word' id='word_1_130' title='bbox 996 1896 1159 1960; x_wconf 83' lang='lat' dir='ltr'><strong>infidelibus</strong></span> <span class='ocrx_word' id='word_1_131' title='bbox 1175 1920 1226 1981; x_wconf 92' lang='lat' dir='ltr'><strong>po-</strong></span> 
     </span>
     <span class='ocr_line' id='line_1_17' title="bbox 72 1992 1225 2091; baseline 0.003 -31"><span class='ocrx_word' id='word_1_132' title='bbox 72 1996 123 2060; x_wconf 88' lang='lat' dir='ltr'><strong>nit.</strong></span> <span class='ocrx_word' id='word_1_133' title='bbox 170 1992 256 2079; x_wconf 83' lang='lat' dir='ltr'><strong>Quod</strong></span> <span class='ocrx_word' id='word_1_134' title='bbox 272 1996 297 2059; x_wconf 90' lang='lat' dir='ltr'><strong>si</strong></span> <span class='ocrx_word' id='word_1_135' title='bbox 313 2007 397 2080; x_wconf 88' lang='lat' dir='ltr'><strong>pater</strong></span> <span class='ocrx_word' id='word_1_136' title='bbox 411 1997 473 2080; x_wconf 83' lang='lat' dir='ltr'><strong>ipse</strong></span> <span class='ocrx_word' id='word_1_137' title='bbox 491 1993 620 2074; x_wconf 83' lang='lat' dir='ltr'><strong>Christi,</strong></span> <span class='ocrx_word' id='word_1_138' title='bbox 646 1997 793 2059; x_wconf 86' lang='lat' dir='ltr'><strong>ueletiam</strong></span> <span class='ocrx_word' id='word_1_139' title='bbox 812 1993 949 2091; x_wconf 71' lang='lat' dir='ltr'><strong>Christus</strong></span> <span class='ocrx_word' id='word_1_140' title='bbox 965 1998 1086 2082; x_wconf 89' lang='lat' dir='ltr'><strong>idipsum</strong></span> <span class='ocrx_word' id='word_1_141' title='bbox 1102 2001 1225 2084; x_wconf 89' lang='lat' dir='ltr'><strong>praesti-</strong></span> 
     </span>
     <span class='ocr_line' id='line_1_18' title="bbox 71 2097 1225 2184; baseline 0.002 -23"><span class='ocrx_word' id='word_1_142' title='bbox 71 2110 153 2162; x_wconf 90' lang='lat' dir='ltr'><strong>turus</strong></span> <span class='ocrx_word' id='word_1_143' title='bbox 168 2109 224 2177; x_wconf 90' lang='lat' dir='ltr'><strong>est,</strong></span> <span class='ocrx_word' id='word_1_144' title='bbox 244 2099 428 2184; x_wconf 91' lang='lat' dir='ltr'><strong>perspicuum</strong></span> <span class='ocrx_word' id='word_1_145' title='bbox 444 2097 532 2162; x_wconf 85' lang='lat' dir='ltr'><strong>habes</strong></span> <span class='ocrx_word' id='word_1_146' title='bbox 547 2109 649 2161; x_wconf 88' lang='lat' dir='ltr'><strong>contra</strong></span> <span class='ocrx_word' id='word_1_147' title='bbox 665 2109 693 2162; x_wconf 91' lang='lat' dir='ltr'><strong>te</strong></span> <span class='ocrx_word' id='word_1_148' title='bbox 708 2100 916 2163; x_wconf 85' lang='lat' dir='ltr'><strong>testimoninm.</strong></span> <span class='ocrx_word' id='word_1_149' title='bbox 959 2097 1033 2163; x_wconf 84' lang='lat' dir='ltr'><strong>Cum</strong></span> <span class='ocrx_word' id='word_1_150' title='bbox 1050 2101 1126 2164; x_wconf 89' lang='lat' dir='ltr'><strong>enim</strong></span> <span class='ocrx_word' id='word_1_151' title='bbox 1138 2099 1225 2166; x_wconf 83' lang='lat' dir='ltr'><strong>Chri-</strong></span> 
     </span>
     <span class='ocr_line' id='line_1_19' title="bbox 70 2200 1224 2286; baseline 0.001 -21"><span class='ocrx_word' id='word_1_152' title='bbox 70 2211 164 2278; x_wconf 86' lang='lat' dir='ltr'><strong>stum,</strong></span> <span class='ocrx_word' id='word_1_153' title='bbox 198 2200 245 2264; x_wconf 82' lang='lat' dir='ltr'><strong>uel</strong></span> <span class='ocrx_word' id='word_1_154' title='bbox 262 2201 352 2286; x_wconf 83' lang='lat' dir='ltr'><strong>ipsine</strong></span> <span class='ocrx_word' id='word_1_155' title='bbox 372 2212 483 2286; x_wconf 89' lang='lat' dir='ltr'><strong>patrem</strong></span> <span class='ocrx_word' id='word_1_156' title='bbox 502 2201 576 2264; x_wconf 88' lang='lat' dir='ltr'><strong>citra</strong></span> <span class='ocrx_word' id='word_1_157' title='bbox 596 2201 683 2265; x_wconf 89' lang='lat' dir='ltr'><strong>ullam</strong></span> <span class='ocrx_word' id='word_1_158' title='bbox 701 2203 933 2265; x_wconf 86' lang='lat' dir='ltr'><strong>controversiam</strong></span> <span class='ocrx_word' id='word_1_159' title='bbox 953 2204 1093 2266; x_wconf 83' lang='lat' dir='ltr'><strong>lucturum</strong></span> <span class='ocrx_word' id='word_1_160' title='bbox 1108 2204 1135 2266; x_wconf 88' lang='lat' dir='ltr'><strong>id</strong></span> <span class='ocrx_word' id='word_1_161' title='bbox 1157 2225 1224 2267; x_wconf 90' lang='lat' dir='ltr'><strong>esse</strong></span> 
     </span>
     <span class='ocr_line' id='line_1_20' title="bbox 70 2303 1224 2388; baseline 0 -21"><span class='ocrx_word' id='word_1_162' title='bbox 70 2305 199 2382; x_wconf 80' lang='lat' dir='ltr'><strong>fateare,</strong></span> <span class='ocrx_word' id='word_1_163' title='bbox 234 2306 357 2367; x_wconf 90' lang='lat' dir='ltr'><strong>enodem</strong></span> <span class='ocrx_word' id='word_1_164' title='bbox 379 2303 488 2388; x_wconf 88' lang='lat' dir='ltr'><strong>pariter</strong></span> <span class='ocrx_word' id='word_1_165' title='bbox 506 2315 537 2366; x_wconf 89' lang='lat' dir='ltr'><strong>et</strong></span> <span class='ocrx_word' id='word_1_166' title='bbox 554 2303 677 2368; x_wconf 88' lang='lat' dir='ltr'><strong>indicem</strong></span> <span class='ocrx_word' id='word_1_167' title='bbox 696 2315 725 2367; x_wconf 89' lang='lat' dir='ltr'><strong>et</strong></span> <span class='ocrx_word' id='word_1_168' title='bbox 743 2304 869 2382; x_wconf 84' lang='lat' dir='ltr'><strong>bonum,</strong></span> <span class='ocrx_word' id='word_1_169' title='bbox 902 2317 930 2368; x_wconf 90' lang='grc' dir='ltr'><strong>ει</strong></span> <span class='ocrx_word' id='word_1_170' title='bbox 950 2305 1064 2369; x_wconf 89' lang='lat' dir='ltr'><strong>unicum</strong></span> <span class='ocrx_word' id='word_1_171' title='bbox 1085 2304 1224 2369; x_wconf 81' lang='lat' dir='ltr'><strong>laminii·</strong></span> 
     </span>
     <span class='ocr_line' id='line_1_21' title="bbox 68 2406 910 2491; baseline 0 -22"><span class='ocrx_word' id='word_1_172' title='bbox 68 2427 181 2472; x_wconf 84' lang='lat' dir='ltr'><strong>morum</strong></span> <span class='ocrx_word' id='word_1_173' title='bbox 203 2427 290 2491; x_wconf 87' lang='lat' dir='ltr'><strong>quam</strong></span> <span class='ocrx_word' id='word_1_174' title='bbox 312 2406 483 2470; x_wconf 86' lang='lat' dir='ltr'><strong>coelestium</strong></span> <span class='ocrx_word' id='word_1_175' title='bbox 506 2407 721 2469; x_wconf 88' lang='lat' dir='ltr'><strong>moderatorem</strong></span> <span class='ocrx_word' id='word_1_176' title='bbox 743 2408 910 2470; x_wconf 87' lang='lat' dir='ltr'><strong>constituis.</strong></span> 
     </span>
    </p>

    <p class='ocr_par' dir='ltr' id='par_1_7' title="bbox 70 2506 1337 2676">
     <span class='ocr_line' id='line_1_22' title="bbox 154 2506 1337 2589; baseline 0.001 -16"><span class='ocrx_word' id='word_1_177' title='bbox 154 2506 256 2573; x_wconf 86' lang='lat' dir='ltr'><strong>Sehol.</strong></span> <span class='ocrx_word' id='word_1_178' title='bbox 272 2507 442 2573; x_wconf 87' lang='lat' dir='ltr'>XXXVII.</span> <span class='ocrx_word' id='word_1_179' title='bbox 474 2512 519 2569; x_wconf 82' lang='lat' dir='ltr'><strong>Ne</strong></span> <span class='ocrx_word' id='word_1_180' title='bbox 530 2511 607 2589; x_wconf 78' lang='lat' dir='ltr'><strong>forte</strong></span> <span class='ocrx_word' id='word_1_181' title='bbox 623 2513 719 2572; x_wconf 76' lang='lat' dir='ltr'><strong>nudat</strong></span> <span class='ocrx_word' id='word_1_182' title='bbox 737 2522 763 2571; x_wconf 88' lang='lat' dir='ltr'><strong>te</strong></span> <span class='ocrx_word' id='word_1_183' title='bbox 777 2515 816 2572; x_wconf 86' lang='lat' dir='ltr'><strong>ad</strong></span> <span class='ocrx_word' id='word_1_184' title='bbox 830 2516 958 2585; x_wconf 78' lang='lat' dir='ltr'><strong>ritde&#39;eem,</strong></span> <span class='ocrx_word' id='word_1_185' title='bbox 982 2522 1011 2571; x_wconf 86' lang='lat' dir='ltr'><strong>et</strong></span> <span class='ocrx_word' id='word_1_186' title='bbox 1027 2514 1112 2572; x_wconf 77' lang='lat' dir='ltr'><strong>iudeo</strong></span> <span class='ocrx_word' id='word_1_187' title='bbox 1128 2515 1225 2573; x_wconf 80' lang='lat' dir='ltr'><strong>tradat</strong></span> <span class='ocrx_word' id='word_1_188' title='bbox 1235 2524 1291 2573; x_wconf 76' lang='lat' dir='ltr'><strong>toto.</strong></span> <span class='ocrx_word' id='word_1_189' title='bbox 1306 2533 1337 2574; x_wconf 81' lang='lat' dir='ltr'><strong>se</strong></span> 
     </span>
     <span class='ocr_line' id='line_1_23' title="bbox 70 2619 256 2676; baseline -0.005 -1"><span class='ocrx_word' id='word_1_190' title='bbox 70 2624 98 2676; x_wconf 84' lang='lat' dir='ltr'><strong>tc</strong></span> <span class='ocrx_word' id='word_1_191' title='bbox 118 2619 256 2675; x_wconf 78' lang='lat' dir='ltr'><strong>eaoetom&#39;.</strong></span> 
     </span>
    </p>

    <p class='ocr_par' dir='ltr' id='par_1_8' title="bbox 66 2711 1222 3314">
     <span class='ocr_line' id='line_1_24' title="bbox 152 2711 1221 2801; baseline 0 -23"><span class='ocrx_word' id='word_1_192' title='bbox 152 2713 255 2779; x_wconf 83' lang='lat' dir='ltr'><strong>Relut.</strong></span> <span class='ocrx_word' id='word_1_193' title='bbox 272 2712 441 2778; x_wconf 92' lang='lat' dir='ltr'>XXXVII.</span> <span class='ocrx_word' id='word_1_194' title='bbox 477 2711 604 2778; x_wconf 86' lang='lat' dir='ltr'><strong>iudicem</strong></span> <span class='ocrx_word' id='word_1_195' title='bbox 621 2714 667 2778; x_wconf 72' lang='lat' dir='ltr'><strong>laic</strong></span> <span class='ocrx_word' id='word_1_196' title='bbox 683 2725 846 2778; x_wconf 81' lang='lat' dir='ltr'><strong>creatorem</strong></span> <span class='ocrx_word' id='word_1_197' title='bbox 865 2716 999 2801; x_wconf 87' lang='lat' dir='ltr'><strong>appellat.</strong></span> <span class='ocrx_word' id='word_1_198' title='bbox 1041 2713 1221 2780; x_wconf 77' lang='lat' dir='ltr'><strong>Exactorem</strong></span> 
     </span>
     <span class='ocr_line' id='line_1_25' title="bbox 69 2816 1222 2903; baseline -0.001 -21"><span class='ocrx_word' id='word_1_199' title='bbox 69 2839 156 2903; x_wconf 85' lang='lat' dir='ltr'><strong>porro</strong></span> <span class='ocrx_word' id='word_1_200' title='bbox 173 2817 266 2902; x_wconf 90' lang='lat' dir='ltr'><strong>ipsius</strong></span> <span class='ocrx_word' id='word_1_201' title='bbox 283 2816 452 2902; x_wconf 75' lang='lat' dir='ltr'><strong>angelorum</strong></span> <span class='ocrx_word' id='word_1_202' title='bbox 470 2817 644 2901; x_wconf 85' lang='lat' dir='ltr'><strong>quemlibet,</strong></span> <span class='ocrx_word' id='word_1_203' title='bbox 669 2820 716 2901; x_wconf 87' lang='lat' dir='ltr'><strong>qui</strong></span> <span class='ocrx_word' id='word_1_204' title='bbox 734 2819 874 2882; x_wconf 82' lang='lat' dir='ltr'><strong>factorum</strong></span> <span class='ocrx_word' id='word_1_205' title='bbox 891 2820 1033 2882; x_wconf 87' lang='lat' dir='ltr'><strong>rationem</strong></span> <span class='ocrx_word' id='word_1_206' title='bbox 1053 2840 1069 2881; x_wconf 89' lang='lat' dir='ltr'><strong>a</strong></span> <span class='ocrx_word' id='word_1_207' title='bbox 1087 2829 1222 2903; x_wconf 90' lang='lat' dir='ltr'><strong>peccato-</strong></span> 
     </span>
     <span class='ocr_line' id='line_1_26' title="bbox 66 2917 1221 3008; baseline -0.002 -22"><span class='ocrx_word' id='word_1_208' title='bbox 66 2921 147 2986; x_wconf 82' lang='lat' dir='ltr'><strong>ribus</strong></span> <span class='ocrx_word' id='word_1_209' title='bbox 166 2921 298 3004; x_wconf 82' lang='lat' dir='ltr'><strong>exigent.</strong></span> <span class='ocrx_word' id='word_1_210' title='bbox 345 2917 430 3002; x_wconf 84' lang='lat' dir='ltr'><strong>Quae</strong></span> <span class='ocrx_word' id='word_1_211' title='bbox 450 2931 546 2983; x_wconf 89' lang='lat' dir='ltr'><strong>autem</strong></span> <span class='ocrx_word' id='word_1_212' title='bbox 563 2919 611 2983; x_wconf 90' lang='lat' dir='ltr'><strong>illa</strong></span> <span class='ocrx_word' id='word_1_213' title='bbox 630 2921 724 2996; x_wconf 87' lang='lat' dir='ltr'><strong>lacta,</strong></span> <span class='ocrx_word' id='word_1_214' title='bbox 757 2921 812 2983; x_wconf 88' lang='lat' dir='ltr'><strong>nisi</strong></span> <span class='ocrx_word' id='word_1_215' title='bbox 831 2922 933 2984; x_wconf 82' lang='lat' dir='ltr'><strong>delicta</strong></span> <span class='ocrx_word' id='word_1_216' title='bbox 954 2934 983 2986; x_wconf 84' lang='lat' dir='ltr'><strong>ot</strong></span> <span class='ocrx_word' id='word_1_217' title='bbox 1002 2932 1119 3008; x_wconf 91' lang='lat' dir='ltr'><strong>peccata</strong></span> <span class='ocrx_word' id='word_1_218' title='bbox 1140 2933 1221 2998; x_wconf 90' lang='lat' dir='ltr'><strong>suut,</strong></span> 
     </span>
     <span class='ocr_line' id='line_1_27' title="bbox 68 3020 1222 3111; baseline -0.003 -22"><span class='ocrx_word' id='word_1_219' title='bbox 68 3045 143 3111; x_wconf 85' lang='lat' dir='ltr'><strong>quse</strong></span> <span class='ocrx_word' id='word_1_220' title='bbox 158 3020 242 3087; x_wconf 88' lang='lat' dir='ltr'><strong>lesus</strong></span> <span class='ocrx_word' id='word_1_221' title='bbox 259 3023 422 3086; x_wconf 85' lang='lat' dir='ltr'><strong>detestatur</strong></span> <span class='ocrx_word' id='word_1_222' title='bbox 437 3035 478 3098; x_wconf 89' lang='grc' dir='ltr'><strong>ει,</strong></span> <span class='ocrx_word' id='word_1_223' title='bbox 500 3033 531 3084; x_wconf 93' lang='lat' dir='ltr'><strong>ut</strong></span> <span class='ocrx_word' id='word_1_224' title='bbox 543 3021 644 3087; x_wconf 80' lang='lat' dir='ltr'><strong>lateris</strong></span> <span class='ocrx_word' id='word_1_225' title='bbox 657 3023 732 3106; x_wconf 88' lang='lat' dir='ltr'><strong>ipse,</strong></span> <span class='ocrx_word' id='word_1_226' title='bbox 753 3023 905 3107; x_wconf 80' lang='lat' dir='ltr'><strong>prohibet?</strong></span> <span class='ocrx_word' id='word_1_227' title='bbox 945 3023 1025 3106; x_wconf 82' lang='lat' dir='ltr'><strong>Ergo</strong></span> <span class='ocrx_word' id='word_1_228' title='bbox 1040 3046 1104 3088; x_wconf 90' lang='lat' dir='ltr'><strong>cnm</strong></span> <span class='ocrx_word' id='word_1_229' title='bbox 1121 3024 1222 3087; x_wconf 89' lang='lat' dir='ltr'><strong>eadem</strong></span> 
     </span>
     <span class='ocr_line' id='line_1_28' title="bbox 67 3124 1222 3211; baseline -0.002 -21"><span class='ocrx_word' id='word_1_230' title='bbox 67 3127 117 3192; x_wconf 85' lang='lat' dir='ltr'><strong>illa</strong></span> <span class='ocrx_word' id='word_1_231' title='bbox 140 3146 213 3211; x_wconf 85' lang='lat' dir='ltr'><strong>quae</strong></span> <span class='ocrx_word' id='word_1_232' title='bbox 236 3125 331 3189; x_wconf 88' lang='lat' dir='ltr'><strong>bonus</strong></span> <span class='ocrx_word' id='word_1_233' title='bbox 354 3127 425 3189; x_wconf 91' lang='lat' dir='ltr'><strong>deus</strong></span> <span class='ocrx_word' id='word_1_234' title='bbox 445 3135 605 3188; x_wconf 82' lang='lat' dir='ltr'><strong>execratur</strong></span> <span class='ocrx_word' id='word_1_235' title='bbox 623 3124 713 3188; x_wconf 83' lang='lat' dir='ltr'><strong>iudex</strong></span> <span class='ocrx_word' id='word_1_236' title='bbox 734 3125 896 3188; x_wconf 88' lang='lat' dir='ltr'><strong>detestetur</strong></span> <span class='ocrx_word' id='word_1_237' title='bbox 919 3127 1116 3205; x_wconf 75' lang='lat' dir='ltr'><strong>reconditor,</strong></span> <span class='ocrx_word' id='word_1_238' title='bbox 1148 3147 1222 3191; x_wconf 91' lang='lat' dir='ltr'><strong>unus</strong></span> 
     </span>
     <span class='ocr_line' id='line_1_29' title="bbox 67 3227 1054 3314; baseline 0 -22"><span class='ocrx_word' id='word_1_239' title='bbox 67 3229 201 3313; x_wconf 85' lang='lat' dir='ltr'><strong>idemque</strong></span> <span class='ocrx_word' id='word_1_240' title='bbox 223 3248 312 3314; x_wconf 89' lang='lat' dir='ltr'><strong>opere</strong></span> <span class='ocrx_word' id='word_1_241' title='bbox 336 3229 399 3313; x_wconf 89' lang='lat' dir='ltr'><strong>ipso</strong></span> <span class='ocrx_word' id='word_1_242' title='bbox 422 3249 456 3290; x_wconf 88' lang='lat' dir='ltr'><strong>ac</strong></span> <span class='ocrx_word' id='word_1_243' title='bbox 480 3227 637 3292; x_wconf 87' lang='lat' dir='ltr'><strong>uoluntatis</strong></span> <span class='ocrx_word' id='word_1_244' title='bbox 659 3229 854 3292; x_wconf 83' lang='lat' dir='ltr'><strong>consensione</strong></span> <span class='ocrx_word' id='word_1_245' title='bbox 878 3229 1054 3292; x_wconf 85' lang='lat' dir='ltr'><strong>declaratur.</strong></span> 
     </span>
    </p>

    <p class='ocr_par' dir='ltr' id='par_1_9' title="bbox 65 3328 1359 3927">
     <span class='ocr_line' id='line_1_30' title="bbox 152 3328 1359 3413; baseline -0.001 -18"><span class='ocrx_word' id='word_1_246' title='bbox 152 3328 254 3395; x_wconf 89' lang='lat' dir='ltr'><strong>Sehol.</strong></span> <span class='ocrx_word' id='word_1_247' title='bbox 275 3329 461 3395; x_wconf 89' lang='lat' dir='ltr'>XXXVIII.</span> <span class='ocrx_word' id='word_1_248' title='bbox 497 3328 665 3395; x_wconf 81' lang='lat' dir='ltr'><strong>Sustulerat</strong></span> <span class='ocrx_word' id='word_1_249' title='bbox 689 3350 730 3393; x_wconf 82' lang='lat' dir='ltr'><strong>ex</strong></span> <span class='ocrx_word' id='word_1_250' title='bbox 753 3330 802 3394; x_wconf 92' lang='lat' dir='ltr'><strong>illo</strong></span> <span class='ocrx_word' id='word_1_251' title='bbox 825 3332 910 3409; x_wconf 91' lang='lat' dir='ltr'><strong>loco,</strong></span> <span class='ocrx_word' id='word_1_252' title='bbox 947 3337 1088 3393; x_wconf 82' lang='lat' dir='ltr'><strong>Venerunt</strong></span> <span class='ocrx_word' id='word_1_253' title='bbox 1108 3335 1219 3413; x_wconf 70' lang='lat' dir='ltr'><strong>quodam</strong></span> <span class='ocrx_word' id='word_1_254' title='bbox 1233 3351 1288 3407; x_wconf 72' lang='lat' dir='ltr'><strong>unp.</strong></span> <span class='ocrx_word' id='word_1_255' title='bbox 1300 3354 1331 3405; x_wconf 83' lang='lat' dir='ltr'><strong>ra,</strong></span> <span class='ocrx_word' id='word_1_256' title='bbox 1342 3353 1359 3396; x_wconf 88' lang='lat'><strong>1.</strong></span> 
     </span>
     <span class='ocr_line' id='line_1_31' title="bbox 67 3437 1221 3515; baseline 0 -19"><span class='ocrx_word' id='word_1_257' title='bbox 67 3438 227 3497; x_wconf 70' lang='lat' dir='ltr'><strong>mandates</strong></span> <span class='ocrx_word' id='word_1_258' title='bbox 242 3438 348 3514; x_wconf 73' lang='lat' dir='ltr'><strong>upside</strong></span> <span class='ocrx_word' id='word_1_259' title='bbox 365 3438 516 3508; x_wconf 82' lang='lat' dir='ltr'><strong>Golr&#39;loer’s,</strong></span> <span class='ocrx_word' id='word_1_260' title='bbox 548 3455 666 3515; x_wconf 84' lang='lat' dir='ltr'><strong>quorum</strong></span> <span class='ocrx_word' id='word_1_261' title='bbox 683 3439 848 3514; x_wconf 69' lang='lat' dir='ltr'><strong>sanguem</strong></span> <span class='ocrx_word' id='word_1_262' title='bbox 866 3439 1016 3496; x_wconf 70' lang='lat' dir='ltr'><strong>messuerat</strong></span> <span class='ocrx_word' id='word_1_263' title='bbox 1032 3437 1141 3496; x_wconf 70' lang='lat' dir='ltr'><strong>It‘lutus</strong></span> <span class='ocrx_word' id='word_1_264' title='bbox 1159 3457 1221 3496; x_wconf 85' lang='lat' dir='ltr'><strong>oum</strong></span> 
     </span>
     <span class='ocr_line' id='line_1_32' title="bbox 65 3537 1219 3620; baseline 0 -19"><span class='ocrx_word' id='word_1_265' title='bbox 65 3540 218 3620; x_wconf 74' lang='lat' dir='ltr'><strong>sompim&#39;r&#39;s</strong></span> <span class='ocrx_word' id='word_1_266' title='bbox 237 3559 349 3611; x_wconf 75' lang='lat' dir='ltr'><strong>eorum,</strong></span> <span class='ocrx_word' id='word_1_267' title='bbox 386 3557 478 3620; x_wconf 91' lang='lat' dir='ltr'><strong>usque</strong></span> <span class='ocrx_word' id='word_1_268' title='bbox 501 3537 536 3600; x_wconf 91' lang='lat' dir='ltr'><strong>ad</strong></span> <span class='ocrx_word' id='word_1_269' title='bbox 559 3557 595 3600; x_wconf 89' lang='lat' dir='ltr'><strong>ea</strong></span> <span class='ocrx_word' id='word_1_270' title='bbox 617 3537 720 3620; x_wconf 88' lang='lat' dir='ltr'><strong>quibus</strong></span> <span class='ocrx_word' id='word_1_271' title='bbox 739 3538 774 3600; x_wconf 91' lang='lat' dir='ltr'><strong>de</strong></span> <span class='ocrx_word' id='word_1_272' title='bbox 792 3537 953 3599; x_wconf 78' lang='lat' dir='ltr'><strong>octodecim</strong></span> <span class='ocrx_word' id='word_1_273' title='bbox 972 3537 1028 3600; x_wconf 90' lang='lat' dir='ltr'><strong>illis</strong></span> <span class='ocrx_word' id='word_1_274' title='bbox 1047 3550 1091 3600; x_wconf 90' lang='lat' dir='ltr'><strong>est</strong></span> <span class='ocrx_word' id='word_1_275' title='bbox 1109 3558 1219 3616; x_wconf 91' lang='lat' dir='ltr'><strong>sermo,</strong></span> 
     </span>
     <span class='ocr_line' id='line_1_33' title="bbox 66 3637 1221 3726; baseline -0.001 -22"><span class='ocrx_word' id='word_1_276' title='bbox 66 3641 166 3726; x_wconf 83' lang='lat' dir='ltr'><strong>quiin</strong></span> <span class='ocrx_word' id='word_1_277' title='bbox 189 3638 301 3705; x_wconf 87' lang='lat' dir='ltr'><strong>Siloam</strong></span> <span class='ocrx_word' id='word_1_278' title='bbox 324 3637 406 3702; x_wconf 78' lang='lat' dir='ltr'><strong>rusina</strong></span> <span class='ocrx_word' id='word_1_279' title='bbox 430 3639 519 3703; x_wconf 89' lang='lat' dir='ltr'><strong>turris</strong></span> <span class='ocrx_word' id='word_1_280' title='bbox 543 3639 675 3725; x_wconf 84' lang='lat' dir='ltr'><strong>oppressi</strong></span> <span class='ocrx_word' id='word_1_281' title='bbox 693 3651 772 3705; x_wconf 88' lang='lat' dir='ltr'><strong>suot.</strong></span> <span class='ocrx_word' id='word_1_282' title='bbox 820 3638 910 3716; x_wconf 90' lang='lat' dir='ltr'><strong>Item,</strong></span> <span class='ocrx_word' id='word_1_283' title='bbox 942 3643 1011 3701; x_wconf 79' lang='lat' dir='ltr'><strong>Nisi</strong></span> <span class='ocrx_word' id='word_1_284' title='bbox 1023 3646 1221 3721; x_wconf 75' lang='lat' dir='ltr'><strong>poenitendam</strong></span> 
     </span>
     <span class='ocr_line' id='line_1_34' title="bbox 65 3742 1218 3827; baseline 0.001 -21"><span class='ocrx_word' id='word_1_285' title='bbox 65 3747 198 3824; x_wconf 64' lang='lat' dir='ltr'><strong>egeratis,</strong></span> <span class='ocrx_word' id='word_1_286' title='bbox 230 3762 321 3826; x_wconf 87' lang='lat' dir='ltr'><strong>usqne</strong></span> <span class='ocrx_word' id='word_1_287' title='bbox 341 3743 375 3804; x_wconf 91' lang='lat' dir='ltr'><strong>ad</strong></span> <span class='ocrx_word' id='word_1_288' title='bbox 393 3744 557 3827; x_wconf 81' lang='lat' dir='ltr'><strong>parabolam</strong></span> <span class='ocrx_word' id='word_1_289' title='bbox 576 3744 665 3820; x_wconf 82' lang='lat' dir='ltr'><strong>deus,</strong></span> <span class='ocrx_word' id='word_1_290' title='bbox 697 3744 732 3806; x_wconf 92' lang='lat' dir='ltr'><strong>de</strong></span> <span class='ocrx_word' id='word_1_291' title='bbox 750 3765 806 3827; x_wconf 86' lang='lat' dir='ltr'><strong>qna</strong></span> <span class='ocrx_word' id='word_1_292' title='bbox 823 3742 898 3804; x_wconf 85' lang='lat' dir='ltr'><strong>dixit</strong></span> <span class='ocrx_word' id='word_1_293' title='bbox 916 3743 1061 3826; x_wconf 83' lang='lat' dir='ltr'><strong>agricola,</strong></span> <span class='ocrx_word' id='word_1_294' title='bbox 1092 3746 1218 3819; x_wconf 79' lang='lat' dir='ltr'><strong>Fodmm,</strong></span> 
     </span>
     <span class='ocr_line' id='line_1_35' title="bbox 66 3849 833 3927; baseline -0.004 -18"><span class='ocrx_word' id='word_1_295' title='bbox 66 3860 96 3909; x_wconf 86' lang='lat' dir='ltr'><strong>et</strong></span> <span class='ocrx_word' id='word_1_296' title='bbox 115 3851 222 3908; x_wconf 80' lang='lat' dir='ltr'><strong>mittum</strong></span> <span class='ocrx_word' id='word_1_297' title='bbox 243 3855 387 3919; x_wconf 83' lang='lat' dir='ltr'><strong>stercora,</strong></span> <span class='ocrx_word' id='word_1_298' title='bbox 412 3857 442 3907; x_wconf 86' lang='lat' dir='ltr'><strong>et</strong></span> <span class='ocrx_word' id='word_1_299' title='bbox 460 3851 489 3908; x_wconf 82' lang='lat' dir='ltr'><strong>si</strong></span> <span class='ocrx_word' id='word_1_300' title='bbox 507 3867 562 3908; x_wconf 81' lang='lat' dir='ltr'><strong>noa</strong></span> <span class='ocrx_word' id='word_1_301' title='bbox 582 3849 701 3927; x_wconf 78' lang='lat' dir='ltr'><strong>fecerit,</strong></span> <span class='ocrx_word' id='word_1_302' title='bbox 726 3851 833 3908; x_wconf 76' lang='lat' dir='ltr'><strong>cncede.</strong></span> 
     </span>
    </p>

    <p class='ocr_par' dir='ltr' id='par_1_10' title="bbox 150 3945 1221 4033">
     <span class='ocr_line' id='line_1_36' title="bbox 150 3945 1221 4033; baseline 0.002 -22"><span class='ocrx_word' id='word_1_303' title='bbox 150 3946 254 4011; x_wconf 85' lang='lat' dir='ltr'><strong>Relut.</strong></span> <span class='ocrx_word' id='word_1_304' title='bbox 273 3945 458 4011; x_wconf 90' lang='lat' dir='ltr'>XXXVIII.</span> <span class='ocrx_word' id='word_1_305' title='bbox 493 3946 576 4013; x_wconf 87' lang='lat' dir='ltr'><strong>Ilaec</strong></span> <span class='ocrx_word' id='word_1_306' title='bbox 592 3947 660 4012; x_wconf 91' lang='lat' dir='ltr'><strong>ideo</strong></span> <span class='ocrx_word' id='word_1_307' title='bbox 679 3950 809 4012; x_wconf 81' lang='lat' dir='ltr'><strong>nefarius</strong></span> <span class='ocrx_word' id='word_1_308' title='bbox 829 3950 936 4033; x_wconf 83' lang='lat' dir='ltr'><strong>praedo</strong></span> <span class='ocrx_word' id='word_1_309' title='bbox 956 3949 1104 4012; x_wconf 84' lang='lat' dir='ltr'><strong>subtraxit</strong></span> <span class='ocrx_word' id='word_1_310' title='bbox 1122 3971 1156 4013; x_wconf 89' lang='lat' dir='ltr'><strong>ao</strong></span> <span class='ocrx_word' id='word_1_311' title='bbox 1173 3969 1221 4013; x_wconf 91' lang='lat' dir='ltr'><strong>se·</strong></span> 
     </span>
    </p>
   </div>
   <div class='ocr_carea' id='block_1_3' title="bbox 66 4049 1222 4447">
    <p class='ocr_par' dir='ltr' id='par_1_11' title="bbox 66 4049 1222 4447">
     <span class='ocr_line' id='line_1_37' title="bbox 67 4049 1222 4136; baseline 0.001 -21"><span class='ocrx_word' id='word_1_312' title='bbox 67 4052 218 4136; x_wconf 83' lang='lat' dir='ltr'><strong>metipsum</strong></span> <span class='ocrx_word' id='word_1_313' title='bbox 237 4050 361 4114; x_wconf 86' lang='lat' dir='ltr'><strong>veritate</strong></span> <span class='ocrx_word' id='word_1_314' title='bbox 380 4051 541 4128; x_wconf 74' lang='lat' dir='ltr'><strong>fraudavit,</strong></span> <span class='ocrx_word' id='word_1_315' title='bbox 567 4053 642 4136; x_wconf 90' lang='lat' dir='ltr'><strong>quod</strong></span> <span class='ocrx_word' id='word_1_316' title='bbox 657 4050 790 4115; x_wconf 90' lang='lat' dir='ltr'><strong>dominus</strong></span> <span class='ocrx_word' id='word_1_317' title='bbox 808 4049 892 4114; x_wconf 87' lang='lat' dir='ltr'><strong>Pilati</strong></span> <span class='ocrx_word' id='word_1_318' title='bbox 909 4051 1082 4115; x_wconf 87' lang='lat' dir='ltr'><strong>sententiam</strong></span> <span class='ocrx_word' id='word_1_319' title='bbox 1099 4074 1156 4135; x_wconf 88' lang='lat' dir='ltr'><strong>qua</strong></span> <span class='ocrx_word' id='word_1_320' title='bbox 1169 4052 1222 4116; x_wconf 87' lang='lat' dir='ltr'><strong>ho-</strong></span> 
     </span>
     <span class='ocr_line' id='line_1_38' title="bbox 66 4153 1220 4240; baseline 0.002 -23"><span class='ocrx_word' id='word_1_321' title='bbox 66 4155 161 4218; x_wconf 90' lang='lat' dir='ltr'><strong>mines</strong></span> <span class='ocrx_word' id='word_1_322' title='bbox 185 4153 260 4217; x_wconf 83' lang='lat' dir='ltr'><strong>Istos</strong></span> <span class='ocrx_word' id='word_1_323' title='bbox 281 4153 345 4215; x_wconf 90' lang='lat' dir='ltr'><strong>iure</strong></span> <span class='ocrx_word' id='word_1_324' title='bbox 366 4153 556 4217; x_wconf 86' lang='lat' dir='ltr'><strong>damnauerat</strong></span> <span class='ocrx_word' id='word_1_325' title='bbox 573 4153 755 4240; x_wconf 85' lang='lat' dir='ltr'><strong>approbarit,</strong></span> <span class='ocrx_word' id='word_1_326' title='bbox 788 4175 902 4239; x_wconf 90' lang='lat' dir='ltr'><strong>qnoque</strong></span> <span class='ocrx_word' id='word_1_327' title='bbox 921 4155 1004 4218; x_wconf 88' lang='lat' dir='ltr'><strong>alteri</strong></span> <span class='ocrx_word' id='word_1_328' title='bbox 1028 4153 1086 4232; x_wconf 88' lang='lat' dir='ltr'><strong>illi,</strong></span> <span class='ocrx_word' id='word_1_329' title='bbox 1120 4155 1168 4239; x_wconf 91' lang='lat' dir='ltr'><strong>qni</strong></span> <span class='ocrx_word' id='word_1_330' title='bbox 1191 4157 1220 4220; x_wconf 89' lang='lat' dir='ltr'><strong>in</strong></span> 
     </span>
     <span class='ocr_line' id='line_1_39' title="bbox 67 4255 1220 4344; baseline 0.002 -22"><span class='ocrx_word' id='word_1_331' title='bbox 67 4256 177 4322; x_wconf 78' lang='lat' dir='ltr'><strong>Siloam</strong></span> <span class='ocrx_word' id='word_1_332' title='bbox 198 4255 362 4342; x_wconf 86' lang='lat' dir='ltr'><strong>perierant,</strong></span> <span class='ocrx_word' id='word_1_333' title='bbox 388 4256 492 4319; x_wconf 89' lang='lat' dir='ltr'><strong>merito</strong></span> <span class='ocrx_word' id='word_1_334' title='bbox 511 4277 562 4321; x_wconf 88' lang='lat' dir='ltr'><strong>eas</strong></span> <span class='ocrx_word' id='word_1_335' title='bbox 580 4277 689 4340; x_wconf 90' lang='lat' dir='ltr'><strong>poenas</strong></span> <span class='ocrx_word' id='word_1_336' title='bbox 708 4257 823 4321; x_wconf 90' lang='lat' dir='ltr'><strong>dedisse</strong></span> <span class='ocrx_word' id='word_1_337' title='bbox 841 4257 1011 4333; x_wconf 86' lang='lat' dir='ltr'><strong>videantur,</strong></span> <span class='ocrx_word' id='word_1_338' title='bbox 1036 4268 1136 4342; x_wconf 84' lang='lat' dir='ltr'><strong>utpote</strong></span> <span class='ocrx_word' id='word_1_339' title='bbox 1153 4280 1220 4344; x_wconf 91' lang='lat' dir='ltr'><strong>pec·</strong></span> 
     </span>
     <span class='ocr_line' id='line_1_40' title="bbox 67 4357 1219 4447; baseline 0.004 -25"><span class='ocrx_word' id='word_1_340' title='bbox 67 4371 199 4438; x_wconf 88' lang='lat' dir='ltr'><strong>catores,</strong></span> <span class='ocrx_word' id='word_1_341' title='bbox 231 4369 261 4420; x_wconf 88' lang='grc' dir='ltr'><strong>ει</strong></span> <span class='ocrx_word' id='word_1_342' title='bbox 281 4357 422 4421; x_wconf 89' lang='lat' dir='ltr'><strong>eiusmodi</strong></span> <span class='ocrx_word' id='word_1_343' title='bbox 446 4379 463 4421; x_wconf 91' lang='lat' dir='ltr'><strong>a</strong></span> <span class='ocrx_word' id='word_1_344' title='bbox 490 4360 544 4421; x_wconf 90' lang='lat' dir='ltr'><strong>deo</strong></span> <span class='ocrx_word' id='word_1_345' title='bbox 569 4360 719 4444; x_wconf 87' lang='lat' dir='ltr'><strong>suppliciis</strong></span> <span class='ocrx_word' id='word_1_346' title='bbox 743 4361 852 4423; x_wconf 76' lang='lat' dir='ltr'><strong>allecti</strong></span> <span class='ocrx_word' id='word_1_347' title='bbox 899 4357 959 4424; x_wconf 94' lang='lat' dir='ltr'><strong>Scd</strong></span> <span class='ocrx_word' id='word_1_348' title='bbox 982 4372 1013 4424; x_wconf 92' lang='lat' dir='ltr'><strong>nt</strong></span> <span class='ocrx_word' id='word_1_349' title='bbox 1036 4361 1219 4447; x_wconf 86' lang='lat' dir='ltr'><strong>imperatoris</strong></span> 
     </span>
    </p>
   </div>
   <div class='ocr_carea' id='block_1_4' title="bbox 66 4512 991 4665">
    <p class='ocr_par' dir='ltr' id='par_1_12' title="bbox 66 4512 991 4665">
     <span class='ocr_line' id='line_1_41' title="bbox 66 4512 991 4577; baseline -0.001 -11"><span class='ocrx_word' id='word_1_350' title='bbox 66 4517 185 4566; x_wconf 80' lang='lat' dir='ltr'><strong>euovtm.</strong></span> <span class='ocrx_word' id='word_1_351' title='bbox 696 4514 737 4567; x_wconf 83' lang='grc'><strong>98.</strong></span> <span class='ocrx_word' id='word_1_352' title='bbox 755 4517 835 4577; x_wconf 84' lang='lat' dir='ltr'><strong>Supra</strong></span> <span class='ocrx_word' id='word_1_353' title='bbox 852 4512 991 4570; x_wconf 75' lang='grc' dir='ltr'><strong>δεκαοκτώ.</strong></span> 
     </span>
     <span class='ocr_line' id='line_1_42' title="bbox 89 4577 959 4665; baseline -0.001 -31"><span class='ocrx_word' id='word_1_354' title='bbox 89 4581 141 4665; x_wconf 74' lang='grc' dir='ltr'><strong>Ι97.</strong></span> <span class='ocrx_word' id='word_1_355' title='bbox 160 4581 298 4652; x_wconf 77' lang='grc' dir='ltr'><strong>κατακριιῃ</strong></span> <span class='ocrx_word' id='word_1_356' title='bbox 316 4585 366 4634; x_wconf 88' lang='lat' dir='ltr'><strong>cod.</strong></span> <span class='ocrx_word' id='word_1_357' title='bbox 383 4585 454 4634; x_wconf 81' lang='lat' dir='ltr'><strong>Votis.</strong></span> <span class='ocrx_word' id='word_1_358' title='bbox 698 4581 739 4637; x_wconf 81' lang='lat'><strong>99.</strong></span> <span class='ocrx_word' id='word_1_359' title='bbox 757 4587 838 4649; x_wconf 83' lang='lat' dir='ltr'><strong>Supra</strong></span> <span class='ocrx_word' id='word_1_360' title='bbox 854 4577 959 4657; x_wconf 69' lang='grc' dir='ltr'><strong>ποιήσῃ.</strong></span> 
     </span>
    </p>
   </div>
   <div class='ocr_carea' id='block_1_5' title="bbox 0 0 1528 5084">
    <p class='ocr_par' dir='ltr' id='par_1_13' title="bbox 0 0 1528 5084">
     <span class='ocr_line' id='line_1_43' title="bbox 0 0 1528 5084; baseline 0 2"><span class='ocrx_word' id='word_1_361' title='bbox 0 0 1528 5084; x_wconf 95' lang='lat' dir='ltr'><strong> </strong></span> 
     </span>
    </p>
   </div>
  </div>
 </body>
</html>
