3046 5084
254 321 313 382 142
673 329 794 381 SANCTI
811 328 980 381 EPIPHANII

251 470 302 516 σεν
315 445 332 515 ό
347 448 420 525 θεός
432 445 482 512 τόν
497 445 668 531 ἄνθρωπον,
691 444 778 530 άρσεν
792 447 844 510 καί
857 452 939 526 θῆλυ
953 446 1090 524 ἐποίησεν
1105 439 1227 518 αῦτοῦς·
1248 443 1300 507 καί
1315 439 1406 508 πάλιν

250 550 318 634 μεθ’
340 555 423 637 έτερα
446 549 506 627 ότι,
528 546 650 612 Ἕνεκεν
666 546 775 612 τοῦτου
793 553 961 626 καταλείψει
976 544 1137 629 ἅνθρωπος
1154 541 1206 608 τόν
1223 546 1335 628 πατέρα
1351 548 1405 610 καὶ

249 652 304 736 τὴν
320 655 430 736 μητέρα
444 648 550 731 αῦτοῦ,
573 652 623 715 καλ
637 649 926 733 προςκολληθήσεται
940 656 976 736 τῇ
992 649 1110 732 γυναικὶ
1125 644 1234 726 αὑτοῦ,
1255 650 1306 712 καὶ
1321 649 1403 712 έσον·

249 782 297 821 ται
312 758 343 819 οί
355 753 409 819 δῦο
428 758 469 829 είς
482 751 577 837 σάρκα
591 757 669 833 μίαν.
714 753 775 815 Καὶ
790 748 884 824 εῦθῦς
897 753 1065 832 προςέθηκε
1080 751 1187 833 λέγων,
1220 749 1281 825 Οῦς
1294 747 1313 815 ό
1327 748 1405 826 θεός

249 859 424 935 συνέζευξεν,
440 855 602 937 ἄνθρωπος
615 852 656 936 μὴ
668 855 822 937 χωριζέτω·
839 850 879 926 ῶς
889 852 1050 928 έξάπαντος
1059 848 1111 915 τόν
1123 859 1240 935 σωτῆρα
1253 849 1404 917 διδάσκειν

247 957 301 1024 τόν
317 956 443 1039 ποιητὴν
457 964 517 1022 τῶν
531 954 702 1038 άνθρτόπεον
717 952 790 1017 θεόν
807 951 880 1017 εἶναι
897 961 956 1017 τῶν
971 951 1102 1031 πάντων,
1124 951 1216 1018 αῦτοῦ
1234 955 1266 1018 δέ
1282 955 1400 1038 πατέρα.

248 1063 310 1125 Καὶ
325 1058 372 1124 ότι
386 1056 403 1124 ό
417 1058 512 1142 γάμος
528 1053 583 1122 οῦκ
601 1059 633 1120 έκ
649 1062 702 1119 τοῦ
718 1062 850 1133 Σατανᾶ,
873 1052 931 1118 ἀλλ’
948 1056 981 1119 έκ
997 1061 1050 1118 τοῦ
1065 1063 1141 1118 θεοῦ
1155 1053 1300 1140 τυγχάνει,
1320 1062 1399 1140 πρῶ-

247 1187 300 1227 τον
315 1162 366 1244 μὲν
380 1156 398 1224 ό
413 1158 517 1242 κύριος
532 1159 618 1240 λέγει·
645 1154 707 1229 Οῦς
722 1153 740 1219 ό
754 1155 843 1233 θεός,
866 1156 957 1236 φησὶ,
979 1157 1159 1235 συνέζευξεν,
1181 1157 1344 1238 ἅνθρωπος
1358 1155 1401 1239 μή

247 1264 397 1346 χωριζέτω.
442 1261 503 1322 Καὶ
517 1256 605 1322 πάλιν
620 1253 638 1320 ό
652 1256 737 1341 άγιος
754 1255 930 1336 άπόσιολος,
958 1263 1060 1339 Τίμιος
1076 1255 1094 1322 ό
1107 1257 1199 1344 γάμος
1215 1261 1267 1323 καί
1283 1257 1302 1341 ἡ
1316 1264 1400 1342 κοίτη

141 1393 192 1437 pag.
204 1379 236 1423 σε.
250 1361 398 1446 άμίοιντος.
442 1369 513 1435 Ταῖς
527 1360 559 1423 δὲ
573 1358 661 1439 φάσει
673 1358 867 1442 χηρευσάσαις
880 1357 1018 1433 ῶςαάτως
1032 1361 1229 1443 παραγγέλλει,
1245 1363 1337 1445 λέγων
1349 1361 1400 1427 διά

252 1466 419 1547 Τιμοθέου,
452 1464 608 1543 Νεωτέρας
627 1459 719 1543 χήρας
738 1469 899 1544 παραιτοῦ·
932 1460 1002 1542 μετά
1024 1459 1079 1545 γάρ
1100 1461 1134 1526 τό
1153 1463 1400 1547 καταστρηνιάσαι

249 1573 327 1632 4ιοῦ
345 1573 476 1651 Χριστοῦ
491 1570 594 1649 γαμεῖν
606 1564 737 1627 θέλουσι.
782 1564 842 1625 Καὶ
858 1560 926 1643 μεθ’
943 1565 1041 1646 έτερα,
1071 1567 1273 1645 Γαμείτωσαν,
1301 1591 1399 1632 τεκνο-

247 1672 434 1755 γονείτωσαν,
456 1668 762 1731 οἰκοδεσποτείτωσαν·
787 1662 880 1748 θῦπέρ
896 1672 949 1729 τοῦ
964 1665 1059 1749 γάμου
1075 1664 1127 1730 τόν
1140 1665 1233 1748 νόμον
1243 1668 1401 1750 τιθέμενος

248 1773 281 1837 έκ
304 1776 379 1835 θεοῦ
401 1767 488 1847 όντα,
510 1769 561 1832 καλ
581 1764 657 1830 κατά
678 1764 839 1849 σεμνότητα
860 1765 1032 1850 άνθροόποις
1053 1771 1265 1851 κεχαρισμένον.

121 1880 188 1950 Κεφ.
207 1877 235 1943 ς’.
339 1872 415 1954 Περὶ
432 1871 463 1934 δέ
480 1876 538 1934 τῶν
555 1867 629 1932 κατά
647 1866 700 1942 τάς
714 1876 790 1933 θεοῦ
806 1873 989 1951 προφητείας
1006 1867 1056 1933 ὑπ’
1072 1867 1164 1935 αῦτοῦ
1181 1892 1398 1953 σεσυκοφαντη-

248 1974 346 2055 μένιον
364 1969 531 2049 άπονοιῶν,
562 1967 602 2045 ῶς
626 1967 666 2052 μή
684 1967 759 2034 εἶναι
788 1968 902 2044 ιαῦτοίς
920 1973 952 2036 έκ
969 1978 1060 2050 θεοῦ,
1091 1977 1181 2056 μυρία
1199 1974 1274 2037 ἔστιν
1296 1975 1396 2039 εἰπεῖν.

245 2067 298 2150 Ὡς
313 2071 402 2150 αῦτδς
423 2075 496 2158 λέγει
519 2070 730 2157 όμονογενῆς,
761 2075 790 2149 έξ
812 2065 854 2136 ῶν
873 2071 950 2137 2τόν
963 2071 1075 2155 κόσμον
1092 2075 1199 2138 ἑαυτοῦ
1220 2071 1397 2160 εὐαγγελιζό-

247 2201 334 2259 μενος
358 2178 447 2261 λέγει,
475 2182 594 2260 πρῶτον
617 2175 669 2257 μέν
694 2173 755 2253 ότι,
785 2171 917 2258 Ἁβραάμ
943 2172 1080 2260 όπατηρ
1104 2172 1189 2257 ἡμῶν
1211 2174 1398 2260 ἐπεθύμησεν

250 2280 322 2343 ἰδεῖν
337 2275 390 2359 την
404 2275 517 2362 ἡμέραν
532 2274 586 2359 τὴν
602 2274 690 2358 ἐμήν,
718 2277 770 2340 καὶ
788 2272 886 2353 θεῖδε,
908 2278 960 2340 καί
974 2275 1071 2359 έχάρη.
1115 2279 1176 2341 Καὶ
1189 2277 1277 2343 πάλιν
1293 2282 1396 2361 φησὶν,

247 2383 292 2444 Et
313 2379 474 2445 έπιστεάετε
493 2387 637 2457 Μωῦσεῖ,
667 2374 828 2443 έπιστεάετε
851 2374 888 2441 δν
911 2379 990 2459 έμοί·
1024 2380 1092 2462 περί
1114 2377 1169 2464 γάρ
1191 2382 1265 2462 έμοῦ
1286 2383 1397 2459 ἐκεῖνος

247 2484 368 2568 έγραιγε.
415 2486 466 2557 Τίς
486 2482 518 2545 δὲ
533 2487 593 2544 τῶν
610 2476 838 2564 εῦφρονοῦντων
857 2481 908 2544 καί
929 2477 1046 2544 σύνεσιν
1067 2483 1100 2545 έκ
1118 2488 1195 2547 θεοῦ
1210 2484 1397 2565 κεκινημένων

145 2574 148 2579 ’
245 2581 301 2649 οῦκ
320 2585 437 2668 ἐλέγξειε
454 2581 506 2648 τδν
523 2579 678 2645 άπατεῶνα
695 2588 891 2665 Σατορνῖλον,
921 2580 1075 2666 γινοίσκων
1099 2586 1130 2649 έν
1155 2580 1229 2673 δόξη
1248 2582 1396 2652 άποκαλυ-

246 2686 363 2766 φθέντα
376 2683 428 2748 τόν
447 2689 564 2767 σωτῆρα
582 2683 624 2757 εἰς
641 2681 825 2766 παράστασιν
842 2680 993 2764 άληθείας,
1007 2682 1099 2760 άλλως
1113 2682 1168 2767 τήν
1183 2688 1290 2753 έαυτοῦ
1304 2687 1395 2766 δόξαν

246 2785 287 2868 μὴ
306 2783 515 2862 ῦποδείξαντα,
544 2781 603 2847 ἀλλ’
626 2781 672 2866 ’λίγ’
695 2781 843 2865 άναμέσον
855 2782 937 2849 Ἠλία
956 2787 1007 2849 καὶ
1025 2789 1183 2864 Μωῦσέως
1199 2795 1258 2854 τῶν
1278 2792 1330 2855 καί
1343 2788 1395 2856 αῦ-

245 2893 306 2950 τῶν
321 2888 353 2950 έν
370 2885 443 2972 δόξη
462 2889 522 2973 ίδίμ
539 2882 598 2968 μετ’
617 2883 709 2951 αῦτοῦ
727 2884 893 2967 ὀφθέντων.
928 2885 1019 2951 ’Ἁλλα
1039 2888 1071 2951 δέ
1092 2887 1148 2954 ῦσα
1173 2890 1296 2956 τοιαῦτά
1318 2894 1396 2959 έστιν

246 2984 333 3052 δῦπ’
351 2985 513 3053 αὐτοῦτοῦ
535 2991 656 3072 κυρίου,
685 2990 736 3053 καί
760 2991 791 3054 έν
813 2987 895 3078 πόση
914 2996 950 3079 τῇ
973 2997 1062 3078 καινῇ
1077 2990 1227 3082 διαθήκη,
1255 2993 1395 3079 λεγόμενοι

244 3088 299 3173 τήν
314 3086 454 3154 σῦστασιν
467 3099 593 3155 ποιεῖται
606 3088 700 3172 νόμον
718 3115 748 3154 τε
764 3092 815 3155 καὶ
832 3097 996 3175 προφητῶν
1009 3094 1060 3156 καὶ
1076 3092 1173 3176 πάσης
1189 3102 1314 3171 παλαιῶς
1329 3099 1392 3161 δια-

244 3193 344 3277 θήκης
360 3189 435 3276 πρός
448 3190 502 3272 τὴν
517 3190 622 3273 καινὴν
640 3190 801 3274 διαθήκην,
823 3191 871 3258 ότι
889 3192 956 3269 ένός
972 3200 1050 3259 θεοῦ
1065 3197 1138 3259 εἰσιν
1155 3192 1328 3279 άμφότεραι,
1351 3194 1393 3272 ῶς

244 3298 335 3382 λέγει,
361 3292 542 3358 Ἐλεύσονται
561 3296 593 3358 έν
609 3293 731 3370 κόλποις
747 3291 878 3379 Ἀβραάμ
902 3298 954 3361 καί
976 3293 1080 3361 Ἰσαάκ
1102 3299 1154 3361 καί
1167 3293 1280 3378 Ἰακῶβ
1301 3299 1333 3361 έν
1354 3304 1392 3386 τῇ

245 3401 374 3486 βασιλείᾳ
390 3404 449 3462 τῶν
462 3393 614 3481 οῦρανῶν,
635 3399 685 3462 καὶ
702 3394 922 3463 άναπαῦσονται
939 3395 998 3463 άτιδ
1013 3397 1177 3478 άνατολῶν,
1198 3399 1249 3462 καί
1262 3397 1299 3462 τοί
1315 3400 1389 3480 ἑξῆς.

247 3498 345 3565 Πάλιν
366 3501 398 3565 δέ
422 3496 456 3566 τό
480 3502 514 3564 έιι
536 3496 700 3584 προςάπου
714 3501 814 3583 Λαβὶδ
838 3503 906 3585 περὶ
930 3499 1023 3567 αὐτοῦ
1045 3498 1321 3586 προφητευόμενον,
1343 3499 1389 3581 τό,

245 3595 343 3664 Είπεν
362 3599 379 3665 ό
395 3603 498 3688 κάρτος
519 3608 560 3691 τῷ
576 3605 670 3690 κυρίην
690 3627 765 3682 μου,
796 3601 907 3669 Κάθου
929 3605 960 3668 έκ
984 3606 1087 3679 δεξιῶν
1110 3629 1177 3686 μου.
1220 3604 1281 3667 Καί
1303 3601 1393 3670 πάλιν

244 3697 314 3780 παρ’
330 3699 421 3767 αῦτοῦ
435 3705 592 3790 λεγόμενον
608 3713 671 3779 τοῖς
688 3710 877 3789 Φαρισαίοις,
904 3702 1054 3769 Οὐδέποτε
1074 3702 1232 3790 άνέγνωτε,
1253 3710 1341 3773 λίθον
1356 3706 1392 3774 δν

244 3795 464 3883 άπεδοκίμασαν
483 3812 514 3872 οί
527 3810 753 3888 οἰκοδομοῦντες
759 3836 768 3885 ;
792 3804 909 3881 Καλῶς
925 3804 944 3872 ό
959 3813 1085 3882 Λουκᾶς
1099 3812 1322 3891 διαβεβαιοῦται
1337 3809 1391 3876 αῦ-

244 3899 296 3967 τόν
314 3901 365 3966 τόν
387 3915 503 3991 σωτῆρα
527 3906 599 3990 μετά
621 3907 654 3974 τό
678 3907 836 3992 άναστῆναι
852 3912 885 3974 έκ
909 3915 968 3973 τῶν
984 3916 1096 3994 νεκρῶν
1115 3901 1222 3989 ῶφθαι
1242 3911 1318 3978 κατά
1338 3911 1392 3994 τήν

243 4000 316 4070 όδδν
330 4011 394 4078 τοῖς
413 4011 480 4090 περὶ
496 4010 547 4075 τόν
558 4010 725 4094 Ναθαναὴλ
739 4016 788 4077 καί
803 4010 856 4076 τόν
871 4009 1019 4091 Κλεόπαν,
1041 4012 1093 4076 καί
1110 4011 1236 4089 τούτους
1249 4023 1389 4079 νενουθε-

242 4108 362 4189 τηιιέναι
377 4102 437 4171 άπό
455 4115 536 4174 6τῶν
550 4120 723 4200 προφητῶν,
745 4113 792 4179 ίίτι
808 4112 903 4189 οῦτως
919 4115 978 4178 ἔδει
991 4111 1044 4179 τόν
1060 4115 1189 4202 Χριστόν
1201 4122 1321 4195 παθεῖν,
1337 4115 1390 4178 κοιλ

275 4309 299 4364 4.
315 4312 360 4365 τοῦ
374 4317 459 4375 recepit
471 4316 550 4364 Ροιου.
564 4331 593 4365 επ
610 4320 728 4369 Vaticano.
752 4322 798 4371 De·
830 4320 885 4370 ιδίλ.
895 4324 970 4384 μήτε.
993 4316 1160 4390 ἀνυπέρβατον
1173 4315 1234 4386 ῦιτδρ
1247 4318 1291 4370 τοῦ
1305 4313 1389 4385 γάμον

240 4382 358 4433 Meretur
372 4385 396 4431 ὶιι
411 4385 460 4432 cod.
477 4384 572 4445 Rhediy.
587 4389 608 4434 ιι
622 4386 675 4433 edil.
688 4390 762 4448 μείου.
829 4385 904 4454 νόμον
919 4392 973 4440 edit.
988 4393 1069 4441 Ριλου.

275 4450 300 4500 5.
316 4445 377 4513 ῦπέρ
391 4450 434 4501 τοῦ
448 4445 530 4516 γάμου
543 4448 585 4502 τδν
600 4446 674 4515 νόμον
687 4456 739 4503 τοῦ.
750 4459 797 4507 Va·
866 4455 924 4507 Cn.
934 4459 976 4508 VI.
993 4485 1027 4496 —
1056 4460 1075 4508 Ι.
1089 4451 1169 4515 αῦτδς
1185 4456 1238 4505 cod.
1247 4456 1322 4508 Velie.
1342 4451 1388 4511 οῦ·

240 4520 278 4569 tia
311 4512 478 4586 ἀνυπέρβατον
496 4513 571 4584 νόμον
592 4519 643 4570 τοῦ.
659 4518 755 4585 Ma.
776 4528 798 4575 σε
830 4520 890 4584 τοῦς
905 4527 957 4576 τοῦ.
972 4528 1069 4589 Βλεοίγ.
1081 4530 1104 4576 ιλ
1116 4522 1172 4575 εδδ.
1186 4528 1291 4588 uterque.
