3046 5084
428 344 562 396 retentu
580 345 676 399 HM.
690 347 773 401 ῚῸΜ.
785 348 817 399 ll.
834 346 933 398 naeu.
947 346 1035 397 XXX.
1243 329 1305 393 269

160 462 232 526 dunt
249 472 281 526 et
293 482 312 527 e
326 462 486 547 gentilibus
502 462 656 527 omnnium
672 482 753 540 esse,
775 464 923 527 cuiusdam
939 463 1095 527 occasione
1110 462 1180 540 loci,
1201 461 1233 525 in
1250 480 1309 545 quo

160 563 224 648 ipse
241 564 317 648 qnod
337 585 386 627 res
412 574 477 627 erat
500 564 629 646 ingenue
646 563 794 648 proponit.
841 570 1003 638 Tarsensis,
1027 562 1136 645 inquit,
1159 584 1212 641 ego
1230 583 1303 635 rum,

160 688 211 728 nee
227 669 306 727 ardr's
323 668 460 727 obscurae
474 669 554 726 cim's.
602 662 652 727 Ex
667 686 725 747 quo
741 664 877 748 gentilem
893 663 983 726 luisse
1002 664 1156 742 colligunt,
1180 673 1210 723 et
1225 673 1305 725 utro·
1317 674 1446 727 tetih!-

161 789 217 850 que
238 778 358 852 parente
375 766 476 847 gentili
499 776 702 850 procreatum,
725 785 848 847 cumque
866 763 1101 847 iherosolymam
1123 762 1309 840 accessisset,

160 881 190 931 et
211 869 319 932 ibidem
339 866 515 950 aliquamdiu
537 868 711 944 mansisset,
743 866 887 951 pontilicis
917 864 1003 928 liliam
1028 867 1136 927 ducere
1157 861 1306 925 statuisse.

162 967 263 1052 Quare
282 967 461 1053 proselytum
478 990 511 1033 se
528 970 651 1047 iecisse,
674 988 710 1031 ac
729 965 982 1031 circumcisionem
1000 985 1170 1048 usurpasse.
1200 961 1310 1026 Postea

162 1072 239 1154 quod
259 1069 295 1132 ah
314 1090 351 1133 eo
372 1071 508 1153 coniugio
522 1071 699 1146 excidisset,
722 1071 828 1133 iratum
848 1070 991 1133 adversus
1008 1065 1259 1130 circumcisionem
1281 1073 1311 1128 et

162 1171 332 1248 sabbatum,
356 1170 505 1254 legemque
525 1173 693 1257 scripsisse.

247 1252 307 1325 Sed
329 1267 457 1341 apertam
481 1256 652 1321 calumniam
674 1257 762 1321 struit
787 1257 907 1320 callidus
931 1255 981 1319 ille
1003 1274 1127 1340 serpens
1149 1250 1462 1334 airimoqnecapmvn.

164 1357 325 1421 mendicus.
365 1355 461 1421 Ehion
475 1359 580 1444 quippe
596 1358 744 1423 Hebraico
757 1381 818 1423 vox
836 1357 953 1424 Graeca
967 1358 1067 1441 lingna
1083 1355 1245 1418 meridicum
1259 1374 1309 1416 so·

163 1468 225 1521 nat.
267 1457 324 1522 Est
342 1471 439 1523 autem
463 1460 628 1525 haereticus
651 1463 707 1525 iste
729 1482 836 1525 revera
853 1471 968 1540 mente,
991 1481 1044 1543 spe
1064 1457 1205 1539 lactisque
1227 1476 1308 1517 men·

162 1559 259 1638 dicus,
283 1570 381 1644 utpote
399 1560 447 1646 qni
466 1560 614 1626 Christum
634 1585 745 1627 merum
761 1585 829 1627 esse
850 1563 995 1626 homiuem
1014 1561 1178 1636 existimet,
1203 1558 1233 1621 in
1256 1578 1307 1621 eo·

162 1681 217 1744 que
232 1682 314 1745 spem
331 1684 396 1725 cum
412 1664 535 1747 quadam
555 1665 621 1727 lidei
637 1664 822 1728 mendicitate
839 1666 974 1729 collocet.
1014 1663 1133 1725 Atcuim
1152 1661 1200 1723 isti
1219 1661 1254 1723 de
1272 1681 1308 1723 ea

159 1782 193 1825 re
214 1762 394 1844 gloriantur,
425 1786 516 1848 seque
540 1766 689 1829 mendicos
706 1767 892 1851 praedicant,
923 1766 999 1849 qnod
1021 1764 1238 1848 apostolorum,
1261 1760 1306 1824 in·
1320 1773 1368 1817 aa.
1383 1774 1404 1827 ⁴.
1413 1773 1445 1816 tt·

160 1864 273 1946 quiunt,
296 1876 427 1950 ternpore
443 1888 505 1930 mos
521 1880 603 1930 esset
620 1868 697 1931 hona
711 1889 766 1931 sua
784 1869 958 1944 distrahere,
984 1877 1013 1930 et
1031 1869 1067 1928 ad
1084 1866 1199 1929 illorum
1216 1863 1306 1949 pedes

160 1964 300 2031 ahiicere.
346 1965 449 2052 ltaque
477 1970 648 2033 scillarum
672 1971 807 2054 exemplo
830 1970 866 2032 ad
892 1968 1105 2032 mendicitatem
1130 1967 1241 2050 redigi,
1272 1985 1307 2027 ac

159 2066 244 2130 honis
259 2070 394 2133 omnihus
409 2070 558 2148 abdicare,
583 2072 760 2155 proindeque
779 2070 886 2155 passim
902 2070 1050 2133 mendieos
1065 2068 1216 2152 appellari.
1246 2062 1307 2129 Sed

161 2167 216 2231 hoc
233 2170 269 2233 ah
292 2171 351 2235 illis
372 2193 414 2236 ex
437 2173 557 2257 ingenio
579 2174 735 2237 confictum
761 2184 818 2237 est.
863 2169 941 2234 Nam
955 2169 1062 2234 Ehioni
1083 2172 1229 2255 proprium
1252 2169 1307 2230 hoc

160 2281 224 2333 erat
240 2294 365 2351 nomen,
388 2295 448 2337 non
463 2276 528 2340 sine
544 2275 684 2341 vaticinio
700 2287 797 2339 tamen
815 2275 924 2358 aliquo,
948 2295 1006 2357 quo
1024 2274 1173 2335 mendicus
1189 2274 1307 2337 infelix·

159 2393 215 2454 que
240 2375 304 2437 lore
325 2375 556 2459 significaretur,
588 2400 652 2442 cum
675 2399 693 2440 a
717 2378 887 2462 parentibus
917 2377 946 2439 id
976 2373 1102 2438 noruiuis
1131 2375 1305 2458 accepisset.

159 2470 256 2556 Quam
272 2497 345 2540 vcro
361 2478 418 2541 alia
435 2478 524 2542 multa
543 2491 574 2545 et
590 2501 741 2565 perperam
758 2481 894 2544 affectata
919 2490 949 2542 et
970 2478 1114 2542 scelerata
1137 2500 1172 2541 ac
1192 2478 1307 2542 unciaria

159 2595 261 2640 eorum
277 2577 411 2644 instituto
427 2583 587 2665 geruntur!
632 2580 759 2666 Quoties
779 2585 855 2646 eninr
872 2582 978 2665 aliquis
995 2581 1108 2643 illorum
1127 2580 1156 2644 in
1174 2582 1306 2643 morbum

158 2676 278 2758 incidit,
303 2693 353 2745 aut
374 2704 392 2747 a
409 2695 547 2769 serpente
564 2707 680 2750 morsus
695 2695 759 2763 est,
783 2686 818 2749 ad
835 2706 925 2768 aquas
941 2685 1103 2748 descendit.
1148 2681 1191 2746 lhi
1208 2683 1303 2766 appel·

158 2778 284 2844 latiores
303 2804 423 2865 omnes,
447 2808 520 2871 quac
538 2785 627 2852 Elxni
642 2788 814 2872 complexus
834 2798 895 2865 est,
919 2788 1055 2864 invocat,
1077 2785 1154 2850 coeli
1171 2784 1308 2848 videlicet

158 2902 194 2945 ac
209 2893 324 2965 terrae,
347 2889 419 2953 salis
435 2899 466 2953 et
479 2910 592 2974 aquae,
614 2900 769 2954 ventorum
787 2901 817 2953 et
829 2890 1012 2972 angelornm,
1034 2900 1067 2952 nt
1082 2899 1201 2966 vocant,
1224 2889 1307 2951 iusti-

159 2983 236 3063 tiae,
267 2988 351 3071 panis
377 2990 447 3053 item
475 3002 505 3055 et
530 2993 602 3057 olei.
655 2991 770 3055 Deinde
793 2993 914 3056 solenne
941 2991 996 3056 hoc
1020 3013 1137 3055 carmen
1160 2990 1304 3074 concipit:

157 3090 266 3149 Adeste
280 3094 357 3166 mihi,
382 3105 412 3154 et
423 3096 498 3155 dunc
513 3117 531 3156 a
547 3117 590 3156 me
604 3099 727 3157 dolorem
742 3098 880 3174 depellite.
926 3093 987 3157 lam
1005 3095 1059 3157 hoc
1073 3107 1158 3157 antea
1176 3093 1307 3155 declare-

157 3191 270 3273 vimus,
293 3195 391 3260 omnia
407 3194 479 3260 haec
495 3194 638 3259 libionem
656 3195 816 3274 nesciisse,
841 3196 962 3281 eiusque
981 3197 1138 3282 discipulos
1158 3196 1306 3277 aliquanto

158 3307 225 3381 post
241 3318 306 3361 cnm
316 3295 406 3362 Elxai
422 3300 624 3363 coalescentes
640 3298 676 3361 nh
692 3296 806 3361 Ebione
823 3299 1073 3362 circumcisionem
1091 3321 1125 3362 ac
1141 3298 1304 3376 sabbatum,

158 3408 290 3491 aliosque
308 3404 383 3469 ritus
400 3402 567 3487 accepisse,
591 3401 627 3464 ah
643 3398 732 3464 Elnai
746 3422 818 3464 vero
836 3402 979 3465 somnium
996 3402 1085 3479 illud,
1109 3412 1140 3463 ut
1156 3397 1306 3463 Christum

159 3510 280 3574 lormam
300 3527 367 3572 esse
387 3507 530 3589 quandam
549 3504 691 3568 humanae
709 3503 851 3582 similem,
875 3525 970 3585 neque
990 3502 1154 3566 hominihus
1174 3512 1306 3586 aspecta·

158 3611 244 3677 hilem
262 3630 329 3675 esse
354 3609 515 3692 lingerent,
546 3606 726 3690 longitudine
744 3606 853 3669 milium
870 3600 993 3683 xcvi,
1025 3603 1074 3686 qui
1096 3616 1165 3666 sunt
1185 3604 1305 3669 schoeni
1336 3644 1339 3654 ·

159 3725 283 3799 quatuor
299 3723 329 3775 et
345 3710 459 3794 viginti,
477 3709 629 3773 latitudine
645 3707 839 3771 schoenorum
856 3704 911 3784 Vl,
931 3706 985 3769 hoc
999 3715 1044 3768 est
1058 3704 1166 3768 milium
1181 3702 1303 3785 xxiv,

158 3815 343 3880 crassitudini
359 3813 484 3896 denique
501 3812 587 3875 aliam
607 3831 773 3873 mensuram
791 3808 963 3871 attribuunt.
1006 3804 1103 3891 Prope
1121 3806 1213 3892 ipsum
1233 3829 1305 3873 vero

158 3928 237 3983 stare
254 3916 386 4002 spiritum
402 3924 535 3978 sanctum
553 3912 685 3976 muliehri
701 3913 810 3996 ligura,
835 3910 875 3971 ita
895 3919 991 3970 tamen
1011 3919 1044 3971 nt
1056 3909 1148 3973 videri
1166 3922 1303 3994 nequeat,

159 4019 347 4103 eiusdemque
371 4037 439 4081 esse
456 4036 623 4079 mensurae.
665 4012 769 4097 Rogas
788 4013 864 4076 undc
887 4031 937 4073 eas
953 4032 1104 4074 mensuras
1123 4011 1303 4097 acceperint.

158 4120 374 4198 linientibus,
405 4117 557 4203 inquiunt,
581 4117 752 4181 observatas
771 4114 929 4191 hahemus,
960 4135 1081 4196 quornm
1103 4113 1139 4176 ad
1163 4113 1304 4179 verticem

157 4224 272 4289 illorum
290 4223 384 4308 capita
399 4219 614 4307 pertingebant,
634 4238 724 4302 quare
738 4215 877 4279 montium
893 4214 1072 4279 altitudinem
1088 4215 1210 4278 dimensi
1219 4210 1306 4279 Chri-

158 4326 197 4390 sti
216 4348 251 4390 ac
271 4324 366 4391 sancti
383 4323 502 4409 spiritus
522 4318 748 4404 magnitudinem
772 4317 976 4402 comperimus.
1025 4315 1134 4381 Verum
1153 4317 1188 4381 de
1207 4317 1252 4381 his
1274 4317 1304 4380 in

193 4476 253 4532 Car.
268 4479 351 4529 xvir.
368 4506 402 4517 -
431 4478 453 4528 l.
472 4473 548 4542 ἔγνων
563 4475 715 4525 cecidistis.
747 4476 870 4523 verterim:
887 4473 918 4521 Et
934 4471 999 4521 rindc
1016 4470 1158 4537 acceperint
1175 4488 1216 4522 ean
1231 4487 1304 4520 rnen-

158 4546 256 4611 lthcdtn.
280 4549 309 4599 hi
322 4548 441 4610 ceptae.
450 4551 483 4596 est
495 4537 584 4611 ἔγνων.
610 4544 715 4594 cadmum
748 4557 817 4594 suras
832 4539 901 4589 dicit.
