3046 5084
420 310 556 362 eruatur
572 310 633 363 ΜΒ.
648 314 673 363 Ι.
684 313 768 365 Tol.
783 313 817 366 ii.
831 311 931 365 HAER.
946 314 1030 363 XXV.
1239 307 1298 367 159

153 427 266 492 dicendi
284 429 371 493 duem
386 428 509 507 faciam,
534 432 591 489 Vae
603 434 706 493 muodo
719 451 739 491 a
753 434 911 504 modeim,
936 442 966 494 et
982 433 1169 517 operantibus
1190 434 1381 518 iniqui-unu
1391 448 1446 493 ΙΜ-

153 540 253 593 tatem.
297 528 392 614 Quam
415 529 497 593 muiti
514 549 573 591 non
588 529 674 591 mado
690 528 746 591 sibi
765 530 900 594 tenebras
917 533 1099 610 offuderunt,
1119 535 1171 597 sed
1187 546 1217 598 et
1231 535 1297 600 aiiis

151 653 223 714 quos
240 634 334 695 errori
354 653 408 694 suo
432 639 535 714 postea
554 627 655 691 faciles
680 639 768 711 atque
791 629 985 712 obsequentes
1009 633 1085 694 nacti
1107 637 1190 696 santi
1237 635 1296 700 Sed

152 735 341 816 prudentibus
356 731 468 795 veritas
486 728 648 814 apparebit.
691 725 841 792 Basilidas
857 751 945 808 vero,
969 744 999 794 et
1021 732 1161 796 eiusmodi
1185 737 1297 799 tarinae

150 833 298 897 hominnm
320 832 447 896 studium
471 829 617 893 constabit
637 829 673 893 ab
690 850 791 893 errore
809 832 980 915 proiectum.
1026 831 1108 895 Haec
1124 834 1207 897 habui
1225 857 1297 918 quae

149 937 184 998 de
199 936 254 998 trac
271 934 386 997 haeresi
404 934 527 1017 eiusque
540 931 645 995 tmotis
660 931 849 995 dissererem.
893 933 923 996 A
940 954 996 1016 qna
1011 933 1148 1018 deinceps
1162 936 1197 999 ad
1212 936 1296 999 aliam

148 1057 194 1100 me
217 1037 380 1098 conseram.

235 1135 312 1217 Quis
336 1136 413 1199 euim
436 1155 493 1199 uun
516 1134 595 1198 iilam
612 1134 747 1197 haeresin
773 1135 856 1197 facitu
873 1135 1071 1220 deprehendat
1088 1135 1159 1199 oittt
1182 1151 1298 1222 praeter

149 1240 318 1321 figmentum
344 1256 428 1316 esse,
457 1236 605 1320 instarque
631 1247 764 1300 cerastae
787 1236 815 1298 iu
835 1257 926 1300 arena
950 1238 1095 1300 defossam
1117 1240 1181 1301 solo
1203 1261 1296 1304 corun

149 1341 294 1402 duntaxat
308 1349 413 1402 exerto
427 1338 465 1401 iis
481 1337 574 1422 quiin
592 1338 684 1423 ipsam
706 1338 872 1401 incurrerat
887 1339 1008 1402 exitium
1026 1339 1146 1403 afferre.
1181 1339 1292 1404 Verum

149 1453 179 1503 et
191 1453 368 1520 pmeuturum
385 1462 473 1501 eormu
489 1444 618 1501 ᾰοοιὺιιιι
633 1444 781 1514 eoutrr‘m't,
806 1452 836 1501 et
855 1445 927 1501 r'ustr’
941 1463 1029 1503 cornu
1048 1446 1137 1503 roltrm
1153 1445 1293 1504 eurultubr'·
1324 1456 1406 1500 t’mtu.

150 1555 208 1616 tur,
235 1543 288 1606 huo
310 1555 356 1605 est
375 1541 508 1605 veritatis
531 1542 614 1604 fides.
658 1538 854 1625 Posteaquam
881 1542 970 1626 igitur
991 1543 1125 1605 veritatis
1148 1543 1215 1606 iliud
1241 1546 1294 1607 do-
1330 1509 1360 1553 κ’
1376 1510 1406 1551 Μ’

149 1643 241 1707 ctrina
263 1643 469 1721 contrivimus,
501 1663 556 1725 age
578 1653 712 1706 caeteras
734 1664 961 1728 persequamur,
991 1645 1147 1708 eorreiliato
1171 1647 1292 1729 primum

146 1744 229 1808 nobis
251 1744 383 1808 adiutore
407 1746 480 1823 deo,
512 1743 559 1806 oui
582 1743 676 1828 gloria
699 1755 728 1808 et
750 1745 845 1808 honor
866 1756 897 1808 et
916 1746 1049 1810 adoratio
1071 1745 1101 1808 in
1123 1748 1223 1811 serula
1244 1768 1292 1811 se·

143 1847 292 1926 autorum,
314 1846 425 1909 Amen.

324 2081 665 2161 ADVERSUS
704 2081 1112 2175 tttcunntrts

392 2229 474 2299 quae
501 2209 553 2277 est
577 2201 725 2275 haeresis
749 2200 811 2293 V.,
836 2201 907 2275 sive
927 2200 1037 2276 XXV.

221 2352 368 2420 Nicotaus
385 2375 402 2418 e
419 2375 540 2418 numero
557 2350 616 2416 Vli
637 2353 824 2415 diaconorum
845 2352 900 2414 fnit
914 2351 961 2435 qni
977 2352 1014 2415 ab
1029 2353 1169 2437 apostolis
1185 2355 1290 2420 delecti
1308 2359 1369 2424 cup.
1389 2363 1407 2409 ¹·

140 2468 226 2536 suut,
256 2479 315 2521 ιιιιι
336 2479 400 2519 οιιιιι
422 2454 457 2521 S.
479 2453 629 2540 Stephane
648 2464 863 2539 protomartyre
881 2475 916 2517 ac
932 2451 1102 2532 Proehoro,
1130 2453 1287 2535 Parmeno,

140 2557 287 2643 sociisque
307 2558 446 2622 caeteris.
491 2556 548 2620 Hic
570 2556 711 2619 oriundus
729 2555 886 2619 Antiochia
908 2576 976 2619 sese
996 2557 1032 2620 ad
1051 2554 1227 2620 iudaeorum
1243 2581 1290 2623 se-

139 2672 215 2725 ctam
231 2658 415 2744 aggregavit.
459 2656 569 2722 Postea
587 2655 787 2722 Christianum
804 2657 909 2740 dogma
926 2659 1096 2743 complexus
1111 2660 1146 2723 ad
1163 2659 1289 2746 discipu·
1301 2677 1382 2724 neus

139 2761 185 2824 los
198 2762 350 2825 adiunctus
366 2773 453 2846 atquc
469 2761 546 2824 inter
562 2759 715 2845 primarios
731 2760 936 2844 adnumeratus
952 2773 1008 2824 est.
1054 2757 1125 2823 lude
1142 2762 1170 2824 in
1186 2784 1287 2827 eorum

140 2862 272 2925 ordinem
288 2864 398 2927 retatus
416 2861 527 2947 estqui
546 2863 581 2926 ad
600 2863 749 2926 viduarum
770 2864 982 2945 praefecturam
1000 2863 1084 2925 eiecti
1102 2876 1182 2926 suot.
1227 2863 1289 2929 Ve-

139 2985 205 3026 rum
222 2974 324 3048 postea
338 2965 368 3028 in
384 2986 449 3028 eum
466 2986 501 3028 sc
517 2963 650 3028 diabolus
668 2962 842 3039 insinuavit,
874 2962 993 3046 eiusque
1009 2975 1134 3028 merrtem
1153 2978 1286 3030 veterum

138 3065 256 3129 iliorum
272 3087 344 3151 qnos
360 3066 652 3131 commemoravimus
668 3063 818 3128 erroribus
834 3063 952 3143 irnbnit,
977 3077 1007 3128 ut
1022 3067 1108 3128 etiam
1126 3068 1218 3130 mains
1233 3068 1286 3152 ipsi

138 3189 224 3254 qnam
244 3168 348 3232 iisdem
364 3167 422 3232 ittis
440 3170 546 3234 ruditus
562 3167 720 3250 indigeret.
764 3164 841 3229 Nam
862 3187 927 3229 oum
946 3188 1069 3230 uxorem
1087 3168 1208 3232 traheret
1227 3169 1286 3230 ele·

136 3272 216 3355 qunti
233 3271 330 3357 speeie
345 3271 509 3348 mutierem,
532 3268 569 3331 ab
583 3288 618 3332 ea
634 3267 690 3331 sibi
705 3268 878 3350 aliquamdiu
895 3268 1081 3353 temperavit,
1106 3281 1137 3332 nt
1152 3290 1204 3332 eos
1221 3268 1286 3331 imi-

135 3384 248 3437 taretur
263 3392 336 3458 quos
348 3374 405 3436 deo
422 3371 536 3456 penitus
550 3370 681 3434 addictos
697 3381 843 3433 cerneret.
888 3367 947 3433 Sed
962 3392 1019 3432 non
1034 3369 1285 3452 intemperantiam

136 3495 218 3539 suam
234 3485 374 3561 perpetuu
391 3480 531 3538 reducere
548 3471 654 3558 potuit.
697 3468 812 3557 Quippe
828 3472 910 3535 carris
925 3472 1018 3534 instar
1032 3473 1066 3533 ad
1082 3470 1221 3532 vomitum
1237 3491 1283 3535 re·

136 3576 198 3640 dire
214 3576 346 3659 cupieris,
369 3588 401 3640 et
412 3575 506 3639 maius
521 3576 662 3658 quosdam
678 3573 793 3636 colores
810 3573 1076 3652 exeusationesque
1093 3581 1281 3654 praetexens,

135 3678 171 3741 ad
195 3678 321 3741 libidinis
343 3698 414 3742 suae
436 3675 629 3763 patrocinium
651 3674 849 3758 excogitavit,
880 3694 954 3757 quae
976 3671 1067 3754 magis
1091 3692 1131 3735 ex
1153 3692 1205 3737 usu
1226 3675 1280 3738 sibi

134 3798 201 3843 esse
226 3778 407 3842 viderentur.
452 3775 521 3861 Qua
543 3798 595 3862 spo
621 3799 686 3842 eum
711 3777 888 3852 excidisset,
921 3784 981 3836 tum
1003 3773 1117 3837 demum
1138 3774 1202 3839 siue
1225 3778 1281 3841 utta

132 3878 379 3963 tergiversatione
398 3900 462 3943 eum
486 3900 582 3945 uxore
603 3877 842 3944 cousuetudinem
862 3875 970 3938 habere
990 3873 1125 3939 instituit.
1170 3877 1284 3945 Verum

133 4000 206 4045 suaa
222 3978 278 4042 sitsi
295 3979 430 4062 ignauiae
447 3980 601 4056 conscius,
624 4002 658 4045 ao
675 4001 712 4044 ne
729 3977 996 4063 deprehenderetur
1012 3977 1139 4060 veritus,
1170 3980 1282 4043 iactare

132 4081 202 4147 ittut
217 4101 308 4146 ausus
323 4092 384 4145 ests
407 4078 476 4145 Nisi
490 4082 540 4167 qui
555 4082 678 4166 singuiis
691 4080 793 4145 diebus
807 4078 941 4141 luxuriae
955 4089 1052 4158 vacet,
1075 4081 1279 4167 sempiternam

132 4185 254 4249 salutem
279 4183 424 4247 neminem
449 4204 536 4268 posse
557 4185 709 4266 consequi.
755 4177 798 4243 tta
819 4181 854 4243 ab
873 4181 1063 4246 excusatione
1083 4205 1139 4246 uua
1159 4181 1189 4245 in
1207 4184 1279 4247 adte-

132 4306 195 4349 ram
211 4284 347 4372 delapsus
365 4295 422 4350 est.
468 4278 544 4350 Cum
562 4283 639 4348 enim
656 4282 809 4366 coniugem
826 4303 908 4345 snam
924 4285 1083 4368 praestanti
1101 4304 1170 4349 esse
1186 4287 1278 4350 torma

166 4436 192 4489 Ἰ.
209 4439 266 4494 eut
286 4457 340 4507 epm
359 4439 403 4493 τοῦ
424 4437 487 4494 ἰδίου
506 4434 600 4490 σκοποῦ
617 4432 690 4488 dara·
725 4432 830 4502 ριὲργως
845 4439 895 4490 eod.
915 4440 988 4489 tutte.

133 4503 202 4561 σόιιιι
215 4508 250 4577 τῇ
338 4506 438 4577 γυναικὶ
454 4505 614 4575 συνοφθῆναι
630 4496 690 4558 uiue-
