3046 5084
366 381 502 436 rsttttnt
518 385 582 440 tto.
593 386 612 438 l.
630 385 715 440 ΤΟΜ.
724 387 769 439 111.
784 386 884 439 HARR.
895 387 1031 439 xxxvn.
1212 377 1272 440 507

125 501 193 568 Neo
212 514 259 568 est
279 503 355 589 quod
378 504 487 569 ideirco
509 505 644 571 conditae
664 526 716 571 res
732 528 750 570 a
765 507 820 569 deo
837 507 1040 592 vituperentur
1052 505 1127 590 qnod
1143 506 1274 569 nonnulli

126 628 228 671 rursus
249 605 411 670 incredibili
434 627 536 670 errore
559 607 680 672 faciunt.
725 605 798 672 lllud
820 609 896 672 euim
920 611 1029 693 figurae
1047 609 1141 671 instar
1160 605 1274 670 ludaeis

125 709 156 774 in
171 710 328 773 solitudine
344 708 517 791 degentibus
534 722 685 775 ostensum
701 720 763 790 este
786 710 824 774 ob
841 729 904 774 eam
921 710 1011 795 ipsam
1031 710 1172 774 rationem
1190 732 1275 794 quarn

126 812 155 874 iu
177 810 331 895 evangelio
354 811 489 874 domiuus
511 814 670 897 expressit.
715 810 878 876 Nimirum:
910 817 993 875 Sr'cnt
1010 816 1147 874 enoltom't
1162 817 1274 891 Moyses
1286 824 1426 878 rostanno.

125 927 279 995 serpentem
296 919 325 974 tir
340 917 466 988 deserto,
491 920 532 977 ito
547 918 675 977 cnnltnm'
690 927 801 995 oportet
806 917 905 995 stiriam
919 919 1054 990 domrirr'sp
1078 915 1155 997 quod
1174 925 1276 999 posteo

127 1015 259 1100 contigit.
304 1013 382 1078 Nam
405 1013 504 1079 ludaei
524 1013 674 1080 Christum
695 1017 841 1080 dominum
865 1017 944 1081 velut
964 1028 1129 1101 serpentem
1153 1017 1276 1099 ignomi-

126 1118 209 1182 niose
227 1127 385 1182 tractantes
400 1118 517 1203 ipsimet
530 1119 676 1202 serpentis
692 1119 822 1197 insidiis,
847 1119 902 1182 ltoc
916 1130 962 1182 est
977 1119 1095 1197 diaboli,
1119 1118 1276 1181 veltemeu·

127 1232 172 1284 ter
189 1221 292 1283 cilensi
315 1231 395 1289 sont.
442 1218 501 1284 Sed
519 1232 550 1284 nt
567 1231 666 1283 erecto
682 1232 819 1306 serpente
839 1222 857 1284 ii
876 1222 922 1305 qui
940 1243 1038 1285 morsu
1057 1232 1140 1284 erant
1157 1221 1276 1305 appetiti

126 1333 246 1408 repente
265 1323 379 1386 liberuti
401 1334 486 1400 sunt,
519 1323 557 1386 itu
576 1319 695 1387 Christo
714 1323 744 1386 irr
763 1345 878 1387 erucem
893 1323 1006 1387 sublato
1025 1323 1140 1386 animae
1157 1334 1277 1386 nostrae

126 1448 143 1490 a
165 1426 275 1511 peccati
297 1427 442 1490 morsibus
464 1436 530 1488 sunt
553 1435 720 1511 exemptae.
765 1426 863 1510 Atque
882 1426 956 1490 lrunc
971 1427 1063 1511 ipsam
1082 1425 1189 1488 domini
1209 1445 1276 1487 seo-

126 1528 246 1592 teutium
262 1529 297 1592 ad
313 1528 424 1591 erroris
437 1528 482 1591 sni
498 1526 691 1613 patrocinium
705 1528 842 1592 afferunt.
888 1527 996 1592 Nonne
1013 1528 1106 1604 vides,
1131 1527 1275 1612 inquiunt,

127 1631 167 1694 ila
191 1630 394 1715 pronuntiasse
420 1626 587 1694 Christusne
619 1633 760 1709 Quomodo
781 1634 919 1692 enullavit
941 1636 1054 1710 Moyses
1072 1642 1224 1711 serpentem
1248 1635 1276 1691 r'n

126 1737 253 1806 deserto,
285 1737 326 1794 r'tn
347 1735 475 1794 enoltnrr’
493 1743 602 1813 oportet
613 1735 711 1813 fillum
733 1736 871 1794 domimi?
914 1730 1075 1817 Propterea
1092 1732 1194 1794 etalio
1212 1732 1277 1794 loco

126 1835 169 1898 sic
186 1833 344 1920 praecipit:
376 1839 475 1896 Estote
485 1838 638 1915 prudentes
653 1846 685 1895 nt
697 1847 854 1915 serpentes,
886 1848 916 1896 et
928 1839 1068 1916 srinplr‘ecs
1081 1839 1157 1896 siem
1170 1839 1275 1895 colum·
1288 1850 1373 1945 qqntqtp.

127 1939 186 2000 dae.
234 1933 285 2000 Sic
303 1936 392 2020 igitur
408 1936 457 2000 isti
476 1958 547 2020 quas
564 1936 706 2020 imagines
728 1958 763 1999 ao
780 1938 865 2019 signa
881 1937 1038 2000 coelestem
1058 1938 1093 2000 ad
1113 1937 1274 1999 doctrinam
1320 1936 1326 1957 '
1366 1931 1371 1942 '

127 2039 278 2124 praeclare
293 2039 366 2102 dens
382 2039 540 2117 transtulit,
559 2060 593 2102 ea
608 2039 643 2101 ad
659 2038 824 2124 dogmatum
838 2060 956 2102 snorum
972 2040 1126 2102 lalsitatem
1141 2058 1278 2102 asseren-

127 2142 191 2206 dam
215 2140 398 2225 impudenter
418 2142 646 2205 accommodant.

210 2240 360 2327 Siquidem
381 2239 463 2307 lesus
484 2240 621 2308 Christus
640 2243 774 2308 dominns
796 2255 914 2321 noster,
949 2244 1082 2328 idemque
1103 2244 1174 2307 dens
1200 2241 1275 2306 Ver·
1296 2254 1430 2324 capvttt.

126 2347 211 2423 lum,
236 2366 254 2410 a
269 2342 358 2409 Patre
373 2355 440 2408 ante
456 2345 555 2409 secula
571 2346 667 2410 omnia
681 2344 744 2411 sine
761 2346 904 2431 principio
922 2367 957 2409 ac
974 2357 1104 2431 temporo
1122 2347 1179 2410 ullo
1197 2348 1279 2429 geni·

127 2459 191 2527 tus,
224 2468 403 2532 nequaquam
427 2463 472 2511 est
493 2469 628 2534 serpens.
673 2447 780 2514 Procul
800 2449 875 2512 absit
894 2449 979 2512 utita
998 2448 1171 2512 sentiamus.
1218 2446 1277 2513 Sed

127 2560 229 2614 contra
244 2561 410 2635 serpentem
425 2551 554 2615 advenit.
597 2549 656 2634 Qui
672 2552 696 2615 si
712 2553 885 2637 quandoque
901 2552 1026 2614 dixerit:
1045 2556 1143 2613 Estote
1153 2557 1278 2633 ponden-

128 2669 169 2718 tes
187 2667 221 2716 nt
231 2665 388 2734 cerpentes,
413 2666 443 2715 et
457 2658 597 2734 simplices
612 2660 688 2716 arent
704 2656 862 2728 columboe,
888 2655 957 2718 illud
973 2655 1157 2738 interrogare
1175 2677 1229 2718 uos
1245 2677 1278 2717 nc

128 2777 307 2840 cognoscere
327 2777 380 2841 par
398 2766 460 2835 est,
493 2777 546 2819 cur
563 2756 612 2820 illa
631 2758 705 2834 duo,
737 2756 898 2820 columbam
917 2756 1029 2820 scilicet
1045 2778 1080 2820 ac
1099 2769 1277 2843 serpentem,

129 2861 213 2924 nobis
229 2858 395 2922 erudiendis
409 2860 605 2944 proposuerit.
643 2857 765 2923 Nullum
783 2860 905 2923 enimin
922 2871 1070 2945 serpente,
1095 2872 1212 2946 praeter
1227 2862 1278 2923 du·

128 2963 198 3049 plen
219 2962 288 3025 illud
310 2962 481 3047 prudentiae
500 2961 646 3046 specimen
670 2973 807 3047 apparet,
839 2961 960 3046 primum
984 2965 1059 3047 quod
1076 2965 1220 3048 appetitus
1242 2963 1278 3026 alr

129 3066 243 3152 aliquo,
267 3085 331 3129 oum
351 3064 492 3148 incapite
506 3062 596 3128 vitam
613 3085 728 3127 omnem
745 3084 827 3128 snam
844 3065 975 3128 residere
991 3065 1115 3143 sentiat,
1139 3066 1220 3129 velut
1234 3067 1278 3127 in·

127 3169 281 3232 terdictum
299 3167 367 3231 illud
385 3166 497 3229 veritus
515 3167 591 3250 qood
609 3177 728 3252 propter
745 3167 889 3230 hominem
906 3168 977 3230 deus
996 3169 1063 3231 clim
1080 3169 1110 3231 irr
1128 3189 1195 3233 sesc
1213 3189 1279 3252 pro·

128 3270 288 3335 nuntiavit:
313 3273 406 3349 Caput
418 3269 454 3330 od
470 3273 531 3350 apso
546 3273 700 3343 onstcdr'es,
725 3273 774 3332 itte
790 3291 808 3330 o
825 3282 851 3331 te
868 3273 1042 3344 calcaneum,
1068 3281 1130 3333 toto
1147 3272 1175 3333 in
1192 3281 1277 3354 caput
1290 3293 1347 3336 nen.
1357 3290 1378 3345 s,
1388 3289 1419 3332 to·

128 3373 300 3458 complicato
318 3391 458 3456 corpore,
488 3371 616 3455 illudque
632 3383 790 3457 protegens
806 3384 835 3435 et
852 3373 1017 3450 occultans,
1041 3394 1153 3437 summa
1170 3374 1279 3437 collidi·

129 3486 186 3539 tate
209 3475 349 3558 reliquum
373 3494 479 3558 corpus
501 3474 631 3559 opponit.
679 3471 731 3538 Sic
754 3496 808 3538 oos
830 3475 956 3559 unigena
975 3475 1020 3537 dei
1038 3472 1131 3538 Filius
1154 3473 1278 3538 aPntre

127 3597 318 3663 progressus,
353 3578 417 3639 sive
439 3576 523 3639 hoste
540 3587 752 3660 persequente,
784 3576 848 3641 sive
871 3577 972 3661 quavis
990 3577 1144 3660 ingruente
1162 3579 1278 3641 calami·

128 3691 206 3760 tate,
238 3679 320 3743 iubet
341 3690 442 3743 nostra
460 3680 557 3743 omnia
576 3681 655 3743 ierro
673 3701 707 3744 ac
724 3680 847 3744 flammis
865 3699 1032 3765 exponere,
1066 3681 1216 3766 solumque
1235 3690 1279 3744 tu·

128 3783 183 3847 tari
203 3793 306 3868 capnt,
340 3782 394 3846 lroc
418 3792 463 3846 est
478 3783 596 3846 minime
615 3782 763 3868 abnegare
781 3780 941 3847 Christum.
988 3780 1153 3865 Quoniam,
1187 3789 1433 3866 Ccprrtt.cm.1r,s

128 3891 216 3949 omnes
231 3890 288 3947 or'ri
299 3897 344 3946 est
356 3889 495 3960 Christus,
517 3890 561 3947 or'r
575 3898 668 3948 nutem
682 3889 808 3948 mnlr'ern's
820 3898 907 3967 capnt
918 3898 970 3961 est,
995 3900 1079 3968 caput
1093 3911 1159 3949 oero
1172 3892 1283 3950 Christi

126 3993 210 4064 dens,
236 3997 268 4051 ιιι
284 3986 433 4073 apostolus
449 3987 586 4072 loquitur.
632 3986 715 4052 lnest
731 4008 802 4052 rere
822 4000 852 4050 et
868 3989 991 4052 alterum
1010 3990 1038 4052 in
1057 3999 1195 4074 serpente
1212 4012 1278 4076 pru·

127 4093 243 4156 dentiae
264 4111 375 4175 genus,
408 4100 439 4153 nl
460 4090 495 4153 dc
518 4111 554 4155 eo
576 4091 740 4176 physiologi
758 4100 913 4154 testantur.
960 4088 1034 4156 Cum
1057 4091 1135 4155 enim
1155 4113 1170 4154 e
1188 4113 1278 4156 cavoa

127 4195 230 4260 sitiens
244 4195 280 4257 ad
295 4213 398 4279 aquam
414 4191 528 4255 bibendi
543 4193 637 4276 gratia
652 4191 794 4278 prorepit,
817 4193 899 4257 viros
914 4214 1013 4258 secum
1030 4215 1087 4258 non
1104 4196 1201 4275 ellert,
1226 4197 1276 4259 sed

127 4298 156 4362 in
172 4297 292 4362 latibulo
309 4293 457 4378 relinquit,
477 4294 574 4378 itaque
590 4296 738 4380 adpotum
754 4293 913 4379 egreditur.
960 4293 1046 4379 Quod
1062 4297 1176 4383 quidem
1193 4299 1278 4362 nolis

126 4400 294 4465 imitandum
312 4397 500 4485 proponitur:
530 4409 564 4461 ut
577 4418 642 4462 cum
661 4399 842 4465 adstructam
859 4399 906 4464 dei
922 4400 1077 4464 ecclesiam
1092 4400 1195 4469 orandi
1210 4421 1278 4492 gra-

159 4555 184 4675 Ξ.
199 4556 344 4688 ιοιεὲἷησιτιῗιιιιι·
358 4553 519 4676 murm
537 4624 649 4688 illenim,
662 4629 684 4676 ct
700 4626 754 4675 edit.
769 4627 852 4679 Petne.
886 4623 1019 4692 περιστερά
1036 4627 1090 4678 erttt
1101 4628 1180 4690 princ,
