3046 5084
270 332 331 398 380
696 338 817 391 οεαυτι
835 337 1003 389 nmmum

265 461 317 528 τόν
331 458 533 546 Δημιουργόν,
548 458 583 525 ὃν
596 460 647 524 καὶ
662 455 894 543 Παντοκράτορα
905 458 981 542 λέγει
994 462 1054 522 τάν
1070 453 1312 541 ὅἀποκειμένην·
1332 464 1431 540 θσυμ-

265 569 487 651 προβεβλῆσθαι
506 562 539 627 δέ
560 560 640 649 αὐτῷ
661 563 712 627 καί
735 558 912 645 7ἀρίστερον
933 557 1057 643 άρχοντα
1075 558 1279 646 ἐδογμάτισεν,
1311 557 1432 643 δμοίως

265 677 327 744 τοῖς
340 667 558 751 ῥηθησομένοις
573 661 626 743 ἀφ’
640 661 726 746 ῆμοῖν
744 662 971 745 8ψευδωνύμως
991 670 1179 738 Γνοστικοῖς.
1223 664 1285 728 Καί
1297 661 1351 729 τόν
1368 660 1428 748 Ἱη·

265 779 337 836 σοῦν
353 769 423 834 ποτέ
441 769 493 849 μέν
510 765 569 832 ἀπό
586 773 640 832 τοῦ
655 769 844 841 συσταλέντος
859 762 920 831 ἀπό
936 772 989 848 τῆς
1006 763 1135 850 Μητρός
1151 763 1263 845 αὐτῶν,
1292 787 1429 833 συνανα-

264 875 407 958 χυθέντος
421 880 484 947 τοῖς
497 870 585 948 όλοις,
604 872 827 954 προβεβλῆσθαι
845 877 954 950 9φησι,
976 869 1107 934 τουτέστι
1120 875 1174 934 τοῦ
1190 873 1331 952 Θελητοῦ,
1350 872 1429 936 ποτέ
1462 907 1472 923 ·

265 977 297 1042 δέ
310 973 370 1040 ἀπό
385 981 438 1039 τοῦ
451 969 670 1059 ἀναδραμόντος
685 973 727 1046 είς
740 970 772 1035 τό
790 969 954 1054 Πλῆροιμα,
971 972 1101 1036 τουτέστι
1116 979 1170 1037 τοῦ
1186 978 1326 1057 Χριστοῦ,
1348 973 1428 1039 ποτέ

265 1080 297 1143 δέ
311 1074 371 1142 ἀπό
384 1083 437 1141 τοῦ
450 1073 630 1159 Ἀνθρώπου
644 1075 758 1157 καὶτῆς
770 1071 947 1154 Ἐκκλησίας.
979 1075 1039 1136 Καὶ
1052 1072 1084 1139 τό
1101 1080 1226 1157 Πνεῦμα
1239 1075 1271 1140 δέ
1284 1073 1318 1140 τό
1334 1073 1429 1161 ἅγιον

265 1177 325 1245 ἀπό
344 1185 396 1261 τῆς
407 1175 577 1259 Ἐκκλησίας
592 1178 667 1258 φησί
679 1179 901 1260 προβεβλῆσθαι
914 1178 956 1251 εἰς
971 1175 1125 1262 ἀνάκρισιν
1140 1179 1190 1242 καλ
1206 1181 1427 1264 καρποφορίαν

264 1289 324 1347 τῶν
337 1279 473 1358 Αίοόνυν,
492 1277 625 1363 ἀοράτως
638 1281 678 1354 είς
693 1276 801 1353 αότοάς
816 1275 918 1353 είςιόν·
942 1276 979 1343 δι’
995 1271 1032 1345 οὗ
1049 1287 1119 1356 τοῦς
1130 1282 1249 1357 Αίοῖνας
1261 1305 1424 1366 καρποφο·

268 1392 330 1469 ρεῖν
351 1381 387 1447 τά
409 1378 489 1463 φυτά
510 1389 563 1464 τῆς
584 1380 733 1464 ἀληθείας.

355 1518 637 1573 10ΠΕΠΛΗΡΩΤΑΙ
657 1520 701 1573 ΤΑ
725 1520 926 1574 ΕΙΡΗΝΔΙΟΥ
943 1519 1036 1573 ΚΑΤΑ
1055 1519 1328 1575 ΟΥΑΛΕΝΤῙΝΩΝ.

125 1704 190 1769 Κεφ.
206 1699 247 1754 λε’,
352 1691 413 1754 Καὶ
434 1696 525 1754 ταῦτα
547 1691 599 1771 μέν
620 1692 669 1754 καὶ
693 1689 729 1755 τά
749 1697 872 1755 τοιαῦτα
894 1689 1141 1776 όπροειρημένος
1160 1688 1235 1774 ἀνὴρ
1253 1691 1431 1779 πρεσβότεγς

145 1831 195 1875 μη,
208 1819 253 1863 τοι,
268 1796 448 1878 Εἰρηναῖος,
471 1788 489 1856 ό
506 1790 581 1857 κατά
597 1792 692 1857 πάντα
711 1796 744 1858 έκ
760 1792 927 1874 πνεύματος
944 1793 1030 1881 άγίου
1046 1795 1278 1877 κεκοσμημένος,
1300 1791 1344 1872 σός
1357 1820 1428 1882 γεν·

265 1906 347 1972 ναῖος
365 1893 497 1977 ἀθλητῆς
517 1891 577 1961 όπό
599 1902 652 1960 τοῦ
673 1899 779 1982 κυρίου
798 1898 1053 1979 προβεβλημένος,
1082 1898 1133 1960 καλ
1149 1899 1342 1977 έπαλειφθείς
1359 1908 1431 1978 τοῖς

203 2050 210 2067 .
265 2003 453 2083 ἐπουρανίοις
469 2002 623 2082 χαρίσμασι
637 2006 699 2074 τοῖς
712 1997 786 2063 κατά
802 1997 855 2082 τῆν
869 1997 1015 2083 ἀληθινὴν
1028 2004 1126 2065 πίστιν
1138 2002 1189 2065 καί
1201 2006 1318 2085 γνῶσιν,
1332 2026 1430 2068 κατα·

265 2107 410 2177 παλαίσας
429 2126 459 2165 τε
481 2103 532 2164 καί
551 2099 823 2186 καταγωνισάμενος
845 2101 899 2184 τῆν
915 2109 1013 2167 πᾶσαν
1028 2099 1125 2167 αάταῑν
1139 2101 1258 2188 ληροίδη
1272 2099 1430 2173 ἀπόθεσιν

266 2209 400 2288 διεξῆλθε
417 2202 490 2268 κατά
509 2201 598 2288 λόγον
614 2201 650 2268 τά
666 2201 715 2268 ἀπ’
730 2203 828 2270 αὐτῶν
843 2203 1101 2288 κενοφανοόμενα.
1142 2201 1303 2289 Ἀκρότατα
1318 2207 1353 2274 δέ
1368 2206 1426 2275 αό-

265 2307 335 2384 τοάς
351 2310 382 2373 έν
396 2313 436 2394 τῷ
451 2306 517 2388 έξῆς
531 2308 657 2396 δευτέρῳ
674 2304 767 2373 αὐτοῦ
781 2306 858 2396 λόγῳ
874 2310 924 2373 καί
940 2317 1002 2384 τοῖς
1018 2306 1115 2383 ἀλλοις
1130 2306 1268 2394 διῆλεγξε,
1289 2334 1429 2396 περιττο-

265 2413 357 2496 τέρως
370 2408 551 2493 βουλόμενός
565 2435 629 2485 πως
640 2409 693 2475 τόν
705 2412 794 2493 χαμαί
808 2412 931 2493 ῥιφέντα
945 2413 995 2475 καί
1008 2413 1049 2487 είς
1060 2402 1152 2494 ἧτταν
1161 2412 1307 2497 τραπέντα
1321 2420 1427 2500 σιἰραι,

265 2516 317 2580 καί
332 2512 457 2579 ένσόπιον
473 2511 592 2578 πάντων
608 2516 809 2596 θριαμβεῦσαί
829 2538 860 2578 τε
876 2515 928 2579 καί
944 2512 1083 2599 φαράσαι
1099 2511 1155 2596 τῆν
1173 2514 1206 2578 έν
1220 2511 1300 2603 αὐτῷ
1318 2522 1363 2605 τῷ
1378 2521 1434 2603 ρέα..

265 2619 351 2698 φένει
369 2613 562 2698 ἀναίσχυντόν
578 2640 607 2680 τε
625 2617 675 2680 καί
691 2613 805 2699 ἀσθενῆ
818 2614 1000 2702 προάκλησιν
1013 2613 1279 2702 ματαιοφροσάνης.
1321 2614 1428 2703 Ἡμεῖς

266 2721 298 2785 δέ
314 2718 507 2805 ἀρκεσθέντες
522 2726 584 2792 τοῖς
599 2741 629 2781 τε
645 2716 715 2804 παρ’
727 2716 814 2802 ἡμῶν
829 2726 973 2802 λεχθεῖσιν
988 2717 1112 2805 όλίγοις,
1139 2719 1192 2783 καί
1207 2726 1271 2796 τοῖς
1284 2715 1349 2789 ἀπό
1363 2728 1428 2789 τόν

266 2829 319 2904 τῆς
347 2820 487 2902 ἀληθείας
513 2822 709 2906 συγγραφέων
728 2820 841 2887 τούτων
861 2826 988 2905 λεχθεῖσί
1013 2823 1114 2887 τεκαὶ
1136 2830 1340 2905 συνταχθεῖσι,
1370 2829 1429 2892 καί

254 2922 392 3008 ’όροῖντες
409 2923 455 2990 ότι
471 2922 553 2989 άλλοι
570 2921 770 3006 πεπονῆκασι,
793 2927 872 3008 φημί
889 2927 921 2990 δέ
940 2925 1077 3008 Κλήμης,
1099 2925 1151 2990 καί
1170 2926 1351 3009 Είρηναῐος,
1371 2930 1430 2997 καί

265 3023 450 3108 Ἱππόλυτος,
479 3029 528 3092 καὶ
544 3025 622 3092 άλλοι
638 3031 769 3108 πλείους,
799 3033 830 3093 οἳ
843 3030 894 3093 καί
911 3034 1093 3111 θαυμαστοῖς
1105 3024 1159 3109 τῆν
1174 3024 1237 3092 κατ’
1253 3024 1355 3095 αάτῶν
1370 3056 1428 3098 σεε·

266 3134 402 3213 ποίηνταε
417 3127 597 3212 ἀνατροπὴν,
620 3126 657 3195 υά
671 3127 752 3195 πάνυ
768 3157 796 3195 τι
809 3138 850 3219 τῷ
863 3130 986 3220 καμάτφ
1001 3136 1185 3215 προςθεῐναι,
1208 3126 1249 3206 οἷς
1265 3141 1429 3219 προεῖπον,

265 3232 464 3318 ἠθελήσαμεν,
486 3234 681 3333 ίκανοθέντες
697 3241 758 3309 τοῖς
773 3236 998 3320 προειρημένοις
1014 3232 1154 3318 ἀνδράσι,
1176 3235 1228 3299 καί
1244 3231 1318 3301 σάτό
1333 3242 1429 3309 τοῦτο

267 3338 489 3421 διανοηθέντες,
519 3335 565 3402 ότι
586 3337 673 3401 παντί
691 3343 800 3426 συνετῷ
816 3339 867 3401 καί
885 3339 915 3416 ἐξ
932 3335 1030 3402 αὐτῶν
1044 3344 1104 3402 τῶν
1120 3339 1152 3403 έν
1166 3345 1229 3415 τοῖς
1244 3336 1431 3425 διδάγμασιν

267 3439 365 3507 αάτοῖν
385 3439 480 3528 λόγων
501 3437 521 3523 ῆ
543 3437 694 3525 ἀνατροπῆ
717 3436 817 3504 αὐτῶν
837 3436 899 3504 κατ’
920 3438 1020 3505 αάτολν
1040 3438 1211 3524 φανήσεται.

234 3759 249 3814 ’.
357 3756 483 3833 Πρῶτον
498 3749 564 3831 μέν,
586 3746 633 3813 ότι
648 3745 779 3833 διάφορα
795 3744 865 3834 παρ’
879 3745 980 3825 αάτοῖς
994 3746 1031 3814 τά
1045 3748 1237 3836 φρονῆματα,
1257 3750 1312 3815 καί
1325 3752 1434 3843 inm

267 3849 303 3916 τά
325 3858 401 3916 ιτοῦ
418 3852 518 3936 ἑτέρου
535 3848 688 3916 καταλύειν
704 3852 916 3936 ἐπαγγέλλεται·
938 3850 1074 3939 δεύτερον
1090 3853 1137 3933 δέ,
1158 3852 1206 3919 ότι
1222 3848 1377 3923 ἀνάστατα
1390 3856 1434 3925 τά

269 3950 338 4039 παρ’
353 3951 453 4028 αάτοῖς
468 3953 712 4037 μυθοποιῆματα,
727 3952 795 4020 οότε
809 3980 868 4020 που
881 3961 999 4041 γραφῆς
1013 3953 1163 4039 εἰπούσης,
1177 3953 1245 4023 οὔτε
1255 3960 1310 4023 τοῦ
1325 3964 1432 4027 Μιθ-

269 4060 343 4134 σέας
364 4053 476 4137 νόμον,
507 4056 574 4123 οάτε
590 4056 670 4134 τινός
688 4056 847 4141 προφήτου
864 4064 925 4124 τάν
940 4056 1012 4141 μετά
1028 4059 1179 4139 Μυῦσέα,
1208 4054 1268 4125 ἀλλ’
1283 4054 1357 4127 οὔτε
1373 4068 1434 4131 τοῦ

268 4167 416 4246 σωτῆρος,
439 4155 507 4226 οὔτε
521 4167 580 4225 τῶν
594 4158 686 4226 αότοῦ
700 4158 921 4248 εάαγγελιστσδν,
942 4157 1002 4227 ἀλλ’
1015 4160 1083 4228 οὔτε
1096 4160 1157 4245 μῆν
1169 4167 1230 4227 τῶν
1241 4156 1432 4235 ἀποστόλου.

303 4317 327 4367 5.
346 4311 516 4382 ἀποκειμένων
530 4311 602 4385 ου’τῷ
613 4321 831 4370 υολιιεευυεετιίλλαί
897 4318 921 4371 8.
938 4316 1114 4387 ψενδυνόμσις
1131 4321 1182 4371 cod·
1199 4320 1254 4370 Vm

269 4388 304 4437 οσ
322 4386 368 4434 Vct.
383 4387 479 4448 Ιπεεερε.
512 4388 564 4437 Non
581 4400 639 4448 ορατ
655 4393 694 4437 τοι.
898 4386 923 4439 9.
940 4392 977 4439 lta
992 4390 1061 4440 εοσδ.
1076 4388 1180 4455 (λικε)
1197 4388 1296 4453 hwa.
1306 4390 1397 4455 ,Ρσιι
1409 4400 1436 4447 ι

303 4450 328 4503 6.
345 4455 536 4523 προβεβλῆσθαι
552 4456 604 4505 cod.
619 4456 673 4504 Vm.
864 4459 900 4508 αλ
912 4460 988 4520 μήτε.
1020 4460 1099 4508 Etiam
1114 4458 1162 4507 Vct.
1177 4458 1291 4520 Mum
1302 4462 1377 4513 MR
1387 4460 1433 4515 fl-

274 4518 327 4607 J.
345 4523 736 4587 11οεοδ.ίίιι.ιείέλ1κλεερτει.
758 4526 831 4588 λαίρο
865 4524 909 4576 cit.
943 4528 1054 4597 Ραουίαι
1071 4527 1144 4577 emit
1159 4538 1231 4591 φασι.

270 4604 379 4656 αριστοτ.
