3046 5084
397 399 643 451 romanamet.
659 398 741 452 unu.
751 400 796 450 tu.
814 398 913 450 naun.
926 402 1007 451 xant.
1215 394 1276 456 627

125 540 161 586 eo
175 522 275 608 seipao
290 521 377 605 longe
392 517 648 606 praestantiorem,
669 516 882 604 Dominamque
897 540 993 600 suram,
1010 531 1043 584 nt
1056 521 1163 601 dicitis,
1181 520 1277 586 lesum

125 624 256 705 scilieet,
289 623 466 710 tentaverit?
509 619 574 705 Ego
598 642 671 685 vero
693 621 739 685 dei
763 623 854 684 iaetus
881 623 992 686 anxilio
1016 624 1091 706 qnod
1117 644 1133 685 e
1156 645 1189 687 re
1212 634 1279 687 nata

127 727 195 791 mibi
213 727 243 790 in
261 728 387 789 animum
405 725 549 789 inciderat
566 725 601 787 ad
621 724 677 789 ista
693 724 816 788 subieci.
863 722 1009 804 Creditis,
1034 727 1167 810 inquam,
1193 723 1279 791 Chri-

127 842 203 895 atnm
218 849 287 894 esea
300 829 497 892 crucifixam?
540 822 606 891 Nos
624 846 712 906 vero,
737 826 845 912 inquit,
871 829 1034 906 credimus,
1060 849 1114 891 nec
1128 831 1211 893 lateri
1228 830 1280 892 dn-

127 932 241 997 bitavit.
286 930 435 1016 Aqnibna
450 948 521 1015 ergo
536 931 699 993 crucifixus
716 931 780 994 esti
801 931 915 1014 rogari.
962 932 1008 995 Ab
1028 931 1208 1010 bominibus,
1233 953 1279 994 re-

127 1035 255 1123 spondit.
302 1033 379 1097 Tam
395 1052 469 1118 ego:
494 1028 568 1116 Quis
584 1031 734 1095 amborum
750 1035 898 1116 potentior
913 1044 974 1110 est,
1001 1035 1103 1112 bomo,
1127 1056 1163 1096 arr
1180 1035 1280 1097 diabo-

129 1138 196 1201 lual
241 1134 399 1214 Diabolus,
428 1134 522 1218 inquit
542 1134 611 1212 ille,
643 1135 729 1218 longe
752 1146 877 1220 praestat
899 1136 1074 1200 bominibus.
1120 1135 1280 1220 ligavero

129 1242 165 1303 ad
182 1239 254 1302 baeo
271 1239 326 1301 ista
346 1237 474 1302 subieci:
501 1234 534 1299 Si
549 1238 586 1300 ab
604 1237 786 1316 bominibus,
810 1239 858 1322 qni
876 1239 962 1322 longe
978 1239 1183 1302 imbecilliores
1200 1251 1279 1316 snut,

71 1380 76 1403 .
130 1342 291 1407 concilians
310 1352 356 1404 est
373 1337 526 1417 Christus,
557 1341 623 1423 quid
640 1340 743 1404 mirum
762 1351 808 1404 est
825 1343 947 1404 eundem
967 1363 984 1404 a
1000 1342 1116 1404 diabolo
1134 1362 1201 1405 esse
1219 1352 1282 1405 ten-

130 1446 242 1508 tatum?
284 1443 330 1506 nd
347 1442 418 1506 baec
435 1442 512 1505 enim
528 1443 623 1505 omnia
638 1463 709 1506 vere
724 1465 759 1506 ac
775 1454 875 1506 nostra
890 1465 993 1506 caussa
1010 1444 1170 1523 toleranda,
1194 1446 1282 1508 adeo-

130 1567 186 1634 que
201 1545 280 1611 illum
296 1565 361 1609 cum
376 1544 494 1608 diabolo
509 1564 700 1628 congressum
719 1566 775 1609 nou
793 1556 911 1608 coactus
928 1568 943 1608 a
960 1548 1112 1632 qrropiam,
1136 1549 1187 1610 sed
1207 1548 1282 1610 nltro

130 1668 165 1714 ne
183 1645 319 1712 Cbriatus
337 1647 460 1725 obiecit3
492 1647 569 1731 quod
587 1647 702 1730 quidem
720 1668 779 1710 non
797 1647 853 1711 nlla
869 1650 932 1711 eins
946 1649 1145 1713 imbecillitate
1162 1651 1281 1729 laetum,

131 1754 182 1818 sed
199 1753 350 1816 voluntate
366 1760 550 1833 susceptum,
581 1770 635 1812 sno
652 1759 684 1812 ut
700 1770 754 1813 nos
772 1751 906 1835 exemplo
924 1752 1183 1830 commefaceret,
1218 1774 1283 1816 crn-

132 1856 232 1942 cispna
247 1853 389 1940 supplicio
403 1850 525 1915 salutem
542 1850 627 1915 nobis
642 1852 777 1929 afferret,
802 1852 954 1914 damnaret
969 1866 1136 1937 peccatum,
1159 1867 1283 1919 mortem

132 1959 258 2043 deniqne
279 1956 458 2042 prodigeret.

216 2057 319 2124 Senot.
339 2054 427 2121 th.
460 2062 501 2119 Et
519 2061 594 2119 deicit
615 2061 698 2118 Petro
722 2069 752 2119 et
768 2060 901 2138 reliquis,
936 2062 1043 2134 Bootes
1061 2073 1232 2140 praeparate
1253 2074 1423 2137 attractae.

133 2168 328 2228 moderemur
348 2164 466 2222 Perelio

217 2265 320 2331 fleret.
337 2260 424 2326 LXl.
459 2261 611 2346 lugentem
628 2272 730 2326 contra
751 2271 779 2325 te
797 2262 920 2325 telorum
938 2263 1042 2326 nubem
1061 2264 1146 2328 unius
1167 2265 1286 2329 huiusce

134 2368 294 2434 testimonii
311 2366 470 2431 auctoritas
485 2366 632 2444 continet,
666 2362 792 2428 Marcio.
839 2361 915 2429 Cum
940 2366 1016 2428 enim
1038 2369 1207 2451 praeparari
1229 2369 1285 2431 sibi

135 2470 247 2537 Pascha
268 2470 385 2548 iubeat,
418 2467 505 2552 idque
527 2477 681 2552 autequam
701 2464 838 2531 Christus
857 2479 1007 2552 pateretur
1028 2480 1074 2531 cst
1094 2470 1283 2550 celebratum,

134 2576 267 2662 prolecto
285 2573 350 2658 lege
368 2571 443 2634 istnd
461 2571 554 2655 ipsum
571 2569 782 2656 praescriptum
802 2570 908 2633 lucrat.
955 2568 1055 2652 Quare
1072 2593 1137 2634 cum
1155 2594 1194 2636 ex
1212 2574 1286 2658 legis

134 2678 272 2742 mandato
291 2671 427 2739 Cbriatns
448 2673 526 2736 vitae
546 2692 617 2736 snae
635 2673 779 2736 rationem
798 2665 1002 2758 componeret,
1035 2675 1220 2739 manifestum
1243 2687 1288 2740 est

135 2798 195 2845 nnn
210 2776 290 2843 illnm
309 2777 467 2840 solvendae
483 2775 574 2860 legis,
604 2775 656 2839 sed
671 2775 833 2859 implendae
851 2776 946 2860 gratia
962 2779 1092 2841 venisse.
1138 2775 1199 2842 lam
1217 2801 1288 2863 quo-

136 2883 192 2947 ties
209 2883 303 2967 legem
317 2879 453 2965 princeps
468 2900 526 2943 non
541 2878 680 2962 abrogat,
705 2879 921 2943 constitutionis
937 2879 1054 2964 quaein
1070 2880 1136 2963 lege
1152 2892 1200 2944 est
1213 2882 1289 2945 inte-

136 3008 189 3072 gra
203 2984 448 3064 manetsanotio,
480 3004 534 3045 neo
551 2981 646 3045 edicto
666 2992 832 3046 revocatur.
880 2980 1024 3065 Quamdiu
1040 3003 1112 3048 vero
1129 2983 1204 3068 legis
1222 3006 1290 3049 san·

137 3089 195 3153 ctio
218 3098 407 3174 perseverat,
438 3096 540 3170 estque
563 3085 646 3148 lirma
666 3084 852 3165 constitutio,
882 3084 990 3170 siquid
1013 3086 1048 3148 ad
1071 3109 1136 3150 eam
1154 3088 1290 3172 princeps

136 3190 301 3256 cumulandi
319 3190 387 3253 doni
405 3188 500 3273 gratia
519 3188 590 3252 velit
605 3187 751 3266 adiicere,
786 3187 821 3251 ab
838 3187 967 3251 eiusdem
983 3199 1127 3273 potestate
1144 3190 1290 3253 accessio·

138 3295 184 3359 nis
196 3294 275 3358 illins
291 3292 456 3376 benignitas
469 3290 657 3375 bilaritasque
675 3290 815 3353 dimanat.
853 3288 912 3354 Sed
929 3313 993 3354 cnm
1008 3292 1042 3353 ab
1058 3312 1115 3354 nno
1129 3292 1290 3376 eodemque

136 3398 211 3483 legis
234 3392 283 3460 illa
304 3394 374 3460 latio
396 3395 587 3479 accessioque
611 3392 826 3456 beneficentiae
847 3396 975 3477 proiecta
1000 3395 1055 3471 sit,
1087 3395 1171 3457 facile
1195 3395 1290 3478 quivis

137 3499 272 3584 iutelligit
287 3518 345 3562 non
361 3519 426 3562 enm
443 3495 596 3561 adversari
610 3495 668 3579 legi
685 3496 732 3580 qui
747 3498 782 3560 ad
798 3517 862 3560 eam
878 3497 983 3580 aliquid
1000 3496 1192 3560 adiiciendum
1209 3509 1291 3583 puta-

138 3604 187 3668 rit.
235 3598 431 3685 Quamobrem
453 3601 682 3663 demonstratum
704 3599 773 3663 illud
797 3611 860 3680 est,
893 3599 961 3663 nibil
982 3610 1065 3662 vetus
1086 3610 1291 3664 testamentum

138 3726 172 3770 ac
191 3705 396 3790 propbetarum
413 3703 520 3766 seriem
539 3724 603 3766 cnm
621 3702 775 3786 evangelio
793 3723 934 3788 pugnare.
981 3702 1030 3766 Τιι
1050 3723 1139 3782 vero,
1163 3701 1290 3782 Marcio,

138 3805 290 3893 multiplex
306 3817 410 3870 contra
425 3817 454 3870 te
470 3817 672 3890 argumentum
687 3805 824 3884 attulisti,
849 3807 924 3889 qnod
940 3816 971 3868 ut
988 3806 1101 3869 iaceres
1119 3806 1183 3891 ipsa
1197 3815 1226 3870 ta
1241 3827 1293 3870 re-

138 3913 211 3976 ritas
227 3910 274 3974 vel
289 3910 413 3973 inritam
430 3910 539 3994 coligit.
586 3905 681 3972 Vetus
699 3909 775 3971 enim
792 3906 907 3971 Pascha
922 3907 992 3971 nibil
1013 3919 1131 3993 praeter
1145 3908 1213 3992 agni
1232 3929 1292 3972 ma·

140 4014 315 4092 clationem,
345 4030 485 4097 mumque
502 4012 648 4090 carnium,
677 4023 707 4074 ct
723 4011 933 4089 animatorum,
964 4032 1018 4074 nec
1035 4032 1093 4075 non
1110 4012 1292 4097 Azymornm

140 4118 251 4182 babuit.
297 4110 375 4198 Quid
394 4127 422 4177 te
439 4115 528 4199 igitur
543 4115 672 4200 impulit,
702 4113 896 4177 utnelonnm
914 4114 1011 4192 illum,
1042 4116 1089 4199 qui
1106 4117 1142 4178 ad
1158 4115 1199 4178 tui
1214 4117 1293 4178 reiu-

140 4221 281 4284 tationem
298 4228 451 4303 tantopere
464 4216 608 4303 pertinet,
633 4216 758 4280 auderes
774 4217 913 4295 eradere,
937 4218 994 4281 nisi
1010 4219 1072 4297 ris,
1097 4218 1138 4281 nti
1152 4217 1291 4296 diximus,

175 4440 217 4497 43.
241 4438 429 4502 εὖκαθοσῑωτος
452 4445 536 4504 scripsi
558 4456 588 4493 ex
611 4442 702 4493 rotome
735 4439 850 4490 demetata
866 4450 903 4490 eat
918 4440 978 4508 legis
993 4439 1147 4491 constitutio.
1176 4444 1293 4505 Epetium

140 4515 300 4565 mondoum
320 4524 365 4574 pro
389 4504 435 4564 onix
459 4505 613 4568 ἅδοσίωτος,
640 4510 702 4574 quod
735 4512 828 4560 Patavii
843 4513 967 4560 Aainrndo.
984 4513 1017 4560 ud
1032 4513 1053 4560 lt.
1069 4513 1084 4560 l.

139 4585 211 4644 ontpo
229 4586 301 4630 aaut.
332 4582 360 4630 lo
377 4581 427 4630 eod.
444 4581 543 4641 Rbedr'p.
563 4581 647 4642 lectur
671 4571 702 4630 ου’
768 4575 809 4629 ll.
827 4577 942 4647 βασιλεία
959 4581 1013 4629 edtt.
1026 4583 1101 4642 princ.

142 4645 315 4708 xob’oelmror.
340 4650 467 4699 omacius
478 4651 561 4698 omit:
576 4663 626 4698 non
638 4662 701 4699 oon·

1019 4733 1089 4801 40*
