3046 5084
385 336 520 391 annuat
534 338 597 392 tna.
610 342 628 392 l.
645 341 727 394 ΤΟΜ.
743 343 785 394 lli.
803 342 900 394 HAER.
912 343 1037 394 XXXIV.
1223 333 1285 395 477

137 455 242 529 tissimi
257 455 335 520 illius
348 456 447 521 odoris
459 456 507 541 qui
521 479 611 544 supra
624 459 722 524 omnia
736 470 782 525 est
794 461 949 545 imaginem
962 481 1030 525 esse
1045 473 1179 526 censent.
1212 460 1283 526 Non

137 558 242 623 desunt
254 557 333 622 inter
347 559 413 624 illos
427 559 477 644 qui
488 561 524 624 ad
538 581 641 644 equam
657 562 817 647 perducere
831 583 1079 649 supervacaneum
1094 563 1282 642 arbitrantur,

136 661 188 725 sed
211 661 306 724 oleum
331 682 405 746 aqna
427 672 616 747 temperatum
646 685 711 728 cnm
734 663 903 728 solennibus
926 664 1068 728 eiusmodi
1094 666 1282 744 carminibus,

136 762 232 847 qualia
255 783 309 826 nos
330 763 416 848 paulo
439 774 507 827 ante
529 763 698 842 retulimus,
734 765 911 829 initiatorum
937 765 1079 852 capitibus
1101 767 1281 851 inspergunt,

134 864 222 949 idque
235 865 348 928 demum
364 865 591 950 redemptionem
610 869 771 947 nominent,
795 890 965 952 quamquam
981 868 1111 932 balsamo
1125 869 1179 954 ipsi
1197 870 1282 932 etiam

134 965 289 1052 inungunt.
335 967 396 1032 Alii
416 979 519 1033 eontra
540 969 698 1051 repudiatis
718 970 754 1034 iis
777 970 912 1034 omnibus
936 982 1046 1054 negant
1067 971 1131 1035 eins
1153 971 1281 1047 virtutis,

135 1089 209 1152 qnae
228 1090 283 1134 neo
301 1070 393 1134 ceorlis
412 1071 493 1134 cerni
512 1091 567 1135 nec
582 1092 720 1136 sermone
738 1071 882 1136 declarari
903 1073 1012 1157 possit,
1042 1072 1212 1158 mysterium
1232 1093 1284 1158 per

134 1172 327 1258 aspectabiles
341 1173 600 1258 corruptibilesqoe
615 1185 766 1238 creaturas
781 1194 869 1258 posse
882 1175 1001 1259 perfici3
1019 1196 1132 1253 eornm,
1152 1175 1280 1259 inquam,

135 1294 210 1358 qnae
227 1275 432 1358 cogitationem
448 1297 562 1339 omnem
578 1276 707 1360 lugiunt,
731 1275 921 1361 corporisque
937 1288 1005 1340 snrrt
1022 1277 1172 1362 expertia,
1197 1279 1232 1340 ad
1249 1298 1281 1340 ea

134 1398 209 1462 quae
226 1377 361 1443 sensibus
376 1377 575 1463 percipiuntur
589 1398 789 1464 corporeaque
808 1389 875 1441 snut
889 1391 1025 1464 oportere
1043 1379 1165 1443 demitti.
1187 1422 1189 1427 -
1214 1377 1283 1442 l‘er·

134 1481 240 1543 lectam
263 1480 361 1565 itaque
383 1479 611 1565 redemptionem
635 1481 727 1566 ipsam
752 1501 819 1545 esse
839 1481 1046 1566 magnitudinis
1070 1480 1283 1566 inexplicabilis

133 1581 278 1645 notitiam.
330 1577 405 1648 Cum
428 1582 506 1646 enim
528 1583 659 1646 deiectus
682 1583 776 1647 omnis
803 1593 834 1646 et
855 1584 1034 1669 perturbatio
1057 1583 1093 1646 ab
1117 1584 1283 1667 ignorantia

135 1683 353 1769 proficiscatur,
387 1683 521 1768 quiequid
545 1704 586 1747 cx
608 1705 643 1748 ea
670 1685 824 1748 condatum
849 1697 911 1763 est,
944 1685 992 1749 illa
1014 1685 1128 1749 ratione
1153 1686 1280 1764 destrui,

133 1785 207 1849 adeo
222 1797 254 1850 nt
269 1785 396 1871 cognitio
413 1784 564 1850 interioris
580 1785 758 1850 sithominis
775 1788 953 1872 redemptio:
978 1808 1012 1851 ac
1029 1807 1123 1870 neque
1140 1808 1281 1873 corporea

134 1886 190 1966 sit,
213 1909 319 1973 corpus
337 1887 415 1952 enim
431 1887 627 1972 corruptionis
647 1909 741 1972 capax
758 1900 821 1968 est,
846 1910 899 1952 neo
918 1889 1067 1966 animalis,
1092 1891 1168 1972 qnod
1186 1891 1282 1953 antimo

134 2009 174 2053 ex
196 1991 310 2054 delectu
332 1989 489 2075 prodierit,
520 1991 616 2074 sitque
638 1987 875 2055 velut-Parentis
897 1990 1083 2054 domicilium.
1130 1987 1231 2074 Quare
1253 2004 1283 2056 et

133 2092 272 2178 spiritalis
290 2091 451 2178 redemptio
472 2093 511 2156 sit
533 2101 658 2178 oportet.
705 2089 821 2156 Etenim
841 2113 894 2177 per
910 2090 1037 2176 Moysen
1056 2093 1180 2157 interior
1196 2095 1281 2158 bomo

132 2216 168 2259 ac
189 2194 327 2280 spiritalis
347 2195 508 2259 redimitur.
553 2192 681 2258 Proinde
699 2197 902 2259 universorum
925 2215 958 2258 se
980 2215 1047 2258 esse
1065 2196 1165 2258 dicunt
1182 2196 1281 2280 cogni·

134 2298 213 2361 dune
235 2308 408 2378 contentos,
433 2316 555 2381 eamque
576 2317 744 2382 germanam
767 2297 995 2383 redemptionem
1018 2298 1174 2382 appellant.

516 2432 698 2485 HACTENUS
719 2432 894 2485 raubettus.

216 2604 301 2670 Hauc
320 2604 506 2668 beatissimus
527 2604 576 2668 itte
598 2624 694 2668 senex
712 2600 851 2668 irenaeus
874 2604 984 2667 erroris
1006 2604 1092 2668 istius
1114 2615 1278 2679 accuratam
1308 2616 1366 2682 cap.

130 2706 349 2793 inquisitionem
364 2706 500 2784 institnit,
524 2726 697 2790 omnemque
712 2705 901 2770 commentitii
919 2707 1062 2790 dogmatis
1077 2706 1183 2770 seriem
1202 2708 1279 2771 ordi·
1296 2685 1381 2735 XXH·

132 2830 258 2896 nemque
275 2809 435 2897 proposuit.
481 2804 697 2891 Quamobrem,
721 2820 753 2873 ut
774 2809 857 2872 initio
874 2811 997 2895 praelati
1015 2830 1133 2887 sumus,
1156 2809 1193 2873 iis
1210 2831 1280 2873 con·

132 2911 205 2977 tenti
220 2933 295 2997 quae
312 2911 413 2976 abillo
430 2933 536 2996 magno
553 2912 649 2975 studio
666 2921 735 2975 snut
750 2910 916 2989 elaborata,
947 2923 1051 2977 cuncta
1069 2923 1155 2996 prout
1170 2911 1199 2974 in
1215 2913 1278 2975 eins

130 3034 220 3100 opere
236 3015 423 3080 continentur
437 3013 473 3078 ad
490 3013 610 3080 verbnm
625 3013 846 3100 exscripsimus.
892 3011 992 3078 Facile
1007 3016 1085 3079 enim
1101 3015 1190 3078 exiis
1205 3035 1279 3098 qnae

130 3117 357 3182 uenustissime
378 3118 442 3182 viro
466 3117 502 3181 od
524 3115 602 3180 illins
626 3116 814 3180 refellendam
838 3117 1051 3202 improbitatem
1076 3118 1189 3202 prodita
1213 3129 1281 3180 sunt

130 3220 225 3284 everti
247 3219 452 3305 profligarique
475 3229 622 3306 poterunt.
666 3216 734 3282 Nos
755 3220 832 3282 enim
855 3221 882 3282 id
906 3221 981 3303 qnod
1002 3220 1109 3283 veritos
1128 3219 1191 3304 ipsa
1210 3238 1279 3302 prae

129 3342 163 3385 se
179 3321 297 3386 omnino
314 3323 382 3401 lert,
406 3323 539 3408 qnodque
554 3333 584 3386 et
599 3321 726 3407 prudens
740 3322 814 3385 ratio
831 3324 985 3406 persuadet
1000 3332 1030 3385 et
1043 3322 1176 3384 veritatis
1194 3341 1280 3403 regu·

128 3424 176 3489 lae
195 3435 423 3488 consentaneum
443 3436 505 3504 est,
539 3424 596 3508 legi
613 3444 647 3487 ao
665 3422 812 3509 propbetis
833 3436 863 3487 ct
878 3424 1068 3509 patriarchis,
1099 3423 1147 3506 qui
1164 3422 1219 3486 sibi
1235 3424 1280 3486 iu·

129 3527 224 3591 vicem
247 3538 469 3604 successerunt,
501 3547 554 3590 nee
577 3547 634 3589 non
658 3536 715 3590 tom
738 3527 894 3591 salvatoris
916 3528 1006 3611 ipsius
1029 3547 1111 3609 qnam
1132 3524 1279 3609 apostolo-

128 3650 194 3692 rum
213 3629 364 3693 doctrinae
381 3629 545 3708 credimus,
576 3629 716 3713 aquibus
734 3631 887 3695 manifeste
908 3629 1058 3692 didicimus
1081 3648 1167 3690 unum
1190 3628 1279 3691 eonii·

129 3730 185 3794 teri
204 3733 288 3795 deum
305 3731 510 3796 universorum
529 3741 641 3817 patrem
658 3730 903 3817 omnipotentem,
927 3752 962 3795 ae
980 3730 1126 3793 dominum
1146 3739 1278 3793 nostrum

129 3830 227 3897 lesum
244 3829 412 3913 Christum,
437 3842 467 3897 et
482 3829 621 3919 Spiritum
639 3846 788 3912 sanctum,
816 3855 901 3897 unam
917 3843 1045 3896 sanctam
1062 3833 1278 3915 increatamque

129 3935 305 4015 trinitatem3
338 3957 402 4000 cnm
425 3945 524 3999 cetera
546 3947 612 4021 post
629 3935 748 4001 Patrem
768 3948 798 4000 et
811 3933 922 3999 'Ftttum
940 3947 969 3999 et
986 3933 1128 4021 Spiritum
1145 3945 1276 3998 sanetum

129 4057 169 4102 ex
190 4037 280 4102 nihilo
303 4038 442 4123 producta
463 4037 532 4101 sint.
579 4036 664 4122 Quae
683 4039 796 4123 quidem
816 4039 912 4101 omitia
929 4059 993 4101 utrm
1009 4037 1046 4101 iis
1063 4057 1136 4122 qnos
1152 4057 1278 4100 comme·

127 4140 241 4204 moravi
262 4139 454 4204 sanctissimis
476 4139 566 4219 viris,
597 4141 764 4227 propinetis,
794 4141 983 4225 evangelistis
1005 4153 1034 4204 et
1052 4139 1191 4227 apostolis
1213 4140 1277 4204 sino

128 4241 186 4306 ullu
203 4242 389 4327 ambignitate
411 4240 522 4305 credita
541 4244 734 4327 confessaque
754 4243 880 4320 luerint,
912 4242 1007 4307 nullae
1027 4243 1169 4308 eiusmodi
1191 4253 1279 4306 erunt

128 4355 209 4409 artes
230 4365 265 4408 ac
286 4343 478 4432 praestigiae,
509 4364 583 4428 qnae
606 4345 739 4412 veritatis
761 4345 819 4410 lnei
841 4366 876 4410 oc
896 4345 1042 4432 splendori
1064 4346 1178 4430 possint
1199 4344 1277 4409 obsi·

170 4566 195 4619 2
212 4568 320 4620 mnodo
336 4561 397 4631 des,
