3046 5084
286 350 347 413 262
710 357 830 408 ειαατι
848 357 1018 408 εειειιιαιι

284 481 426 558 λεσθῆναι
439 474 492 540 τόν
507 472 591 539 οίκον
604 478 719 556 κυρίου.
763 475 824 538 Καί
840 472 935 547 ούτως
948 469 1092 552 λαμβάνει
1106 470 1140 536 τό
1158 472 1240 556 ὕδωρ
1257 474 1289 538 ἐν
1301 477 1338 562 τῇ
1351 476 1442 558 χειρί,

285 581 337 643 καλ
350 582 444 661 βαίνει
457 574 569 663 έκάστρι
587 573 739 658 ὖφόρνακι
754 576 787 639 ἐκ
802 580 857 639 τοῦ
871 573 988 648 ύδατος.
1021 574 1082 637 Καί
1096 571 1230 638 άνελύετο
1243 573 1297 656 μέν
1310 572 1346 638 τά
1360 573 1443 660 φάρ-

286 705 376 762 μακα,
397 676 431 743 τό
444 684 504 761 πῦρ
518 677 550 742 δέ
564 674 693 741 ἐνώπιον
705 674 824 740 πάντων
837 673 1055 758 άνεβλύστανεν.
1101 678 1141 739 Οί
1153 675 1186 739 δέ
1199 674 1343 754 παρόντες
1357 675 1442 758 όχλοι

287 779 512 866 κραυγάσαντες,
530 775 586 853 Ele
596 776 670 853 ’θεός
681 773 700 842 ό
712 781 837 859 βοηθοῦν
846 785 908 852 τοῖς
920 783 1118 860 Χριστιανοῖς,
1132 773 1328 861 ἀνεχώρησαν.
1357 783 1441 843 Πολ·

288 881 371 958 λάκις
384 882 416 946 δέ
431 878 603 945 κακούντων
616 876 668 943 τόν
682 877 776 964 άνδρα
793 881 928 954 ἐκείνων,
950 880 991 952 είς
1005 876 1129 961 ὕστερον
1144 879 1233 961 μέρος
1247 904 1276 943 τι
1291 885 1345 944 τοῦ
1360 886 1441 944 ναοῦ

286 984 320 1050 ἐν
336 980 486 1066 Τιβεριάδι
506 978 721 1062 οἰκοδομήσας,
751 982 802 1044 καί
823 977 931 1063 μικράν
949 980 1102 1061 ἐκκλησίαν
1119 977 1310 1058 άποτελέσας,
1339 979 1442 1057 ούτως

287 1088 404 1151 ἐκεῖθεν
415 1081 610 1165 ἀνεχώρησεν,
631 1083 664 1145 ἐν
677 1079 868 1147 Σκυθοπόλει
882 1080 915 1144 δέ
928 1077 1025 1144 ἐλθών
1038 1082 1212 1162 κατέμεινεν.
1253 1078 1303 1145 Ἐν
1317 1091 1441 1147 Διοκαι·

290 1190 390 1272 σαρείμ
408 1185 455 1262 δέ,
484 1186 536 1248 καὶ
553 1181 652 1257 άλλαις
665 1183 723 1246 τισί
736 1187 849 1256 τελείως
867 1178 1046 1269 ρι’κοδόμησε.
1093 1189 1194 1247 Ταῦτα
1209 1183 1241 1248 δέ
1255 1184 1440 1267 πραχθέντα,

288 1289 340 1351 καί
356 1284 487 1351 ἐνταῦθά
502 1310 553 1365 μοι
567 1284 785 1365 ἐπιμνησθέντα
800 1285 898 1348 ἕνεκεν
913 1290 965 1364 τῆς
981 1290 1040 1348 τῶν
1057 1287 1166 1365 βίβλων
1183 1285 1352 1370 ἑρμηνείας,
1373 1293 1443 1363 πῶς

289 1385 348 1453 άπό
361 1385 528 1468 Ἑλληνίδος
542 1384 575 1451 τό
588 1383 663 1450 κατά
676 1383 815 1466 Ἰωάννην
827 1382 993 1469 εύαγγέλιον
1008 1387 1050 1460 είς
1063 1383 1203 1471 Ἑβραΐδα
1219 1388 1364 1467 μετέπεσε,
1386 1390 1439 1452 καί

289 1492 323 1554 αί
338 1487 467 1572 Πρύξεις
481 1494 540 1552 τῶν
554 1484 755 1565 Ἀποστόλων,
784 1488 840 1561 ἕως
855 1478 914 1551 ώδε
929 1484 965 1551 τά
980 1492 1035 1569 τῆς
1052 1490 1181 1571 ίσισρίας
1197 1490 1246 1552 καλ
1262 1485 1441 1574 ύφηγὴσειις

289 1592 383 1673 ἐχέτω.

138 1706 206 1773 Κεφ.
231 1705 271 1773 ιχ.
373 1689 525 1771 Ἐπάνειμι
538 1689 570 1754 δέ
586 1687 640 1771 την
655 1688 729 1754 κατά
742 1687 881 1771 Ἐβίωνος
896 1687 1073 1771 ποιούμενος
1086 1686 1276 1756 άκολουθίαν.
1307 1689 1368 1755 Διά
1383 1690 1440 1777 γάρ

289 1793 322 1859 τό
338 1792 413 1858 κατά
430 1799 594 1856 Ματθαῑον
610 1788 776 1875 εύαγγέλιον
792 1789 907 1874 προϊών
931 1787 950 1856 ό
969 1790 1055 1875 λόγος
1075 1788 1128 1872 την
1152 1789 1336 1858 σίκολουθίαν
1361 1802 1440 1878 1τῆς

290 1898 333 1971 είς
345 1892 425 1977 ἡμᾶς
440 1891 585 1974 ἐλθούσης
600 1891 733 1977 γνώσεως
747 1894 940 1976 παραθέσθαι
958 1890 1130 1977 ἠνάγκασεν.
1157 1890 1208 1957 Ἕν
1223 1901 1263 1982 τῷ
1279 1901 1350 1979 γοῦν
1368 1894 1439 1981 παρ’

290 1994 392 2070 αὐτοῖς
406 1993 561 2083 εὐαγγελίῳ
577 1991 653 2058 κατά
671 2001 836 2058 Ματθαῖον
853 1990 1073 2082 όνομαζομένρι,
1104 1992 1158 2077 ούχ
1183 1994 1265 2079 θόλῳ
1283 1997 1315 2061 δέ
1331 2004 1439 2083 πληρε-

291 2097 402 2186 στάτῳ,
425 2094 495 2161 άλλά
515 2097 719 2183 νενοθευμένηι
741 2097 793 2159 καί
809 2092 1073 2183 ἠκρωτηριασμένιμ
1095 2093 1271 2181 (Ἑβραίκόν
1294 2099 1327 2164 δέ
1347 2107 1437 2167 τοῦτο

291 2204 457 2285 καλοῦσιν),
488 2199 658 2281 ἐμφέρεται,
687 2196 748 2275 ότι,
777 2195 907 2282 Ἐγέυετό
930 2223 976 2272 τις
997 2195 1071 2281 άυηρ
1095 2195 1218 2280 όνόματι
1237 2197 1366 2283 Ἰησοῦς,
1386 2205 1440 2267 καί

290 2297 379 2375 αύτός
391 2298 431 2375 ώς
447 2302 520 2364 ἐτοῖν
538 2298 704 2383 τριάκοντα,
726 2298 760 2373 δς
777 2301 919 2375 ἐξελέξατο
935 2296 1021 2381 ἡμᾶς.
1066 2301 1127 2363 Kal
1145 2298 1243 2366 ἐλθών
1256 2304 1299 2378 είς
1311 2308 1436 2387 Καφαρ-

289 2401 386 2484 ναούμ
402 2404 535 2483 είςῆλθευ
547 2404 589 2476 είς
603 2399 656 2482 την
676 2404 773 2466 οίκίαν
790 2405 928 2481 Σίμωνος
941 2408 995 2466 τοῦ
1014 2403 1222 2483 ἐπικληθέντος
1236 2406 1362 2490 Πίερον,
1384 2407 1437 2470 καί

289 2501 408 2580 άνοίξας
427 2503 462 2568 τό
477 2501 570 2585 στόμα
591 2499 684 2566 αύτοῦ
701 2499 779 2580 είπε,
810 2500 1036 2587 Παρερχύμενος
1058 2500 1140 2586 παρά
1159 2502 1213 2586 την
1229 2509 1331 2589 λίμνην
1351 2509 1435 2588 Τιβε.

290 2605 393 2686 ριάδος
410 2603 578 2685 ἐξελεξάμην
590 2601 730 2683 Ἰωάννην
747 2605 798 2668 καί
812 2600 953 2685 Ἰάκωβον
965 2601 1051 2680 υἱούς
1070 2608 1248 2686 Ζεβεδαίου,
1268 2608 1319 2672 καί
1335 2610 1435 2690 Σίμω-

291 2733 344 2784 να,
373 2709 423 2771 καὶ
447 2704 601 2788 Ἀνδρέαν,
630 2705 680 2769 καί
702 2708 869 2783 Θαδδαῖον,
897 2707 949 2769 καὶ
972 2709 1095 2787 Σίμωνα
1121 2706 1173 2772 τόν
1200 2706 1356 2792 Ζηλωτὴν,
1382 2711 1436 2775 καλ

290 2806 404 2873 Ἰούδαν
417 2805 469 2872 τόν
486 2804 688 2891 Ἰσκαριώτην,
708 2808 760 2871 καί
774 2807 814 2882 σέ,
835 2803 888 2873 τόν
902 2814 1083 2887 Ματθαίον,
1105 2808 1305 2893 καθεζόμενον
1319 2812 1369 2879 ἐπί
1382 2818 1438 2878 τοῦ

290 2913 431 2974 τελωνίαν
447 2907 582 2987 ἐκάλεσα,
603 2910 653 2973 καί
668 2905 877 2990 ἠκολούθησάς
900 2935 960 2990 μοι.
1002 2906 1099 2991 Ὗμᾶς
1120 2903 1177 2976 ούν
1196 2910 1344 2997 βούλομαι
1363 2909 1439 2981 είνιιι

291 3009 418 3076 δεκαδύο
441 3008 640 3087 άποσεόλονς,
663 3012 704 3084 είς
719 3009 878 3095 μαρτύριον
896 3018 950 3075 τοῦ
967 3008 1088 3097 Ἰσραήλ
1133 3014 1194 3078 Καί
1214 3016 1328 3100 ἐγένετο
1341 3013 1438 3083 Ἰωάν·

291 3138 344 3195 νης
360 3116 516 3194 βαπτίζων,
537 3114 589 3177 καλ
605 3114 730 3194 ἐξῆλθον
747 3109 824 3195 πρός
839 3109 931 3177 αύτόν
949 3119 1118 3197 Φαρισαῖοι,
1139 3117 1191 3181 καλ
1205 3117 1439 3201 ἐβαπτίσθησαν,

166 3251 218 3296 μς.
231 3240 276 3284 ιιι.
292 3217 344 3280 καλ
360 3220 440 3279 πᾶσα
454 3211 647 3299 Ἰεροσόλυμα.
692 3216 753 3277 Καί
772 3209 846 3297 εἶχεν
866 3211 885 3279 ό
903 3212 1041 3296 Ἰωάννης
1056 3217 1171 3298 ίνδυμα
1184 3214 1244 3282 άπδ
1260 3226 1367 3303 τριχοῦν
1384 3246 1440 3285 κα-

292 3316 412 3402 μήλου,
430 3319 479 3382 καί
498 3313 593 3397 ζώνην
607 3320 781 3400 δερματίνην
801 3317 870 3401 περί
891 3314 944 3399 τὴν
960 3315 1059 3396 όσφῦν
1078 3315 1186 3397 αύιοῦ,
1215 3320 1267 3384 καί
1281 3318 1314 3385 τό
1329 3323 1439 3404 βρῶμα

292 3419 400 3500 αύτοῦ,
421 3421 513 3501 φησί,
540 3420 604 3500 μέλι
622 3416 740 3503 άγριον,
769 3411 807 3484 ού
830 3416 966 3504 ἦγεῦσις
982 3411 1019 3502 ἦν
1036 3427 1090 3486 τοῦ
1108 3419 1218 3503 μάννα,
1248 3418 1290 3497 ώς
1314 3423 1440 3507 *ἐγκρλς

292 3525 324 3587 ἐν
338 3526 437 3611 ἐλαίῳ·
457 3524 508 3586 ίνα
525 3524 620 3603 δῆθεν
636 3523 856 3606 μεταστρέψωσι
870 3520 921 3585 τόν
934 3528 988 3603 τῆς
1005 3519 1144 3604 άληθείας
1157 3519 1246 3608 λόγον
1257 3526 1300 3600 είς
1311 3526 1439 3605 ψεῦδος,

292 3625 342 3688 καλ
357 3623 424 3688 άντί
437 3622 582 3710 ’Λκρίδων
598 3621 922 3707 ποιήσωσινἘγκρίδας
936 3625 970 3689 ἐν
984 3625 1084 3705 μέλιτι.
1113 3622 1152 3689 Ἡ
1162 3625 1195 3691 δέ
1210 3622 1285 3711 άρχτὶ
1301 3632 1356 3693 τοῦ
1369 3622 1440 3713 παρ’

293 3721 394 3800 αύτοῖς
410 3723 578 3810 εύαγγελίου
595 3727 651 3808 έχει
664 3724 727 3804 ότι,
754 3722 883 3810 Ἐγένετο
901 3727 934 3790 ἐν
950 3734 1014 3801 ταῖς
1030 3723 1155 3811 ἡμέραις
1166 3724 1302 3815 Ἡρώδου
1315 3735 1372 3795 τοῦ
1384 3733 1440 3812 βι-

292 3826 392 3900 σιλέως
407 3832 458 3908 τῆς
469 3825 629 3908 Ἰουδαίας,
650 3820 742 3911 ἦλθεν
754 3824 898 3909 Ἰωάννης
910 3832 1057 3909 βαπτίζων
1070 3828 1223 3913 βάπτισμα
1237 3834 1393 3914 μετανοίας
1405 3832 1440 3899 ἐν

291 3933 333 4014 τῷ
350 3923 490 4016 Ἰορδάνῃ
505 3937 644 4017 ποταμῷ,
674 3928 708 4005 δς
726 3931 836 4014 ἐλέγετο
854 3926 930 3995 είναι
948 3933 982 3996 ἐκ
999 3932 1103 4016 γένους
1119 3930 1236 4018 Ἀαρών
1255 3940 1311 3999 τοῦ
1326 3934 1440 4019 ίιρίος,

293 4036 366 4104 παῖς
381 4034 531 4110 Ζαχαρίου
545 4033 597 4096 καί
609 4029 773 4113 Ἐλισάβετ,
793 4033 845 4097 καί
861 4030 1015 4115 ἐξήρχοντο
1029 4032 1105 4118 πρός
1121 4031 1214 4099 αύτδν
1227 4032 1344 4110 πάντες.
1374 4036 1440 4101 m

292 4129 363 4213 μετά
376 4127 410 4195 τό
426 4131 519 4194 εἰπεῖν
533 4133 625 4197 πολλά
642 4134 775 4217 ἐπιφέρει
791 4132 854 4214 ότι,
887 4141 948 4199 Τοῦ
967 4143 1042 4200 λαοῦ
1057 4136 1272 4218 βαπτισθέντος
1289 4128 1365 4218 ἦλθε
1384 4138 1441 4203 καί

291 4230 424 4312 Ἰησοῦς,
445 4231 496 4295 καί
511 4234 677 4317 ἐβαπτίσθη
694 4216 823 4301 ύπότοῦ
838 4233 993 4303 Ἰωάννου.
1030 4240 1092 4303 Καί
1108 4235 1149 4314 ώς
1163 4234 1293 4321 όνῆλθεν
1306 4234 1368 4305 duo*
1382 4245 1440 4305 τοῦ

292 4330 415 4412 ῦδατος,
436 4330 596 4418 ἠνοίγησαν
612 4339 644 4400 οί
656 4334 789 4419 ούρανολ,
811 4341 863 4403 καλ
881 4335 940 4405 είδε
953 4337 987 4403 τό
1001 4347 1117 4421 πνεῦμα
1136 4344 1216 4404 4τοῦ
1229 4346 1307 4405 θεοῦ
1320 4340 1354 4405 ἐν
1368 4342 1441 4409 είδιι

284 4455 286 4459 ¹
326 4491 350 4540 5.
367 4489 488 4555 φαύρνακι
503 4493 554 4540 cod„
569 4492 666 4552 ίλίιιιλις.
881 4502 949 4546 ratur
963 4499 990 4547 ιἰι
1004 4499 1140 4561 Mem,
1154 4499 1264 4549 τουτονί
1277 4510 1308 4548 ιτ
1318 4498 1372 4551 al.
1380 4498 1441 4551 m·

327 4556 386 4608 οιι.
400 4559 471 4608 xm.
495 4588 527 4596 -
561 4561 583 4609 1.
601 4560 663 4622 τῆς,
680 4560 744 4621 αισι
758 4561 848 4611 ουτοι.
881 4564 931 4625 σιμ
947 4569 969 4614 α
984 4566 1039 4615 ιιι.
1053 4569 1129 4627 μήτε
