3046 5084
631 347 797 402 EPlPHANll
815 347 993 399 austeusto

234 773 312 873 πρὸς
336 772 412 860 τοῦς
438 775 509 871 περὶ
525 772 680 849 Ἀκάναον
706 778 766 846 καὶ
784 779 917 848 Παῦλον
941 779 1174 871 πρεσβυτέρους
1195 769 1258 845 ὑπὸ
1281 769 1383 845 αὐτοῦ

256 892 469 992 Ἐπιφανίου,
496 893 573 990 πρὸς
597 893 643 965 τοὶ
667 889 720 963 ὑπ’
749 890 857 962 αὐτῶν
883 891 973 989 αὐτῷ
992 899 1177 990 γραφέντα,
1204 892 1276 988 περὶ
1300 897 1358 963 τοῦ

536 1009 630 1081 κατοὶ
649 1012 797 1105 αἱρέσεων
818 1005 945 1104 γράψαι
971 1007 1081 1081 αῦτύν.

319 1177 443 1256 Κυρίαις
463 1169 646 1252 τιμιωτάτοις
666 1169 806 1250 άδελφοῖς
825 1171 877 1234 καί
897 1166 1162 1255 συμῦρεσβυτίροις
1182 1172 1310 1263 Ἀκακίρι
1333 1175 1385 1237 καί

236 1274 347 1363 Παύλῳ
367 1270 542 1352 Ἐπιφάνιος
564 1274 595 1337 ἐν
615 1277 708 1360 κυρίῳ
729 1275 846 1354 χαίρειν.

319 1355 502 1461 Προοίμιον,
533 1371 582 1438 εἴτ’
609 1367 663 1439 ούν
689 1371 805 1451 λαλιάν,
842 1371 1031 1458 Ῑέπιγραφήν
1053 1372 1148 1457 ῶςπερ
1171 1376 1385 1460 διαγράφοντες

233 1480 352 1543 παλαιοί
368 1484 546 1562 συγγραφεῖς
560 1474 609 1540 διά
621 1483 674 1540 τοῦ
689 1478 861 1560 αἰνίγματος
872 1473 1025 1555 ύπόφασιν
1039 1478 1189 1542 ἐδείκνυον
1202 1476 1298 1558 πάσης
1309 1475 1382 1542 ύπο·

235 1581 369 1660 κειμένης
385 1581 591 1661 πραγματείας.
623 1577 722 1641 Ὅθεν
737 1579 788 1642 καλ
804 1575 890 1642 αύτολ
902 1584 943 1665 τῷ
961 1575 1040 1666 αύτῷ
1056 1578 1226 1660 κεχρημένοι
1240 1587 1384 1662 χαρακτή-

233 1708 263 1766 ρι
278 1678 531 1763 προοιμιαζόμεθα
549 1677 634 1761 ύμῖν,
663 1677 823 1763 άγαπητολ,
852 1677 912 1742 Ἃτά
927 1686 980 1760 τῆς
993 1677 1068 1743 κατά
1087 1681 1225 1762 αἱρέσεων
1242 1677 1385 1761 αἰτήσεως

232 1780 334 1864 ύμῶν,
365 1783 396 1847 ἐν
413 1777 499 1868 άλίγρ)
515 1778 569 1861 τήν
584 1779 711 1862 δύναμιν
729 1778 1038 1863 άνακεφαλαιούμενοι.
1079 1779 1199 1863 Ἐσιειδή
1215 1779 1270 1865 γάρ
1286 1782 1382 1862 μέλλο-

233 1908 287 1967 μεν
301 1881 372 1964 ύμῖν
387 1880 422 1946 τά
439 1907 468 1945 τε
484 1880 614 1964 α’νύματα
630 1888 689 1946 τῶν
707 1884 845 1967 αίρέσεων
861 1886 978 1964 δηλοῦν,
1000 1881 1053 1958 τάς
1068 1908 1099 1947 τε
1113 1881 1182 1967 παρ’
1198 1881 1300 1958 αύτοῖς
1313 1880 1382 1946 άθε-

234 1989 336 2068 μίτους
359 1983 479 2069 πράξεις
504 1981 729 2062 άνακαλύπτειν,
761 1983 857 2070 ῶςπερ
883 1983 946 2059 ίούς
968 1986 1020 2049 καλ
1039 1984 1199 2069 δηλητήρια
1215 1982 1299 2063 ὅντα,
1330 1982 1384 2049 σύν

233 2083 334 2161 αύτοῖς
353 2087 385 2150 δέ
402 2084 463 2167 άμα
481 2087 533 2149 καὶ
549 2083 722 2162 άντιδύτους
739 2086 994 2171 ἐφαρμοσάμενοι,
1017 2083 1188 2172 ἀλεξητήρια
1204 2094 1263 2151 τῶν
1281 2092 1384 2173 δεδηγ-

232 2190 329 2271 μὲνων
349 2188 401 2251 καί
422 2188 678 2271 προκαταληπτικά
702 2197 761 2254 τῶν
782 2187 940 2271 μελλόντων
958 2191 1000 2261 είς
1017 2196 1104 2253 τοῦτο
1123 2192 1291 2271 ἐμπίπτειν,
1320 2198 1384 2264 τοῖς

232 2288 403 2369 φιλοκάλοις
419 2289 620 2375 διαγράφομεν
641 2289 713 2355 αύτδ
736 2297 823 2354 τοῦτο
846 2287 878 2351 eti
907 2293 1100 2371 3προοίμιον,
1132 2288 1304 2375 Πανάριον,
1333 2288 1382 2355 εί’τ’

232 2383 287 2456 οῦν
312 2389 451 2474 κιβώτιον
473 2392 606 2479 ίατρικδν
626 2395 678 2456 καλ
695 2387 943 2474 θηριοδηιιτικδν,
975 2391 1197 2474 ἑρμηνεύοντες,
1226 2392 1298 2476 ὅπερ
1322 2394 1383 2458 ἐστί

231 2491 280 2557 διά
296 2497 416 2577 βιβλίων
433 2501 523 2578 τριῶν
544 2496 669 2576 αἱρέσεις
683 2490 881 2576 ὁγδοήκοντα,
909 2494 1017 2566 αίτινές
1034 2496 1087 2557 είσι
1104 2499 1236 2577 θηρίων,
1259 2492 1309 2559 εἴτ’
1327 2487 1382 2559 οὖν

230 2598 375 2681 ἑρπετῶν,
405 2599 593 2678 4αίνίγματα.
638 2597 707 2656 Μία
728 2593 760 2657 δὲ
780 2591 851 2674 μετά
865 2590 919 2668 τάς
936 2591 1118 2679 ὀγδοήκοντα
1135 2592 1156 2677 ή
1173 2604 1226 2679 τῆς
1241 2594 1383 2678 άληθείας

230 2696 316 2778 βάσις
337 2697 398 2777 άμα
421 2698 473 2758 καί
495 2698 682 2768 διδασκαλία,
710 2697 762 2758 καί
784 2694 926 2780 σωτήριος
948 2700 1146 2780 πραγματεία,
1175 2700 1225 2762 καί
1251 2704 1382 2783 Χριστοῦ

230 2796 335 2878 νύμφη
360 2794 428 2880 άγία
451 2796 603 2877 ἐκκλησία,
635 2789 710 2860 orion
733 2797 785 2879 μὲν
810 2794 859 2861 ἄπ’
880 2800 1005 2875 αἰῶνος,
1035 2797 1084 2862 διά
1109 2800 1141 2863 δέ
1162 2806 1216 2881 τῆς
1238 2799 1382 2885 ἐνσάρκου

192 2897 197 2909 ’
234 2903 366 2980 Χριστοῦ
392 2902 555 2980 παρουσίας
580 2896 655 2962 κατά
677 2897 731 2981 τήν
752 2897 890 2982 διαδοχήν
912 2906 967 2964 τοῦ
990 2897 1098 2984 χρόνου
1119 2902 1207 2982 μέσον
1229 2908 1289 2965 τῶν
1310 2926 1382 2984 προ-

232 2998 393 3098 ειρημένων
406 2996 661 3079 άποκαλυφθεῖσα,
682 3002 734 3066 καί
750 2998 803 3081 nio?
817 2999 902 3083 ήμῶν
917 3003 949 3066 ἐν
964 2999 1128 3085 ύπομνήσει
1143 3001 1193 3067 διά
1207 3012 1260 3067 τοῦ
1274 3001 1381 3087 κηρύγ-

230 3125 322 3184 ματος
345 3106 475 3185 Χριστοῦ
497 3109 651 3183 ταχθεῖσα,
681 3105 732 3167 καλ
758 3102 847 3168 πάλιν
869 3101 940 3185 μετά
967 3102 1063 3179 πάσας
1090 3103 1143 3178 τάς
1162 3110 1221 3167 τῶν
1242 3106 1382 3187 αἱρέσεων

229 3200 343 3270 τούτων
366 3205 531 3286 μοχθηρίας
552 3205 593 3278 είς
610 3201 765 3287 άναψυχήν
787 3212 847 3269 τῶν
867 3203 919 3269 niv
936 3204 1070 3287 κάματον
1090 3212 1150 3268 τῶν
1168 3206 1307 3288 αίρέσεων
1332 3203 1382 3267 διά

229 3313 282 3388 τῆς
299 3303 491 3392 άναγνῶσεως
506 3303 683 3369 διελθόντων
701 3304 754 3386 ύφ’
770 3304 856 3389 ήμῶν
872 3304 931 3388 μετ’
947 3310 1090 3389 ἐπιτομῆς
1108 3312 1162 3370 τοῦ
1179 3304 1285 3391 λόγου,
1306 3302 1381 3368 κατά

230 3405 284 3488 τήν
302 3417 362 3475 τῶν
384 3404 557 3475 άποστύλων
579 3410 784 3487 διδασκαλίαν,
807 3415 911 3488 σαφῶς
933 3406 1158 3493 άπαγγελθεῖσα.

207 3559 214 3575 .
316 3510 534 3600 Παρακλήθητε
553 3509 585 3574 δέ
605 3506 711 3583 πάντες
730 3513 762 3574 οἱ
778 3508 944 3589 φιλοκάλως
959 3509 1181 3594 ἐντυγχάνοντες
1199 3512 1240 3596 τῷ
1257 3529 1287 3569 τε
1308 3529 1380 3588 προ-

232 3611 318 3696 οιμίῳ
339 3616 390 3676 καλ
415 3624 480 3691 ταῖς
500 3613 651 3697 μετέπειτα
675 3612 817 3695 αίρὲσεσι,
844 3612 896 3675 καὶ
918 3618 955 3699 τῇ
978 3613 1046 3695 περὶ
1070 3608 1211 3690 άληθείας
1236 3605 1380 3696 άπολογίρι

232 3734 263 3775 τε
282 3711 331 3775 καλ
350 3715 521 3804 διδασκαλίᾳ
541 3721 596 3798 τῆς
612 3709 767 3795 άληθείας,
794 3714 847 3778 καλ
862 3716 955 3776 πίστει
975 3719 1027 3793 τῆς
1049 3709 1134 3796 άγίας
1151 3717 1314 3794 καθολικής
1334 3714 1381 3778 ἐκ·

265 3865 287 3917 1.
305 3869 332 3916 ln
354 3869 421 3916 editis
437 3871 569 3922 distinctum
590 3878 622 3924 εεί
645 3875 694 3922 tto:
718 3869 788 3937 Προ-
824 3867 850 3918 in
864 3868 967 3918 brevem
979 3884 1098 3917 summam
1114 3866 1266 3935 colligentes.
1292 3870 1379 3932 Quan-

231 3932 317 4000 οίμιον,
331 3928 375 3986 εἴτ’
388 3923 430 3985 σύν
441 3933 525 3986 λαλιάν
536 3936 684 4005 ἐπιγραφήν,
699 3933 785 4005 ῶσπερ
825 3935 959 4004 doquidern
974 3935 1040 3985 cnim
1055 3935 1201 3987 declaraturi
1214 3956 1295 3988 sumus
1308 3935 1380 3988 vobis

231 3999 410 4069 διαγράφοντες
431 4008 481 4052 cett.
517 4005 642 4058 cnncnus
662 4012 787 4059 οοαυενίιλι
825 4015 851 4056 et
868 4004 970 4056 nomina
986 4013 1122 4066 sectarum,
1148 4017 1174 4056 et
1190 4007 1297 4057 nefarias
1313 4001 1381 4070 apud

229 4069 405 4132 „Prooemium
423 4068 475 4118 sive
492 4071 671 4136 praefationem
689 4087 786 4126 veteres
824 4072 891 4141 ipsos
903 4073 1012 4123 actiones
1023 4073 1163 4138 revelaturi,
1178 4093 1240 4143 quae
1254 4073 1323 4123 vclut
1334 4085 1379 4118 vc·

229 4138 378 4204 scriptores,
397 4137 465 4186 velut
478 4136 662 4204 inscriptionem
676 4160 706 4193 ac
722 4144 787 4193 titu·
824 4158 889 4192 nena
906 4159 935 4192 ac
945 4141 1028 4193 toxica
1041 4142 1162 4195 existunt:
1180 4159 1235 4193 cum
1251 4139 1311 4207 ipsis
1322 4153 1381 4186 sanc

229 4205 281 4256 lum
303 4205 485 4266 describentes,
510 4220 556 4271 per
577 4207 687 4273 aenigma
709 4212 786 4261 totius
824 4210 899 4261 etiam
923 4210 1050 4261 antidotos
1067 4211 1229 4281 adaptantes,
1255 4204 1382 4257 auxiliatia

229 4272 356 4324 subiectae
369 4272 525 4323 tractationis
537 4271 654 4323 indicium
664 4278 786 4342 praebue-
824 4295 1018 4330 commorsornm
1035 4280 1216 4331 medicamenta
1233 4283 1259 4324 ct
1274 4289 1380 4340 praeoc-

230 4351 304 4391 runt:
325 4341 408 4391 νῶθ’
427 4347 478 4392 tell·
824 4348 938 4415 cupativa
952 4365 1037 4398 corum
1054 4350 1095 4416 qni
1113 4349 1180 4396 forte
1197 4340 1306 4408 illapsnri
1322 4334 1380 4403 sirit,

262 4409 287 4460 2.
307 4412 450 4461 Comuntur:
468 4438 520 4471 „-
530 4407 672 4477 praefamur
684 4411 716 4461 ad
731 4431 784 4475 vos,
822 4415 944 4466 bonarum
967 4434 1047 4466 rerum
1070 4411 1187 4464 studiosis
1211 4408 1378 4470 describimus,

229 4476 357 4538 carissimi,
369 4495 398 4527 ea
409 4477 511 4545 quaead
521 4476 669 4545 petitionem
678 4490 785 4531 vestram
822 4482 871 4533 hoc
887 4484 967 4548 ipsum
983 4481 1139 4549 prooemium
1156 4476 1302 4537 Penatium,
1327 4476 1379 4527 sive

229 4555 316 4597 contra
332 4546 445 4597 haereses
457 4546 606 4614 scripsimus,
623 4562 720 4596 omnem
733 4566 784 4599 rem
824 4550 953 4617 capsulam
968 4550 1097 4608 medicant,
1114 4556 1139 4596 et
1155 4543 1271 4594 adversus
1285 4544 1379 4596 bcstia-
