3046 5084
162 327 223 391 388
584 334 705 385 ειαυτι
724 334 894 384 εειετιιιειι

162 455 194 522 τό
215 459 244 533 ἐξ
262 452 354 519 αὑτοῦ
371 450 541 517 ὑποπίπτον
557 450 655 528 δεξιόν
673 453 769 515 τεκαὶ
787 448 947 532 εὐώνυμον.
992 452 1052 514 Καὶ
1068 450 1230 537 έξανάγκης
1246 451 1326 518 τίνα-

160 557 300 642 γθήσεται
315 555 347 621 τά
364 562 424 620 πᾶν
439 557 480 630 είς
494 552 526 619 τά
540 558 576 619 έν
590 552 642 631 όν,
664 546 702 619 οὑ
715 552 865 618 άνώτατον
879 551 948 619 οὑδὲ
961 555 992 618 έν
1006 557 1098 634 ἐστιν,
1121 551 1189 619 οίίτε
1205 551 1325 639 ὑποβε·

160 659 268 744 βηκάς,
295 657 363 725 οὑτε
384 656 568 736 κατώτατον,
597 660 624 721 εί
643 654 684 738 μη
707 654 743 719 τά
765 653 815 719 ὑπ’
834 653 926 721 αὑτοῦ
945 658 1105 740 ἐκτισμένα.
1149 659 1212 722 Καὶ
1233 660 1323 733 ἔσται

159 771 247 828 τοῦτο
264 758 394 847 φανερόν
408 770 470 837 τοῖς
485 759 538 843 τήν
553 757 694 842 άλήθειαν
708 757 1000 842 καταμανθάνουσιν,
1022 757 1069 824 ὅτι
1082 756 1125 835 είς
1137 757 1212 836 θεός
1224 761 1321 839 ἔστιν,

160 863 305 950 όπατήρ,
336 861 481 944 καίυίὺς,
508 863 558 927 καὶ
573 861 658 947 ὑίγιον
674 869 798 945 πνεῦμα.
843 864 886 925 El
902 859 1084 945 δήείςθεός
1102 865 1194 941 έστιν,
1215 864 1259 940 -έξ
1281 854 1322 929 οὑ

158 966 195 1032 τά
216 967 327 1045 πάντα,
356 963 424 1031 οὑτε
444 992 471 1029 τι
493 962 646 1050 άριστερόν
668 967 744 1029 ἐστιν
767 967 798 1030 έν
819 961 915 1052 αὐτῷ,
945 963 1012 1030 οὔτε
1034 964 1183 1048 ἐλάττωμα
1204 967 1321 1051 ἕτερον,

160 1069 228 1136 οὑτε
243 1098 268 1135 τι
283 1066 482 1151 ὑποβεβηκάς,
502 1066 578 1149 πλην
590 1075 649 1132 τών
665 1064 715 1131 ὑπ’
730 1064 822 1132 αὑτοῦ
836 1069 1019 1150 έκτισμένωυ.
1067 1067 1110 1132 Τά
1123 1069 1156 1133 δέ
1170 1066 1243 1151 μετά
1261 1093 1323 1133 πα-

158 1175 227 1260 τέρα
242 1174 292 1236 καὶ
307 1169 374 1236 υίὺν
389 1173 440 1236 καί
454 1169 538 1255 ὑίγιον
551 1177 667 1252 πνεῦμα
681 1171 778 1235 πάντα
794 1177 890 1246 καλῶς
905 1172 1066 1253 ἐκτισμένα,
1088 1172 1137 1236 καί
1154 1173 1196 1246 είς
1210 1167 1321 1236 σὺστα-

159 1298 204 1341 σιν
226 1272 275 1339 ὑπ’
298 1271 389 1338 αὑτοῦ
412 1270 557 1354 άφθόνως
579 1266 612 1337 εὑ
634 1271 865 1359 προεληλυθότα.

25 1392 90 1458 Κεφ.
110 1388 141 1461 β’.
244 1379 286 1440 Εἰ
301 1377 333 1440 δὲ
349 1377 399 1441 καί
418 1374 506 1441 πάλιν
525 1378 587 1461 ἐρεῖ
601 1372 618 1441 ά
634 1383 768 1450 τοιοῦτος
783 1372 855 1458 ἡμῖν
872 1373 1028 1458 προελθών
1045 1378 1142 1462 ἕτερος
1159 1373 1246 1458 ὄφις,
1271 1375 1321 1442 ὅτι

159 1478 194 1544 τά
215 1480 267 1562 μέν
287 1476 367 1555 δεξιά
385 1480 436 1542 καί
455 1475 590 1560 εὐώνυμα
610 1481 642 1543 ἐκ
660 1485 712 1542 τοῦ
730 1475 795 1553 ίνάς
813 1474 952 1562 ὑπάρχει,
984 1476 1074 1554 αὑτός
1091 1479 1123 1544 δὲ
1142 1477 1321 1561 μεσαίτατός

158 1584 233 1660 ἐστι,
262 1583 312 1646 καὶ
330 1583 425 1670 ἑαυτῷ
442 1580 494 1662 μὲν
511 1579 684 1665 προςάγεται
700 1578 736 1644 τά
752 1579 848 1658 δεξιά,
876 1581 926 1644 καί
941 1585 1034 1666 χαίρει
1050 1580 1181 1660 τούτοις,
1209 1579 1320 1659 Ῑδεξιά

159 1685 191 1748 δέ
205 1692 289 1748 καλεῖ
299 1684 350 1749 καὶ
366 1690 446 1764 φώς,
469 1681 504 1746 τά
521 1684 553 1747 δέ
572 1681 710 1766 εὐώνυμα
726 1679 766 1759 ώς
782 1680 917 1768 άλλότρια
935 1681 1028 1748 αὑτοῦ
1044 1685 1095 1748 καὶ
1111 1687 1160 1749 ἐπὶ
1175 1680 1319 1769 άριστερά

157 1790 275 1869 κείμενα
290 1784 463 1863 α’πωθεῑται,
485 1787 588 1871 λεγέτω
603 1813 653 1869 μοι
670 1784 765 1851 πόθεν
779 1787 921 1869 λαμβάνει
936 1783 1045 1868 ταύτην
1058 1784 1114 1869 τὴν.
1126 1790 1319 1872 γεωμετρίαν,

158 1892 208 1953 ίνα
227 1896 322 1964 καλῶς
337 1891 471 1977 βαθμίση
491 1886 688 1970 άμετάστατον
706 1886 804 1965 δεξιάν
822 1890 918 1954 τεκαὶ
939 1885 1099 1970 εὐώνυμον.
1146 1885 1225 1974 Παρ’
1241 1884 1320 1972 ἡμῖν

157 1990 212 2077 γάρ
230 1989 309 2068 δεξιά
328 1990 448 2065 εἰκότως
463 1988 634 2074 ὀνομάζεται
640 2043 649 2071 ,
677 1989 743 2073 ἤτοι
760 1988 912 2078 άριστερά,
942 1989 1002 2057 άπό
1019 1997 1079 2056 τών
1093 1993 1126 2057 έν
1140 1998 1181 2081 τῷ
1199 1990 1319 2076 σώματι

157 2094 351 2179 πεπηγμένων
372 2100 483 2174 μελών,
513 2096 544 2158 έν
565 2091 612 2169 οἷς
634 2091 775 2159 οὐδέποτε
797 2091 937 2179 έναλλαγή
960 2098 1084 2180 γίνεται·
1115 2092 1151 2159 τά
1173 2093 1207 2159 δέ
1229 2093 1320 2172 έιιτός

156 2195 242 2280 ἡμῶν
257 2194 379 2260 δύναται
395 2192 468 2260 εἶναι
483 2197 554 2261 ποτέ
568 2197 621 2279 μέν
637 2194 733 2275 δεξιά,
756 2197 826 2261 ποτέ
843 2196 875 2261 δέ
890 2194 1034 2281 ειίώνυμα.
1075 2198 1172 2261 Παντὶ
1187 2196 1243 2279 μέν
1258 2194 1318 2285 γάρ

156 2306 196 2388 τῷ
216 2295 323 2385 ὑρώντι
339 2296 413 2362 κατά
431 2295 573 2380 α’νατολήν
594 2297 694 2377 νότος,
724 2296 772 2362 εἶτ’
790 2290 844 2363 οὖν
860 2302 1040 2385 μεσημβρία,
1069 2297 1150 2377 δεξιά
1167 2298 1319 2383 νιληθήσε·

156 2429 219 2480 ται,
241 2400 273 2466 τά
291 2410 378 2485 κλίμα
393 2403 425 2466 δέ
439 2398 472 2466 τά
488 2400 615 2487 βόρειον,
638 2399 705 2484 ἤτοι
720 2398 864 2490 άρκτῷον,
887 2399 1049 2488 άριστερόν.
1094 2408 1177 2469 ’Τοῦ
1193 2402 1228 2469 δέ
1242 2397 1319 2468 άνά-

157 2512 245 2570 παλιν
261 2506 310 2570 ἐπὶ
325 2503 361 2569 τά
378 2502 482 2569 δυτικά
499 2505 571 2589 μέρη
588 2500 826 2589 άναστραφέντος
842 2501 1009 2589 άνθρώπου
1026 2503 1105 2582 τινάς
1120 2500 1319 2589 εὑρεθήσεται

157 2605 346 2693 έτερωνὺμως
363 2605 398 2670 τά
418 2610 556 2687 κλίματα,
578 2604 650 2687 άπερ
668 2604 727 2691 πρά
746 2605 825 2692 ώρας
842 2604 938 2683 δεξιάν
954 2604 1083 2692 ὑπῆρχε,
1106 2604 1207 2673 νότιόν
1221 2632 1253 2673 τε
1266 2634 1318 2693 με.

156 2707 327 2797 σημβρινὸν,
351 2712 392 2784 είς
407 2705 543 2793 άριστερά
558 2701 649 2784 αὖθις
661 2707 920 2796 μεταβαλλόμενον,
942 2711 994 2775 καλ
1006 2708 1040 2776 τά
1056 2714 1098 2786 είς
1108 2707 1247 2798 άρισεερά
1260 2718 1320 2779 τοῦ

155 2839 237 2889 τινος
250 2814 418 2894 κεκλιμένον
434 2808 616 2896 άνθρώπου,
640 2808 690 2875 εἶτ’
706 2804 761 2876 οὖν
775 2809 926 2900 α’ρκτῷον,
949 2809 999 2877 εἶτ’
1014 2804 1069 2878 οὑν
1082 2811 1202 2899 βόρειον
1213 2818 1320 2899 κλίμα,

156 2920 197 2992 είς
220 2913 317 2993 δεξιάν
340 2912 432 2980 αὑτοῦ
457 2913 713 2997 μεταβαλλόμενον.
760 2921 829 2979 Ποῦ
856 2918 956 2980 τοίνυν
985 2912 1003 2980 ό
1026 2913 1161 2982 άπατεών
1182 2917 1320 3004 ίφηῦρεν

156 3021 251 3108 ἑαυτῷ
267 3014 322 3101 τὴν
338 3015 413 3082 κατά
429 3016 503 3082 θεόν
519 3020 710 3103 γεωμετρίανς
734 3019 812 3096 Kal,
835 3014 861 3083 ώ
876 3024 930 3101 τῆς
946 3016 1084 3101 τοιαύτης
1101 3025 1211 3103 πολλῆς
1225 3027 1318 3108 ληρο·

154 3125 254 3208 λογίας
270 3127 323 3203 τῆς
339 3118 375 3184 τά
391 3118 488 3185 πάντα
504 3118 699 3206 συγχεοὺσης,
729 3118 838 3202 φάσκει
856 3120 888 3185 δέ
909 3118 965 3185 Ι’τό
986 3117 1133 3208 ὑστέρημα
1150 3118 1223 3206 μετά
1242 3123 1321 3205 τοὺς

36 3257 85 3308 για.
98 3246 144 3289 ιιι,
157 3226 315 3312 τριάκοντα
335 3225 454 3298 Αίώνας
472 3230 654 3308 γεγενῆσθαι.
701 3221 807 3289 Πόθεν
824 3221 882 3308 άρα
899 3220 953 3305 τήν
969 3231 1023 3289 τοῦ
1039 3221 1241 3311 ὑστερήματος
1254 3226 1317 3309 φοί.

156 3349 201 3394 σιν
214 3331 401 3408 κατείληφας,
422 3317 446 3389 ώ
459 3317 556 3402 οὑτος,
578 3324 599 3409 ἢ
613 3323 785 3392 άποστᾶσαν
799 3324 926 3409 δύναμιν
940 3327 1018 3412 λέγει
1041 3329 1084 3392 Et
1096 3328 1148 3410 μέν
1159 3324 1217 3413 γάρ
1229 3320 1321 3417 εὗρες

155 3431 265 3515 ταύτην
280 3427 339 3496 άπά
354 3427 555 3512 βλαστήματος
568 3436 628 3494 τών
643 3427 721 3508 άνω,
744 3425 781 3496 οὑ
796 3427 927 3512 κτιστήν,
950 3426 1021 3494 άλλά
1034 3427 1185 3516 γεννητὴν,
1207 3432 1320 3519 έπειθῆ

155 3539 202 3599 σοί
216 3560 245 3598 τε
259 3536 309 3599 καί
322 3540 363 3622 τῷ
378 3554 432 3597 σου
448 3533 589 3621 έπιστάτη
606 3529 662 3598 οὑκ
675 3533 827 3614 ἐκτισμένα
841 3529 877 3597 τά
889 3529 990 3598 κτιστά
1005 3528 1140 3618 ὁρίζεται,
1162 3529 1237 3599 άλλά
1249 3560 1316 3623 γιν-

154 3634 244 3717 νητά,
275 3639 326 3701 καί
347 3633 405 3701 άπά
426 3639 580 3720 μετουσίας
598 3633 722 3717 ἑκάστης
738 3632 858 3716 φύσεως
877 3632 946 3719 παρ’
964 3632 1088 3718 ἑκάστης
1103 3633 1257 3721 λαβούσης
1276 3644 1319 3707 τὸ

156 3729 248 3812 αὖθις
262 3737 429 3823 γεννώμενα
446 3736 610 3817 άναφῦναι,
633 3731 693 3824 άριί
709 3762 740 3823 γε
755 3735 829 3802 κατά
845 3735 897 3803 τάν
912 3735 1005 3802 αὑτοῦ
1019 3735 1108 3823 λόγον
1121 3736 1224 3805 4ιιατιί
1241 3763 1320 3809 σαιν-

153 3847 207 3906 τοῦ
225 3836 342 3928 ὑπλίζη;
366 3845 408 3905 El
419 3839 474 3926 γάρ
493 3838 552 3906 άπά
568 3847 628 3905 τῶν
642 3839 703 3905 άνω
719 3841 770 3905 καλ
784 3837 806 3924 ἦ
819 3836 927 3926 ὑστέρα
942 3838 1068 3924 δύναμις
1082 3842 1133 3907 καλ
1147 3837 1169 3924 ἡ
1181 3838 1319 3911 ἅπαντα.
1366 3876 1370 3885 ·

154 3946 203 4007 σία
218 3944 376 4028 γεγένηται,
398 3945 456 4024 έφυ
474 3945 514 4024 δέ,
537 3940 579 4019 ώς
594 3945 695 4023 εἰπεῖν,
718 3945 769 4007 καί
784 3944 951 4026 ἐβλάστησε,
974 3944 1083 4027 μετέχει
1099 3942 1159 4029 άρα
1172 3951 1235 4011 τών
1248 3944 1319 4017 ἄν.

154 4044 345 4129 χαρισμάτων,
369 4043 470 4127 ἐπειδὴ
483 4049 670 4111 ἐπικοινωνεῖ
680 4052 721 4135 τῷ
737 4043 919 4130 Πληρώματι
932 4042 953 4129 ἡ
966 4043 1088 4133 ὑστέρα,
1110 4048 1159 4112 καί
1174 4044 1208 4113 τά
1225 4048 1317 4137 Πλή-

154 4171 239 4230 ρωμα
253 4154 290 4236 τη
307 4143 431 4234 ὑστέρα,
460 4150 510 4213 καί
527 4146 615 4214 οὐδέν
627 4147 889 4235 προςενεγθήσεται
903 4154 991 4214 τοῦτο
1005 4147 1082 4236 πράς
1095 4151 1209 4228 ἐκεῖνο,
1241 4150 1322 4221 οὔτε·

152 4302 246 4422 ιοἀΰιρ.
257 4306 292 4421 μί.
315 4333 343 4342 -
369 4305 390 4355 1.
408 4300 479 4364 δεξιαὶ
495 4302 524 4357 δέ
542 4308 622 4359 ταῦτα
639 4309 715 4360 καλεῖ
746 4305 851 4426 ράατοῡ
865 4324 955 4367 τινος
969 4306 1113 4374 κεκλιμένοι
1127 4301 1317 4375 ἀνθρώπων

198 4409 203 4419 .
241 4387 295 4422 (110.
744 4391 769 4427 Ge
788 4414 795 4426 ι

186 4439 210 4490 2
234 4438 287 4492 Τοῡ
309 4439 339 4494 δέ
358 4442 516 4503 reponendum
536 4449 585 4492 ενοι
606 4459 650 4506 μιν
671 4441 709 4497 Τὰ
778 4444 802 4497 3.
819 4449 855 4497 ua
868 4447 1040 4496 τιιοπὸεκσυκι
1051 4451 1111 4509 εισι,
1125 4447 1162 4497 υελ
1174 4448 1261 4501 ium
1273 4464 1315 4503 αο-

153 4506 196 4568 ok,
214 4511 277 4570 αυοιλ
293 4512 347 4558 εἰσιν·
360 4511 450 4569 υυλμυλι·
466 4510 556 4559 habent.
590 4514 626 4562 lta
639 4515 711 4561 τιιάτι
744 4516 835 4563 σι’τίυαε
848 4517 949 4576 scriptis,
963 4528 1017 4564 οιαιι
1030 4516 1133 4565 Pacuio.
1161 4514 1316 4579 θἰιλςοτιει

152 4580 178 4627 ἐκ
194 4579 227 4627 ιιι
240 4592 300 4640 φατε
313 4582 440 4639 sequuntur
452 4574 497 4630 καὶ
511 4574 541 4631 τί
560 4577 597 4638 τίς
610 4574 711 4646 ἄριστε·
743 4586 807 4631 ταλαί
824 4578 890 4647 μιτά
911 4578 942 4635 τὸ
960 4578 1093 4649 ὑστέρημα
1112 4580 1159 4635 τοῦ
1173 4576 1317 4669 rom
