<?xml version="1.0" encoding="UTF-8"?>
<!DOCTYPE html PUBLIC "-//W3C//DTD XHTML 1.0 Transitional//EN"
    "http://www.w3.org/TR/xhtml1/DTD/xhtml1-transitional.dtd">
<html xmlns="http://www.w3.org/1999/xhtml" xml:lang="en" lang="en">
 <head>
  <title>
</title>
<meta http-equiv="Content-Type" content="text/html;charset=utf-8" />
  <meta name='ocr-system' content='tesseract 3.04.00' />
  <meta name='ocr-capabilities' content='ocr_page ocr_carea ocr_par ocr_line ocrx_word'/>
</head>
<body>
  <div class='ocr_page' id='page_1' title='image "./corporishaerese01unkngoog_0085.png"; bbox 0 0 3046 5084; ppageno 0'>
   <div class='ocr_carea' id='block_1_1' title="bbox 296 292 1019 352">
    <p class='ocr_par' dir='ltr' id='par_1_1' title="bbox 296 292 1019 352">
     <span class='ocr_line' id='line_1_1' title="bbox 296 292 1019 352; baseline -0.001 -1"><span class='ocrx_word' id='word_1_1' title='bbox 296 292 335 351; x_wconf 82' lang='lat'><strong><em>80</em></strong></span> <span class='ocrx_word' id='word_1_2' title='bbox 715 301 835 352; x_wconf 75' lang='lat' dir='ltr'>SANCTI</span> <span class='ocrx_word' id='word_1_3' title='bbox 852 299 1019 352; x_wconf 79' lang='lat' dir='ltr'><strong>EPlPBANII</strong></span> 
     </span>
    </p>
   </div>
   <div class='ocr_carea' id='block_1_2' title="bbox 294 412 1447 690">
    <p class='ocr_par' dir='ltr' id='par_1_2' title="bbox 294 412 1447 690">
     <span class='ocr_line' id='line_1_2' title="bbox 295 412 1447 500; baseline 0 -19"><span class='ocrx_word' id='word_1_4' title='bbox 295 413 511 481; x_wconf 88' lang='grc' dir='ltr'><strong><em>άποκαλύπτειν</em></strong></span> <span class='ocrx_word' id='word_1_5' title='bbox 535 415 763 499; x_wconf 81' lang='grc' dir='ltr'><strong><em>ἐπιτηδεύματα,</em></strong></span> <span class='ocrx_word' id='word_1_6' title='bbox 785 418 836 481; x_wconf 82' lang='grc' dir='ltr'><strong><em>καί</em></strong></span> <span class='ocrx_word' id='word_1_7' title='bbox 856 414 905 481; x_wconf 87' lang='grc' dir='ltr'><strong><em>διά</em></strong></span> <span class='ocrx_word' id='word_1_8' title='bbox 929 412 1077 496; x_wconf 84' lang='grc' dir='ltr'><strong><em>συντόμου</em></strong></span> <span class='ocrx_word' id='word_1_9' title='bbox 1099 412 1189 500; x_wconf 88' lang='grc' dir='ltr'><strong><em>λόγου</em></strong></span> <span class='ocrx_word' id='word_1_10' title='bbox 1211 421 1365 480; x_wconf 81' lang='grc' dir='ltr'><strong><em>ποιεῖσθαι</em></strong></span> <span class='ocrx_word' id='word_1_11' title='bbox 1388 415 1447 481; x_wconf 86' lang='grc' dir='ltr'><strong><em>τόν</em></strong></span> 
     </span>
     <span class='ocr_line' id='line_1_3' title="bbox 294 515 1243 603; baseline -0.003 -21"><span class='ocrx_word' id='word_1_12' title='bbox 294 520 406 602; x_wconf 72' lang='grc' dir='ltr'><strong><em>ἔλεγχον</em></strong></span> <span class='ocrx_word' id='word_1_13' title='bbox 420 525 471 601; x_wconf 82' lang='grc' dir='ltr'><strong><em>τῆς</em></strong></span> <span class='ocrx_word' id='word_1_14' title='bbox 488 525 546 583; x_wconf 90' lang='grc' dir='ltr'><strong><em>τῶν</em></strong></span> <span class='ocrx_word' id='word_1_15' title='bbox 560 525 660 584; x_wconf 90' lang='grc' dir='ltr'><strong><em>κακῶν</em></strong></span> <span class='ocrx_word' id='word_1_16' title='bbox 674 519 724 584; x_wconf 86' lang='grc' dir='ltr'><strong><em>καλ</em></strong></span> <span class='ocrx_word' id='word_1_17' title='bbox 747 524 780 563; x_wconf 82' lang='lat'><strong><em>¹⁶</em></strong></span> <span class='ocrx_word' id='word_1_18' title='bbox 791 515 945 603; x_wconf 83' lang='grc' dir='ltr'><strong><em>ὄλετηρίων</em></strong></span> <span class='ocrx_word' id='word_1_19' title='bbox 963 519 1089 602; x_wconf 79' lang='grc' dir='ltr'><strong><em>ἑρπετῶν</em></strong></span> <span class='ocrx_word' id='word_1_20' title='bbox 1107 518 1243 599; x_wconf 82' lang='grc' dir='ltr'><strong><em>ίοβολίας.</em></strong></span> 
     </span>
     <span class='ocr_line' id='line_1_4' title="bbox 543 616 1193 690; baseline -0.008 -16"><span class='ocrx_word' id='word_1_21' title='bbox 543 619 726 690; x_wconf 73' lang='grc' dir='ltr'><strong><em>Πεπλήρωνται</em></strong></span> <span class='ocrx_word' id='word_1_22' title='bbox 742 621 769 674; x_wconf 82' lang='grc' dir='ltr'><strong><em>αἱ</em></strong></span> <span class='ocrx_word' id='word_1_23' title='bbox 785 623 834 676; x_wconf 84' lang='grc' dir='ltr'><strong><em>τῶν</em></strong></span> <span class='ocrx_word' id='word_1_24' title='bbox 852 622 1019 688; x_wconf 77' lang='grc' dir='ltr'><strong><em>Σαμαρειτῶν</em></strong></span> <span class='ocrx_word' id='word_1_25' title='bbox 1036 619 1145 685; x_wconf 80' lang='grc' dir='ltr'>αἱρέσεις</span> <span class='ocrx_word' id='word_1_26' title='bbox 1162 616 1193 674; x_wconf 72' lang='grc' dir='ltr'><strong><em>δ’.</em></strong></span> 
     </span>
    </p>
   </div>
   <div class='ocr_carea' id='block_1_3' title="bbox 437 761 1290 993">
    <p class='ocr_par' dir='ltr' id='par_1_3' title="bbox 437 761 1290 993">
     <span class='ocr_line' id='line_1_5' title="bbox 613 761 1258 880; baseline 0.008 -13"><span class='ocrx_word' id='word_1_27' title='bbox 613 761 1109 880; x_wconf 70' lang='grc' dir='ltr'><strong><em>ιοΥιΑιεΜοΣ</em></strong></span> <span class='ocrx_word' id='word_1_28' title='bbox 1255 866 1258 872; x_wconf 84' lang='grc'><strong><em>.</em></strong></span> 
     </span>
     <span class='ocr_line' id='line_1_6' title="bbox 437 871 1290 993; baseline -0.001 -25"><span class='ocrx_word' id='word_1_29' title='bbox 437 896 545 970; x_wconf 73' lang='grc' dir='ltr'><strong><em>λοιπὸν</em></strong></span> <span class='ocrx_word' id='word_1_30' title='bbox 572 871 743 993; x_wconf 62' lang='grc' dir='ltr'><strong><em>χωρισθεῖς’</em></strong></span> <span class='ocrx_word' id='word_1_31' title='bbox 751 901 810 968; x_wconf 85' lang='grc' dir='ltr'><strong><em>καὶ</em></strong></span> <span class='ocrx_word' id='word_1_32' title='bbox 835 892 937 980; x_wconf 86' lang='grc' dir='ltr'><strong><em>αύτδς</em></strong></span> <span class='ocrx_word' id='word_1_33' title='bbox 962 899 1006 979; x_wconf 78' lang='grc' dir='ltr'><strong><em>είς</em></strong></span> <span class='ocrx_word' id='word_1_34' title='bbox 1033 899 1168 991; x_wconf 78' lang='grc' dir='ltr'>αἱρέσεις</span> <span class='ocrx_word' id='word_1_35' title='bbox 1194 894 1290 968; x_wconf 76' lang='grc' dir='ltr'><strong><em>ἑπτά.</em></strong></span> 
     </span>
    </p>
   </div>
   <div class='ocr_carea' id='block_1_4' title="bbox 178 1067 1440 4720">
    <p class='ocr_par' dir='ltr' id='par_1_4' title="bbox 329 1067 1398 1364">
     <span class='ocr_line' id='line_1_7' title="bbox 573 1067 1149 1136; baseline 0 0"><span class='ocrx_word' id='word_1_36' title='bbox 573 1068 721 1136; x_wconf 86' lang='grc' dir='ltr'><strong>ΚΑΤΑ</strong></span> <span class='ocrx_word' id='word_1_37' title='bbox 747 1067 1149 1136; x_wconf 80' lang='grc' dir='ltr'>ΣΑΔΔΟΥΚΑΙΩΝ</span> 
     </span>
     <span class='ocr_line' id='line_1_8' title="bbox 329 1163 1398 1264; baseline 0 -24"><span class='ocrx_word' id='word_1_38' title='bbox 329 1165 441 1264; x_wconf 79' lang='grc' dir='ltr'><strong><em>πρώτη</em></strong></span> <span class='ocrx_word' id='word_1_39' title='bbox 463 1169 582 1262; x_wconf 81' lang='grc' dir='ltr'><strong><em>αίρεσις</em></strong></span> <span class='ocrx_word' id='word_1_40' title='bbox 604 1163 670 1237; x_wconf 86' lang='grc' dir='ltr'><strong><em>άπὸ</em></strong></span> <span class='ocrx_word' id='word_1_41' title='bbox 689 1163 912 1257; x_wconf 76' lang='grc' dir='ltr'><strong><em>Ἰουδαῖομσῶ,</em></strong></span> <span class='ocrx_word' id='word_1_42' title='bbox 937 1165 1275 1263; x_wconf 80' lang='grc' dir='ltr'><strong><em>τεσσαρεςκαιδεκάτη</em></strong></span> <span class='ocrx_word' id='word_1_43' title='bbox 1297 1170 1332 1240; x_wconf 73' lang='grc' dir='ltr'><strong><em>δὲ</em></strong></span> <span class='ocrx_word' id='word_1_44' title='bbox 1352 1177 1398 1264; x_wconf 70' lang='grc' dir='ltr'><strong><em>τη</em></strong></span> 
     </span>
     <span class='ocr_line' id='line_1_9' title="bbox 770 1263 955 1364; baseline 0 -26"><span class='ocrx_word' id='word_1_45' title='bbox 770 1263 955 1364; x_wconf 77' lang='grc' dir='ltr'><strong><em>ἀκολουθίᾳ.</em></strong></span> 
     </span>
    </p>

    <p class='ocr_par' dir='ltr' id='par_1_5' title="bbox 266 1375 1440 1773">
     <span class='ocr_line' id='line_1_10' title="bbox 266 1375 1439 1466; baseline 0.005 -24"><span class='ocrx_word' id='word_1_46' title='bbox 266 1406 273 1420; x_wconf 85' lang='grc'><em>·</em></span> <span class='ocrx_word' id='word_1_47' title='bbox 374 1381 509 1465; x_wconf 88' lang='grc' dir='ltr'><strong><em>Αίρέσεις</em></strong></span> <span class='ocrx_word' id='word_1_48' title='bbox 525 1377 612 1443; x_wconf 90' lang='grc' dir='ltr'><strong><em>πάλιν</em></strong></span> <span class='ocrx_word' id='word_1_49' title='bbox 635 1375 706 1460; x_wconf 88' lang='grc' dir='ltr'><strong><em>μετά</em></strong></span> <span class='ocrx_word' id='word_1_50' title='bbox 730 1376 838 1452; x_wconf 88' lang='grc' dir='ltr'><strong><em>ταύτας</em></strong></span> <span class='ocrx_word' id='word_1_51' title='bbox 860 1376 912 1453; x_wconf 91' lang='grc' dir='ltr'><strong><em>τάς</em></strong></span> <span class='ocrx_word' id='word_1_52' title='bbox 930 1382 1142 1466; x_wconf 81' lang='grc' dir='ltr'><strong><em>προειρημένας</em></strong></span> <span class='ocrx_word' id='word_1_53' title='bbox 1165 1387 1225 1444; x_wconf 88' lang='grc' dir='ltr'><strong><em>τῶν</em></strong></span> <span class='ocrx_word' id='word_1_54' title='bbox 1241 1387 1439 1465; x_wconf 77' lang='grc' dir='ltr'><strong><em>Σαμαρειτῶν</em></strong></span> 
     </span>
     <span class='ocr_line' id='line_1_11' title="bbox 291 1477 1440 1566; baseline 0 -19"><span class='ocrx_word' id='word_1_55' title='bbox 291 1484 343 1547; x_wconf 89' lang='grc' dir='ltr'><strong><em>καί</em></strong></span> <span class='ocrx_word' id='word_1_56' title='bbox 361 1479 421 1545; x_wconf 84' lang='grc' dir='ltr'><strong><em>άνιο</em></strong></span> <span class='ocrx_word' id='word_1_57' title='bbox 439 1507 500 1545; x_wconf 87' lang='grc' dir='ltr'><strong><em>που</em></strong></span> <span class='ocrx_word' id='word_1_58' title='bbox 521 1487 579 1544; x_wconf 89' lang='grc' dir='ltr'><strong><em>τῶν</em></strong></span> <span class='ocrx_word' id='word_1_59' title='bbox 593 1477 735 1561; x_wconf 79' lang='grc' dir='ltr'><strong><em>Ἑλλήνων</em></strong></span> <span class='ocrx_word' id='word_1_60' title='bbox 759 1483 999 1564; x_wconf 81' lang='grc' dir='ltr'><strong><em>προδηλωθείσας</em></strong></span> <span class='ocrx_word' id='word_1_61' title='bbox 1019 1480 1170 1566; x_wconf 89' lang='grc' dir='ltr'><strong><em>γεγόνασιν</em></strong></span> <span class='ocrx_word' id='word_1_62' title='bbox 1192 1479 1263 1546; x_wconf 76' lang='grc' dir='ltr'><strong><em>ἑπτά</em></strong></span> <span class='ocrx_word' id='word_1_63' title='bbox 1277 1479 1329 1546; x_wconf 90' lang='grc' dir='ltr'><strong><em>τδν</em></strong></span> <span class='ocrx_word' id='word_1_64' title='bbox 1347 1479 1440 1566; x_wconf 85' lang='grc' dir='ltr'><strong><em>άριθ-</em></strong></span> 
     </span>
     <span class='ocr_line' id='line_1_12' title="bbox 292 1579 1439 1668; baseline 0 -20"><span class='ocrx_word' id='word_1_65' title='bbox 292 1582 348 1666; x_wconf 86' lang='grc' dir='ltr'><strong><em>μάν</em></strong></span> <span class='ocrx_word' id='word_1_66' title='bbox 362 1580 444 1668; x_wconf 88' lang='grc' dir='ltr'><strong><em>παρά</em></strong></span> <span class='ocrx_word' id='word_1_67' title='bbox 458 1579 616 1656; x_wconf 78' lang='grc' dir='ltr'><strong><em>Ἰουδαίοις</em></strong></span> <span class='ocrx_word' id='word_1_68' title='bbox 630 1579 687 1665; x_wconf 87' lang='grc' dir='ltr'><strong><em>πρδ</em></strong></span> <span class='ocrx_word' id='word_1_69' title='bbox 701 1588 754 1664; x_wconf 82' lang='grc' dir='ltr'><strong><em>τῆς</em></strong></span> <span class='ocrx_word' id='word_1_70' title='bbox 768 1588 821 1645; x_wconf 89' lang='grc' dir='ltr'><strong><em>τοῦ</em></strong></span> <span class='ocrx_word' id='word_1_71' title='bbox 836 1587 964 1667; x_wconf 81' lang='grc' dir='ltr'><strong><em>Χριστοῦ</em></strong></span> <span class='ocrx_word' id='word_1_72' title='bbox 981 1580 1125 1666; x_wconf 88' lang='grc' dir='ltr'><strong><em>ἐνσάρκου</em></strong></span> <span class='ocrx_word' id='word_1_73' title='bbox 1139 1586 1302 1668; x_wconf 80' lang='grc' dir='ltr'><strong><em>παρουσίας</em></strong></span> <span class='ocrx_word' id='word_1_74' title='bbox 1318 1580 1439 1648; x_wconf 88' lang='grc' dir='ltr'><strong><em>ἐνἸου-</em></strong></span> 
     </span>
     <span class='ocr_line' id='line_1_13' title="bbox 291 1681 724 1773; baseline -0.012 -23"><span class='ocrx_word' id='word_1_75' title='bbox 291 1690 360 1773; x_wconf 76' lang='grc' dir='ltr'><strong><em>δαίμ</em></strong></span> <span class='ocrx_word' id='word_1_76' title='bbox 381 1711 412 1749; x_wconf 91' lang='grc' dir='ltr'><strong><em>τε</em></strong></span> <span class='ocrx_word' id='word_1_77' title='bbox 433 1687 482 1749; x_wconf 82' lang='grc' dir='ltr'><strong><em>καί</em></strong></span> <span class='ocrx_word' id='word_1_78' title='bbox 502 1681 724 1769; x_wconf 76' lang='grc' dir='ltr'><strong><em>Ἱεροσολύμοις.</em></strong></span> 
     </span>
    </p>

    <p class='ocr_par' dir='ltr' id='par_1_6' title="bbox 289 1776 1437 3397">
     <span class='ocr_line' id='line_1_14' title="bbox 377 1776 1437 1871; baseline 0.004 -23"><span class='ocrx_word' id='word_1_79' title='bbox 377 1792 498 1871; x_wconf 78' lang='grc' dir='ltr'><strong><em>Πρῶτοι</em></strong></span> <span class='ocrx_word' id='word_1_80' title='bbox 511 1776 729 1863; x_wconf 74' lang='grc' dir='ltr'><strong><em>Σαδδουκαῖοι,</em></strong></span> <span class='ocrx_word' id='word_1_81' title='bbox 752 1781 933 1865; x_wconf 70' lang='grc' dir='ltr'><strong><em>ἀπόσπασμα</em></strong></span> <span class='ocrx_word' id='word_1_82' title='bbox 948 1782 1031 1860; x_wconf 83' lang='grc' dir='ltr'><strong><em>ύντες</em></strong></span> <span class='ocrx_word' id='word_1_83' title='bbox 1047 1782 1106 1850; x_wconf 84' lang='grc' dir='ltr'><strong><em>άπδ</em></strong></span> <span class='ocrx_word' id='word_1_84' title='bbox 1124 1786 1276 1850; x_wconf 80' lang='grc' dir='ltr'><strong><em>Δοσιθέου</em></strong></span> <span class='ocrx_word' id='word_1_85' title='bbox 1291 1791 1345 1849; x_wconf 89' lang='grc' dir='ltr'><strong><em>τοῦ</em></strong></span> <span class='ocrx_word' id='word_1_86' title='bbox 1360 1812 1437 1871; x_wconf 88' lang='grc' dir='ltr'><strong><em>προ-</em></strong></span> 
     </span>
     <span class='ocr_line' id='line_1_15' title="bbox 291 1879 1437 1973; baseline 0 -21"><span class='ocrx_word' id='word_1_87' title='bbox 291 1890 467 1973; x_wconf 87' lang='grc' dir='ltr'><strong><em>λελεγμέυου.</em></strong></span> <span class='ocrx_word' id='word_1_88' title='bbox 510 1883 748 1967; x_wconf 81' lang='grc' dir='ltr'><strong><em>Ἐπονομάζουσι</em></strong></span> <span class='ocrx_word' id='word_1_89' title='bbox 768 1887 800 1950; x_wconf 82' lang='grc' dir='ltr'><strong><em>δὲ</em></strong></span> <span class='ocrx_word' id='word_1_90' title='bbox 825 1879 906 1951; x_wconf 84' lang='grc' dir='ltr'><strong><em>οῦτοι</em></strong></span> <span class='ocrx_word' id='word_1_91' title='bbox 929 1884 1052 1962; x_wconf 80' lang='grc' dir='ltr'><strong><em>ἑαυτούς</em></strong></span> <span class='ocrx_word' id='word_1_92' title='bbox 1069 1889 1310 1966; x_wconf 80' lang='grc' dir='ltr'><strong><em>Σαδδουκαίους,</em></strong></span> <span class='ocrx_word' id='word_1_93' title='bbox 1337 1890 1437 1969; x_wconf 81' lang='grc' dir='ltr'><strong><em>δῆθεν</em></strong></span> 
     </span>
     <span class='ocr_line' id='line_1_16' title="bbox 292 1985 1435 2073; baseline 0 -20"><span class='ocrx_word' id='word_1_94' title='bbox 292 1987 351 2053; x_wconf 86' lang='grc' dir='ltr'><strong><em>άπδ</em></strong></span> <span class='ocrx_word' id='word_1_95' title='bbox 370 1987 558 2069; x_wconf 82' lang='grc' dir='ltr'><strong><em>δικαιοσύνης</em></strong></span> <span class='ocrx_word' id='word_1_96' title='bbox 574 1994 627 2069; x_wconf 79' lang='grc' dir='ltr'><strong><em>τῆς</em></strong></span> <span class='ocrx_word' id='word_1_97' title='bbox 644 1987 820 2070; x_wconf 76' lang='grc' dir='ltr'><strong><em>ἐπικλήσεως</em></strong></span> <span class='ocrx_word' id='word_1_98' title='bbox 837 1985 1015 2072; x_wconf 85' lang='grc' dir='ltr'><strong><em>όρμωμένης.</em></strong></span> <span class='ocrx_word' id='word_1_99' title='bbox 1060 1989 1152 2053; x_wconf 87' lang='grc' dir='ltr'><strong><em>Σεδέκ</em></strong></span> <span class='ocrx_word' id='word_1_100' title='bbox 1174 1986 1228 2073; x_wconf 91' lang='grc' dir='ltr'><strong><em>γάρ</em></strong></span> <span class='ocrx_word' id='word_1_101' title='bbox 1246 1986 1435 2072; x_wconf 75' lang='grc' dir='ltr'><strong><em>ἑρμηνεύεται</em></strong></span> 
     </span>
     <span class='ocr_line' id='line_1_17' title="bbox 290 2082 1434 2172; baseline -0.003 -15"><span class='ocrx_word' id='word_1_102' title='bbox 290 2089 470 2172; x_wconf 89' lang='grc' dir='ltr'><strong><em>δικαιοσύνη.</em></strong></span> <span class='ocrx_word' id='word_1_103' title='bbox 507 2082 562 2153; x_wconf 86' lang='grc' dir='ltr'><strong><em>Ἦν</em></strong></span> <span class='ocrx_word' id='word_1_104' title='bbox 583 2089 615 2153; x_wconf 90' lang='grc' dir='ltr'><strong><em>δέ</em></strong></span> <span class='ocrx_word' id='word_1_105' title='bbox 633 2091 681 2154; x_wconf 81' lang='grc' dir='ltr'><strong><em>καί</em></strong></span> <span class='ocrx_word' id='word_1_106' title='bbox 698 2089 819 2155; x_wconf 89' lang='grc' dir='ltr'><strong><em>Σαδούκ</em></strong></span> <span class='ocrx_word' id='word_1_107' title='bbox 836 2116 880 2164; x_wconf 90' lang='grc' dir='ltr'><strong><em>τις</em></strong></span> <span class='ocrx_word' id='word_1_108' title='bbox 894 2087 1025 2171; x_wconf 88' lang='grc' dir='ltr'><strong><em>τοῦνομα</em></strong></span> <span class='ocrx_word' id='word_1_109' title='bbox 1040 2088 1114 2154; x_wconf 88' lang='grc' dir='ltr'><strong><em>κατά</em></strong></span> <span class='ocrx_word' id='word_1_110' title='bbox 1131 2088 1164 2154; x_wconf 84' lang='grc' dir='ltr'><strong><em>τά</em></strong></span> <span class='ocrx_word' id='word_1_111' title='bbox 1179 2088 1305 2154; x_wconf 81' lang='grc' dir='ltr'><strong><em>παλαιάν</em></strong></span> <span class='ocrx_word' id='word_1_112' title='bbox 1319 2097 1379 2154; x_wconf 90' lang='grc' dir='ltr'><strong><em>τῶν</em></strong></span> <span class='ocrx_word' id='word_1_113' title='bbox 1393 2094 1434 2154; x_wconf 82' lang='grc' dir='ltr'><strong><em>ίε·</em></strong></span> 
     </span>
     <span class='ocr_line' id='line_1_18' title="bbox 290 2184 1431 2280; baseline -0.003 -22"><span class='ocrx_word' id='word_1_114' title='bbox 290 2195 373 2280; x_wconf 82' lang='grc' dir='ltr'><strong><em>ρίαν.</em></strong></span> <span class='ocrx_word' id='word_1_115' title='bbox 409 2189 485 2257; x_wconf 85' lang='grc' dir='ltr'><strong><em>Ἀλλ’</em></strong></span> <span class='ocrx_word' id='word_1_116' title='bbox 501 2189 555 2257; x_wconf 87' lang='grc' dir='ltr'><strong><em>οῦκ</em></strong></span> <span class='ocrx_word' id='word_1_117' title='bbox 572 2193 722 2273; x_wconf 88' lang='grc' dir='ltr'><strong><em>ἐνέμειναν</em></strong></span> <span class='ocrx_word' id='word_1_118' title='bbox 740 2184 824 2256; x_wconf 85' lang='grc' dir='ltr'><strong><em>οῦτοι</em></strong></span> <span class='ocrx_word' id='word_1_119' title='bbox 838 2194 870 2255; x_wconf 89' lang='grc' dir='ltr'><strong><em>ἐν</em></strong></span> <span class='ocrx_word' id='word_1_120' title='bbox 885 2198 921 2278; x_wconf 71' lang='grc' dir='ltr'><strong><em>τῇ</em></strong></span> <span class='ocrx_word' id='word_1_121' title='bbox 938 2199 992 2255; x_wconf 91' lang='grc' dir='ltr'><strong><em>τοῦ</em></strong></span> <span class='ocrx_word' id='word_1_122' title='bbox 1009 2189 1166 2256; x_wconf 80' lang='grc' dir='ltr'><strong><em>ἐπιστάτου</em></strong></span> <span class='ocrx_word' id='word_1_123' title='bbox 1182 2188 1278 2256; x_wconf 85' lang='grc' dir='ltr'><strong><em>αύτῶν</em></strong></span> <span class='ocrx_word' id='word_1_124' title='bbox 1294 2194 1431 2257; x_wconf 75' lang='grc' dir='ltr'><strong><em>διδασκα·</em></strong></span> 
     </span>
     <span class='ocr_line' id='line_1_19' title="bbox 289 2286 1433 2383; baseline -0.003 -23"><span class='ocrx_word' id='word_1_125' title='bbox 289 2300 344 2383; x_wconf 79' lang='grc' dir='ltr'><strong><em>λίςι.</em></strong></span> <span class='ocrx_word' id='word_1_126' title='bbox 379 2293 541 2376; x_wconf 85' lang='grc' dir='ltr'><strong><em>Ἠθέτησαν</em></strong></span> <span class='ocrx_word' id='word_1_127' title='bbox 555 2294 606 2375; x_wconf 80' lang='grc' dir='ltr'><strong><em>μέν</em></strong></span> <span class='ocrx_word' id='word_1_128' title='bbox 622 2291 676 2378; x_wconf 90' lang='grc' dir='ltr'><strong><em>γάρ</em></strong></span> <span class='ocrx_word' id='word_1_129' title='bbox 696 2286 778 2356; x_wconf 86' lang='grc' dir='ltr'><strong><em>οῦτοι</em></strong></span> <span class='ocrx_word' id='word_1_130' title='bbox 794 2298 905 2375; x_wconf 81' lang='grc' dir='ltr'><strong><em>νεκρῶν</em></strong></span> <span class='ocrx_word' id='word_1_131' title='bbox 921 2291 975 2374; x_wconf 79' lang='grc' dir='ltr'><strong><em>τήν</em></strong></span> <span class='ocrx_word' id='word_1_132' title='bbox 990 2290 1160 2372; x_wconf 88' lang='grc' dir='ltr'><strong><em>άνάστασιν,</em></strong></span> <span class='ocrx_word' id='word_1_133' title='bbox 1182 2290 1270 2374; x_wconf 84' lang='grc' dir='ltr'><strong><em>ῦμοια</em></strong></span> <span class='ocrx_word' id='word_1_134' title='bbox 1286 2298 1433 2379; x_wconf 90' lang='grc' dir='ltr'><strong><em>Σαμαρεί-</em></strong></span> 
     </span>
     <span class='ocr_line' id='line_1_20' title="bbox 292 2391 1432 2482; baseline -0.002 -20"><span class='ocrx_word' id='word_1_135' title='bbox 292 2424 356 2472; x_wconf 88' lang='grc' dir='ltr'><strong><em>ταις</em></strong></span> <span class='ocrx_word' id='word_1_136' title='bbox 369 2405 561 2482; x_wconf 85' lang='grc' dir='ltr'><strong><em>φρονοῦντες,</em></strong></span> <span class='ocrx_word' id='word_1_137' title='bbox 584 2393 621 2460; x_wconf 87' lang='grc' dir='ltr'><strong><em>οῦ</em></strong></span> <span class='ocrx_word' id='word_1_138' title='bbox 638 2396 851 2479; x_wconf 78' lang='grc' dir='ltr'><strong><em>παραδέχονται</em></strong></span> <span class='ocrx_word' id='word_1_139' title='bbox 869 2394 901 2457; x_wconf 83' lang='grc' dir='ltr'><strong><em>δὲ</em></strong></span> <span class='ocrx_word' id='word_1_140' title='bbox 917 2391 1067 2479; x_wconf 83' lang='grc' dir='ltr'><strong><em>άγγέλους,</em></strong></span> <span class='ocrx_word' id='word_1_141' title='bbox 1089 2393 1162 2480; x_wconf 77' lang='grc' dir='ltr'><strong><em>ὅπερ</em></strong></span> <span class='ocrx_word' id='word_1_142' title='bbox 1181 2400 1360 2479; x_wconf 84' lang='grc' dir='ltr'><strong><em>Σαμαρεῖται</em></strong></span> <span class='ocrx_word' id='word_1_143' title='bbox 1376 2392 1432 2460; x_wconf 88' lang='grc' dir='ltr'><strong><em>ούιι</em></strong></span> 
     </span>
     <span class='ocr_line' id='line_1_21' title="bbox 291 2492 1432 2582; baseline -0.001 -19"><span class='ocrx_word' id='word_1_144' title='bbox 291 2497 439 2563; x_wconf 83' lang='grc' dir='ltr'><strong><em>άθετοῦσι.</em></strong></span> <span class='ocrx_word' id='word_1_145' title='bbox 484 2503 608 2577; x_wconf 84' lang='grc' dir='ltr'><strong><em>Πνεῦμα</em></strong></span> <span class='ocrx_word' id='word_1_146' title='bbox 626 2497 657 2559; x_wconf 79' lang='grc' dir='ltr'><strong><em>δὲ</em></strong></span> <span class='ocrx_word' id='word_1_147' title='bbox 672 2495 758 2581; x_wconf 84' lang='grc' dir='ltr'><strong><em>δι’γιον</em></strong></span> <span class='ocrx_word' id='word_1_148' title='bbox 775 2492 829 2558; x_wconf 86' lang='grc' dir='ltr'><strong><em>οῦκ</em></strong></span> <span class='ocrx_word' id='word_1_149' title='bbox 847 2498 956 2559; x_wconf 79' lang='grc' dir='ltr'><strong><em>ἴσασιν·</em></strong></span> <span class='ocrx_word' id='word_1_150' title='bbox 979 2493 1016 2560; x_wconf 90' lang='grc' dir='ltr'><strong><em>οῦ</em></strong></span> <span class='ocrx_word' id='word_1_151' title='bbox 1035 2494 1091 2582; x_wconf 90' lang='grc' dir='ltr'><strong><em>γάρ</em></strong></span> <span class='ocrx_word' id='word_1_152' title='bbox 1114 2500 1169 2561; x_wconf 77' lang='grc' dir='ltr'><strong><em>εἰσι</em></strong></span> <span class='ocrx_word' id='word_1_153' title='bbox 1186 2495 1294 2561; x_wconf 86' lang='grc' dir='ltr'><strong><em>τούτου</em></strong></span> <span class='ocrx_word' id='word_1_154' title='bbox 1310 2495 1432 2580; x_wconf 74' lang='grc' dir='ltr'><strong><em>ἠξιωμέ-</em></strong></span> 
     </span>
     <span class='ocr_line' id='line_1_22' title="bbox 290 2591 1433 2681; baseline -0.002 -16"><span class='ocrx_word' id='word_1_155' title='bbox 290 2627 351 2667; x_wconf 91' lang='grc' dir='ltr'><strong><em>νοι·</em></strong></span> <span class='ocrx_word' id='word_1_156' title='bbox 373 2597 409 2664; x_wconf 84' lang='grc' dir='ltr'><strong><em>τά</em></strong></span> <span class='ocrx_word' id='word_1_157' title='bbox 427 2597 524 2663; x_wconf 88' lang='grc' dir='ltr'><strong><em>πάντα</em></strong></span> <span class='ocrx_word' id='word_1_158' title='bbox 541 2597 573 2660; x_wconf 86' lang='grc' dir='ltr'><strong><em>δέ</em></strong></span> <span class='ocrx_word' id='word_1_159' title='bbox 589 2599 638 2661; x_wconf 81' lang='grc' dir='ltr'><strong><em>ἴσα</em></strong></span> <span class='ocrx_word' id='word_1_160' title='bbox 654 2600 850 2681; x_wconf 87' lang='grc' dir='ltr'><strong><em>Σαμαρείταις</em></strong></span> <span class='ocrx_word' id='word_1_161' title='bbox 868 2596 1069 2676; x_wconf 88' lang='grc' dir='ltr'><strong><em>φυλάττουσιν.</em></strong></span> <span class='ocrx_word' id='word_1_162' title='bbox 1116 2595 1179 2662; x_wconf 89' lang='grc' dir='ltr'><strong><em>Οῦκ</em></strong></span> <span class='ocrx_word' id='word_1_163' title='bbox 1201 2591 1276 2681; x_wconf 83' lang='grc' dir='ltr'><strong><em>ἦσαν</em></strong></span> <span class='ocrx_word' id='word_1_164' title='bbox 1296 2599 1328 2663; x_wconf 87' lang='grc' dir='ltr'><strong><em>δέ</em></strong></span> <span class='ocrx_word' id='word_1_165' title='bbox 1349 2591 1433 2664; x_wconf 83' lang='grc' dir='ltr'><strong><em>οῦτοι</em></strong></span> 
     </span>
     <span class='ocr_line' id='line_1_23' title="bbox 291 2695 1432 2785; baseline 0 -20"><span class='ocrx_word' id='word_1_166' title='bbox 291 2709 485 2784; x_wconf 86' lang='grc' dir='ltr'><strong><em>Σαμαρεῖται,</em></strong></span> <span class='ocrx_word' id='word_1_167' title='bbox 507 2696 565 2762; x_wconf 72' lang='grc' dir='ltr'><strong><em>ἄλλ’</em></strong></span> <span class='ocrx_word' id='word_1_168' title='bbox 579 2695 730 2762; x_wconf 87' lang='grc' dir='ltr'><strong><em>Ἰουδαῖοι.</em></strong></span> <span class='ocrx_word' id='word_1_169' title='bbox 771 2696 827 2762; x_wconf 83' lang='grc' dir='ltr'><strong><em>Ἐν</em></strong></span> <span class='ocrx_word' id='word_1_170' title='bbox 844 2695 1059 2783; x_wconf 80' lang='grc' dir='ltr'><strong><em>Ἱεροσολύμοις</em></strong></span> <span class='ocrx_word' id='word_1_171' title='bbox 1075 2698 1130 2785; x_wconf 87' lang='grc' dir='ltr'><strong><em>γάρ</em></strong></span> <span class='ocrx_word' id='word_1_172' title='bbox 1149 2703 1320 2780; x_wconf 80' lang='grc' dir='ltr'><strong><em>ἐθυσίαζον,</em></strong></span> <span class='ocrx_word' id='word_1_173' title='bbox 1341 2698 1377 2765; x_wconf 87' lang='grc' dir='ltr'><strong><em>τά</em></strong></span> <span class='ocrx_word' id='word_1_174' title='bbox 1399 2701 1432 2766; x_wconf 85' lang='grc' dir='ltr'><strong><em>δέ</em></strong></span> 
     </span>
     <span class='ocr_line' id='line_1_24' title="bbox 292 2798 1430 2888; baseline 0.004 -24"><span class='ocrx_word' id='word_1_175' title='bbox 292 2800 362 2865; x_wconf 85' lang='grc' dir='ltr'><strong><em>ι’ίλλα</em></strong></span> <span class='ocrx_word' id='word_1_176' title='bbox 383 2799 479 2865; x_wconf 89' lang='grc' dir='ltr'><strong><em>πάντα</em></strong></span> <span class='ocrx_word' id='word_1_177' title='bbox 497 2798 656 2874; x_wconf 74' lang='grc' dir='ltr'><strong><em>Ἰουδαίοις</em></strong></span> <span class='ocrx_word' id='word_1_178' title='bbox 679 2802 883 2886; x_wconf 89' lang='grc' dir='ltr'><strong><em>συνέπραττον.</em></strong></span> <span class='ocrx_word' id='word_1_179' title='bbox 927 2803 988 2865; x_wconf 84' lang='grc' dir='ltr'><strong><em>Καί</em></strong></span> <span class='ocrx_word' id='word_1_180' title='bbox 1009 2799 1094 2885; x_wconf 77' lang='grc' dir='ltr'><strong><em>αρ’τοί</em></strong></span> <span class='ocrx_word' id='word_1_181' title='bbox 1117 2802 1149 2865; x_wconf 85' lang='grc' dir='ltr'><strong><em>δέ</em></strong></span> <span class='ocrx_word' id='word_1_182' title='bbox 1174 2799 1430 2888; x_wconf 77' lang='grc' dir='ltr'><strong><em>άνατραπησονται</em></strong></span> 
     </span>
     <span class='ocr_line' id='line_1_25' title="bbox 291 2898 1431 2987; baseline 0.002 -20"><span class='ocrx_word' id='word_1_183' title='bbox 291 2899 349 2967; x_wconf 87' lang='grc' dir='ltr'><strong><em>άπῦ</em></strong></span> <span class='ocrx_word' id='word_1_184' title='bbox 367 2908 419 2966; x_wconf 90' lang='grc' dir='ltr'><strong><em>τοῦ</em></strong></span> <span class='ocrx_word' id='word_1_185' title='bbox 435 2898 603 2978; x_wconf 79' lang='grc' dir='ltr'><strong><em>άξιοπίστου</em></strong></span> <span class='ocrx_word' id='word_1_186' title='bbox 620 2907 673 2966; x_wconf 89' lang='grc' dir='ltr'><strong><em>τοῦ</em></strong></span> <span class='ocrx_word' id='word_1_187' title='bbox 689 2907 795 2987; x_wconf 89' lang='grc' dir='ltr'><strong><em>κυρίου</em></strong></span> <span class='ocrx_word' id='word_1_188' title='bbox 808 2909 921 2986; x_wconf 81' lang='grc' dir='ltr'><strong><em>φωνῖγς,</em></strong></span> <span class='ocrx_word' id='word_1_189' title='bbox 942 2901 980 2984; x_wconf 78' lang='grc' dir='ltr'><strong><em>ἣν</em></strong></span> <span class='ocrx_word' id='word_1_190' title='bbox 994 2901 1080 2967; x_wconf 82' lang='grc' dir='ltr'><strong><em>αῦτοῖ</em></strong></span> <span class='ocrx_word' id='word_1_191' title='bbox 1096 2900 1165 2967; x_wconf 82' lang='grc' dir='ltr'><strong><em>καθ’</em></strong></span> <span class='ocrx_word' id='word_1_192' title='bbox 1180 2905 1292 2968; x_wconf 75' lang='grc' dir='ltr'><strong><em>ἑαυτῶν</em></strong></span> <span class='ocrx_word' id='word_1_193' title='bbox 1304 2903 1431 2970; x_wconf 86' lang='grc' dir='ltr'><strong><em>ἐπεσπά-</em></strong></span> 
     </span>
     <span class='ocr_line' id='line_1_26' title="bbox 290 3001 1431 3095; baseline 0 -25"><span class='ocrx_word' id='word_1_194' title='bbox 290 3026 393 3082; x_wconf 85' lang='grc' dir='ltr'><strong><em>σαντο,</em></strong></span> <span class='ocrx_word' id='word_1_195' title='bbox 415 3001 463 3066; x_wconf 89' lang='grc' dir='ltr'><strong><em>διά</em></strong></span> <span class='ocrx_word' id='word_1_196' title='bbox 480 3010 531 3085; x_wconf 83' lang='grc' dir='ltr'><strong><em>τῆς</em></strong></span> <span class='ocrx_word' id='word_1_197' title='bbox 546 3009 599 3067; x_wconf 88' lang='grc' dir='ltr'><strong><em>τοῦ</em></strong></span> <span class='ocrx_word' id='word_1_198' title='bbox 616 3002 777 3086; x_wconf 78' lang='grc' dir='ltr'><strong><em>ζητήματος</em></strong></span> <span class='ocrx_word' id='word_1_199' title='bbox 794 3003 965 3083; x_wconf 77' lang='grc' dir='ltr'><strong><em>ἐπιλύσεως,</em></strong></span> <span class='ocrx_word' id='word_1_200' title='bbox 986 3003 1034 3069; x_wconf 80' lang='grc' dir='ltr'><strong><em>ὅτε</em></strong></span> <span class='ocrx_word' id='word_1_201' title='bbox 1048 3011 1216 3090; x_wconf 82' lang='grc' dir='ltr'><strong><em>προςῖγλθον</em></strong></span> <span class='ocrx_word' id='word_1_202' title='bbox 1238 3004 1318 3095; x_wconf 81' lang='grc' dir='ltr'><strong><em>αῦτρῖ</em></strong></span> <span class='ocrx_word' id='word_1_203' title='bbox 1333 3008 1431 3093; x_wconf 86' lang='grc' dir='ltr'><strong><em>λέγον-</em></strong></span> 
     </span>
     <span class='ocr_line' id='line_1_27' title="bbox 289 3102 1430 3197; baseline 0.002 -26"><span class='ocrx_word' id='word_1_204' title='bbox 289 3132 345 3185; x_wconf 88' lang='grc' dir='ltr'><strong><em>τες,</em></strong></span> <span class='ocrx_word' id='word_1_205' title='bbox 365 3109 391 3170; x_wconf 87' lang='grc' dir='ltr'><strong><em>εί</em></strong></span> <span class='ocrx_word' id='word_1_206' title='bbox 404 3103 525 3169; x_wconf 87' lang='grc' dir='ltr'><strong><em>δύναται</em></strong></span> <span class='ocrx_word' id='word_1_207' title='bbox 541 3102 616 3170; x_wconf 81' lang='grc' dir='ltr'><strong><em>εἶναι</em></strong></span> <span class='ocrx_word' id='word_1_208' title='bbox 630 3113 740 3191; x_wconf 89' lang='grc' dir='ltr'><strong><em>νεκρῶν</em></strong></span> <span class='ocrx_word' id='word_1_209' title='bbox 755 3105 921 3186; x_wconf 82' lang='grc' dir='ltr'><strong><em>α’νάστασις,</em></strong></span> <span class='ocrx_word' id='word_1_210' title='bbox 938 3109 989 3172; x_wconf 88' lang='grc' dir='ltr'><strong><em>καί</em></strong></span> <span class='ocrx_word' id='word_1_211' title='bbox 1005 3106 1050 3173; x_wconf 84' lang='grc' dir='ltr'><strong><em>ότι</em></strong></span> <span class='ocrx_word' id='word_1_212' title='bbox 1066 3106 1138 3171; x_wconf 77' lang='grc' dir='ltr'><strong><em>ἑκτά</em></strong></span> <span class='ocrx_word' id='word_1_213' title='bbox 1151 3105 1273 3190; x_wconf 84' lang='grc' dir='ltr'><strong><em>άδελφοῖ</em></strong></span> <span class='ocrx_word' id='word_1_214' title='bbox 1286 3110 1430 3197; x_wconf 89' lang='grc' dir='ltr'><strong><em>ἐγένοντο,</em></strong></span> 
     </span>
     <span class='ocr_line' id='line_1_28' title="bbox 290 3205 1432 3295; baseline 0.001 -22"><span class='ocrx_word' id='word_1_215' title='bbox 290 3210 340 3275; x_wconf 82' lang='grc' dir='ltr'><strong><em>καὶ</em></strong></span> <span class='ocrx_word' id='word_1_216' title='bbox 362 3205 514 3293; x_wconf 87' lang='grc' dir='ltr'><strong><em>δπρῶτος</em></strong></span> <span class='ocrx_word' id='word_1_217' title='bbox 537 3217 660 3292; x_wconf 86' lang='grc' dir='ltr'><strong><em>γυναῖκα</em></strong></span> <span class='ocrx_word' id='word_1_218' title='bbox 681 3211 784 3294; x_wconf 84' lang='grc' dir='ltr'><strong><em>έγημε,</em></strong></span> <span class='ocrx_word' id='word_1_219' title='bbox 807 3212 857 3274; x_wconf 83' lang='grc' dir='ltr'><strong><em>καί</em></strong></span> <span class='ocrx_word' id='word_1_220' title='bbox 877 3210 966 3286; x_wconf 86' lang='grc' dir='ltr'><strong><em>άπαις</em></strong></span> <span class='ocrx_word' id='word_1_221' title='bbox 989 3209 1165 3294; x_wconf 83' lang='grc' dir='ltr'><strong><em>ἐτελεύτησε,</em></strong></span> <span class='ocrx_word' id='word_1_222' title='bbox 1187 3213 1237 3277; x_wconf 83' lang='grc' dir='ltr'><strong><em>καί</em></strong></span> <span class='ocrx_word' id='word_1_223' title='bbox 1259 3208 1277 3276; x_wconf 96' lang='lat'>6</span> <span class='ocrx_word' id='word_1_224' title='bbox 1297 3210 1432 3295; x_wconf 87' lang='grc' dir='ltr'><strong><em>δεύτερος</em></strong></span> 
     </span>
     <span class='ocr_line' id='line_1_29' title="bbox 289 3307 1430 3397; baseline -0.002 -21"><span class='ocrx_word' id='word_1_225' title='bbox 289 3315 391 3394; x_wconf 78' lang='grc' dir='ltr'><strong><em>ἔλαβεν</em></strong></span> <span class='ocrx_word' id='word_1_226' title='bbox 413 3307 522 3391; x_wconf 75' lang='grc' dir='ltr'><strong><em>ου’τήυ,</em></strong></span> <span class='ocrx_word' id='word_1_227' title='bbox 545 3311 700 3385; x_wconf 85' lang='grc' dir='ltr'><strong><em>Μωϋσέως</em></strong></span> <span class='ocrx_word' id='word_1_228' title='bbox 723 3314 992 3396; x_wconf 80' lang='grc' dir='ltr'><strong><em>παρακελευομένου</em></strong></span> <span class='ocrx_word' id='word_1_229' title='bbox 1017 3311 1282 3397; x_wconf 83' lang='grc' dir='ltr'><strong><em>ἐπιγαμβρεύεσθαι</em></strong></span> <span class='ocrx_word' id='word_1_230' title='bbox 1303 3307 1356 3393; x_wconf 72' lang='grc' dir='ltr'><strong><em>τὴν</em></strong></span> <span class='ocrx_word' id='word_1_231' title='bbox 1378 3337 1430 3394; x_wconf 86' lang='grc' dir='ltr'><strong><em>γυ-</em></strong></span> 
     </span>
    </p>

    <p class='ocr_par' dir='ltr' id='par_1_7' title="bbox 178 3408 1433 4620">
     <span class='ocr_line' id='line_1_30' title="bbox 178 3408 1429 3501; baseline -0.003 -23"><span class='ocrx_word' id='word_1_232' title='bbox 178 3454 228 3498; x_wconf 67' lang='lat' dir='ltr'><strong><em>pag.</em></strong></span> <span class='ocrx_word' id='word_1_233' title='bbox 241 3441 273 3485; x_wconf 78' lang='grc' dir='ltr'><strong><em>κκ,</em></strong></span> <span class='ocrx_word' id='word_1_234' title='bbox 290 3423 378 3479; x_wconf 89' lang='grc' dir='ltr'><strong><em>ναῖκα</em></strong></span> <span class='ocrx_word' id='word_1_235' title='bbox 396 3418 450 3478; x_wconf 91' lang='grc' dir='ltr'><strong><em>τοῦ</em></strong></span> <span class='ocrx_word' id='word_1_236' title='bbox 466 3409 594 3491; x_wconf 89' lang='grc' dir='ltr'><strong><em>άδελφοῦ</em></strong></span> <span class='ocrx_word' id='word_1_237' title='bbox 612 3408 737 3487; x_wconf 85' lang='grc' dir='ltr'><strong><em>ύπαιδος</em></strong></span> <span class='ocrx_word' id='word_1_238' title='bbox 752 3413 988 3496; x_wconf 84' lang='grc' dir='ltr'><strong><em>τελευτήσαντος,</em></strong></span> <span class='ocrx_word' id='word_1_239' title='bbox 1010 3415 1060 3477; x_wconf 82' lang='grc' dir='ltr'><strong><em>καλ</em></strong></span> <span class='ocrx_word' id='word_1_240' title='bbox 1077 3413 1200 3498; x_wconf 81' lang='grc' dir='ltr'><strong><em>άγεσθαι</em></strong></span> <span class='ocrx_word' id='word_1_241' title='bbox 1210 3408 1371 3494; x_wconf 71' lang='grc' dir='ltr'><strong><em>τηναύτην</em></strong></span> <span class='ocrx_word' id='word_1_242' title='bbox 1386 3418 1429 3501; x_wconf 79' lang='grc' dir='ltr'><strong><em>τῶ</em></strong></span> 
     </span>
     <span class='ocr_line' id='line_1_31' title="bbox 290 3510 1427 3603; baseline -0.001 -24"><span class='ocrx_word' id='word_1_243' title='bbox 290 3513 407 3603; x_wconf 74' lang='grc' dir='ltr'><strong><em>α’δελφρῖ</em></strong></span> <span class='ocrx_word' id='word_1_244' title='bbox 435 3511 510 3597; x_wconf 85' lang='grc' dir='ltr'><strong><em>πρός</em></strong></span> <span class='ocrx_word' id='word_1_245' title='bbox 536 3510 569 3576; x_wconf 86' lang='grc' dir='ltr'><strong><em>τῦ</em></strong></span> <span class='ocrx_word' id='word_1_246' title='bbox 596 3515 786 3596; x_wconf 77' lang='grc' dir='ltr'><strong><em>ἐξαναστῆσαι</em></strong></span> <span class='ocrx_word' id='word_1_247' title='bbox 810 3517 925 3600; x_wconf 87' lang='grc' dir='ltr'><strong><em>σπέρμα</em></strong></span> <span class='ocrx_word' id='word_1_248' title='bbox 950 3518 991 3590; x_wconf 85' lang='grc' dir='ltr'><strong><em>είς</em></strong></span> <span class='ocrx_word' id='word_1_249' title='bbox 1017 3513 1112 3597; x_wconf 80' lang='grc' dir='ltr'><strong><em>ὄνομα</em></strong></span> <span class='ocrx_word' id='word_1_250' title='bbox 1134 3522 1187 3581; x_wconf 88' lang='grc' dir='ltr'><strong><em>τοῦ</em></strong></span> <span class='ocrx_word' id='word_1_251' title='bbox 1210 3513 1427 3595; x_wconf 83' lang='grc' dir='ltr'><strong><em>κατοιχομένου.</em></strong></span> 
     </span>
     <span class='ocr_line' id='line_1_32' title="bbox 291 3613 1429 3703; baseline 0.001 -24"><span class='ocrx_word' id='word_1_252' title='bbox 291 3614 405 3699; x_wconf 80' lang='grc' dir='ltr'><strong><em>’Ἑλαβε</em></strong></span> <span class='ocrx_word' id='word_1_253' title='bbox 420 3625 507 3703; x_wconf 85' lang='grc' dir='ltr'><strong><em>γοῦν,</em></strong></span> <span class='ocrx_word' id='word_1_254' title='bbox 530 3616 619 3696; x_wconf 85' lang='grc' dir='ltr'><strong><em>φησί,</em></strong></span> <span class='ocrx_word' id='word_1_255' title='bbox 641 3615 754 3698; x_wconf 90' lang='grc' dir='ltr'><strong><em>ταύτην.</em></strong></span> <span class='ocrx_word' id='word_1_256' title='bbox 767 3615 785 3682; x_wconf 93' lang='lat'>6</span> <span class='ocrx_word' id='word_1_257' title='bbox 799 3626 930 3703; x_wconf 85' lang='grc' dir='ltr'><strong><em>πρῶτος,</em></strong></span> <span class='ocrx_word' id='word_1_258' title='bbox 952 3620 1001 3683; x_wconf 87' lang='grc' dir='ltr'><strong><em>καλ</em></strong></span> <span class='ocrx_word' id='word_1_259' title='bbox 1017 3614 1035 3682; x_wconf 90' lang='lat'>6</span> <span class='ocrx_word' id='word_1_260' title='bbox 1051 3617 1201 3701; x_wconf 90' lang='grc' dir='ltr'><strong><em>δεύτερος,</em></strong></span> <span class='ocrx_word' id='word_1_261' title='bbox 1222 3617 1272 3681; x_wconf 81' lang='grc' dir='ltr'><strong><em>καί</em></strong></span> <span class='ocrx_word' id='word_1_262' title='bbox 1287 3613 1429 3699; x_wconf 85' lang='grc' dir='ltr'><strong><em>ἐτελεύτη-</em></strong></span> 
     </span>
     <span class='ocr_line' id='line_1_33' title="bbox 291 3717 1431 3808; baseline 0.003 -28"><span class='ocrx_word' id='word_1_263' title='bbox 291 3738 357 3781; x_wconf 90' lang='grc' dir='ltr'><strong><em>σαν·</em></strong></span> <span class='ocrx_word' id='word_1_264' title='bbox 387 3717 496 3801; x_wconf 87' lang='grc' dir='ltr'><strong><em>δμοίως</em></strong></span> <span class='ocrx_word' id='word_1_265' title='bbox 513 3719 564 3783; x_wconf 83' lang='grc' dir='ltr'><strong><em>καί</em></strong></span> <span class='ocrx_word' id='word_1_266' title='bbox 584 3720 615 3782; x_wconf 85' lang='grc' dir='ltr'><strong><em>οῖ</em></strong></span> <span class='ocrx_word' id='word_1_267' title='bbox 635 3717 715 3782; x_wconf 80' lang='grc' dir='ltr'><strong><em>ἑπτά.</em></strong></span> <span class='ocrx_word' id='word_1_268' title='bbox 757 3717 812 3783; x_wconf 89' lang='grc' dir='ltr'><strong><em>Ἐν</em></strong></span> <span class='ocrx_word' id='word_1_269' title='bbox 827 3727 862 3808; x_wconf 73' lang='grc' dir='ltr'><strong><em>τῇ</em></strong></span> <span class='ocrx_word' id='word_1_270' title='bbox 885 3719 1037 3785; x_wconf 88' lang='grc' dir='ltr'><strong><em>άναστάσει</em></strong></span> <span class='ocrx_word' id='word_1_271' title='bbox 1053 3727 1112 3785; x_wconf 88' lang='grc' dir='ltr'><strong><em>τῶν</em></strong></span> <span class='ocrx_word' id='word_1_272' title='bbox 1128 3725 1239 3805; x_wconf 89' lang='grc' dir='ltr'><strong><em>νεκρῶν</em></strong></span> <span class='ocrx_word' id='word_1_273' title='bbox 1256 3723 1336 3795; x_wconf 88' lang='grc' dir='ltr'><strong><em>τίνος</em></strong></span> <span class='ocrx_word' id='word_1_274' title='bbox 1351 3721 1431 3784; x_wconf 80' lang='grc' dir='ltr'><strong><em>ἐσται</em></strong></span> 
     </span>
     <span class='ocr_line' id='line_1_34' title="bbox 291 3816 1432 3906; baseline 0.005 -26"><span class='ocrx_word' id='word_1_275' title='bbox 291 3816 364 3899; x_wconf 84' lang='grc' dir='ltr'><strong><em>αῦτη</em></strong></span> <span class='ocrx_word' id='word_1_276' title='bbox 381 3820 471 3904; x_wconf 69' lang='grc' dir='ltr'><strong><em>γυνὴ,</em></strong></span> <span class='ocrx_word' id='word_1_277' title='bbox 494 3818 595 3902; x_wconf 70' lang='grc' dir='ltr'><strong><em>ἐπειδὴ</em></strong></span> <span class='ocrx_word' id='word_1_278' title='bbox 612 3821 662 3885; x_wconf 82' lang='grc' dir='ltr'><strong><em>καί</em></strong></span> <span class='ocrx_word' id='word_1_279' title='bbox 678 3824 709 3886; x_wconf 88' lang='grc' dir='ltr'><strong><em>οί</em></strong></span> <span class='ocrx_word' id='word_1_280' title='bbox 726 3820 797 3885; x_wconf 75' lang='grc' dir='ltr'><strong><em>ἑπτά</em></strong></span> <span class='ocrx_word' id='word_1_281' title='bbox 813 3825 897 3904; x_wconf 88' lang='grc' dir='ltr'><strong><em>ἐσχον</em></strong></span> <span class='ocrx_word' id='word_1_282' title='bbox 913 3820 1021 3903; x_wconf 81' lang='grc' dir='ltr'><strong><em>αύτήν,·</em></strong></span> <span class='ocrx_word' id='word_1_283' title='bbox 1041 3818 1074 3884; x_wconf 91' lang='grc' dir='ltr'><em>Ὁ</em></span> <span class='ocrx_word' id='word_1_284' title='bbox 1090 3822 1122 3886; x_wconf 90' lang='grc' dir='ltr'><strong><em>δέ</em></strong></span> <span class='ocrx_word' id='word_1_285' title='bbox 1136 3821 1240 3906; x_wconf 85' lang='grc' dir='ltr'><strong><em>κύριος</em></strong></span> <span class='ocrx_word' id='word_1_286' title='bbox 1256 3825 1325 3906; x_wconf 83' lang='grc' dir='ltr'><strong><em>ἐφη,</em></strong></span> <span class='ocrx_word' id='word_1_287' title='bbox 1349 3827 1432 3886; x_wconf 89' lang='grc' dir='ltr'><strong><em>Πλα-</em></strong></span> 
     </span>
     <span class='ocr_line' id='line_1_35' title="bbox 288 3920 1432 4008; baseline 0.003 -24"><span class='ocrx_word' id='word_1_288' title='bbox 288 3926 392 3996; x_wconf 80' lang='grc' dir='ltr'><strong><em>νᾶσθε,</em></strong></span> <span class='ocrx_word' id='word_1_289' title='bbox 415 3921 455 4002; x_wconf 75' lang='grc' dir='ltr'><strong><em>μὴ</em></strong></span> <span class='ocrx_word' id='word_1_290' title='bbox 471 3922 578 3999; x_wconf 81' lang='grc' dir='ltr'><strong><em>εἰδότες</em></strong></span> <span class='ocrx_word' id='word_1_291' title='bbox 591 3921 644 3999; x_wconf 85' lang='grc' dir='ltr'><strong><em>τάς</em></strong></span> <span class='ocrx_word' id='word_1_292' title='bbox 660 3921 785 4008; x_wconf 86' lang='grc' dir='ltr'><strong><em>γραφάς,</em></strong></span> <span class='ocrx_word' id='word_1_293' title='bbox 808 3924 881 4005; x_wconf 90' lang='grc' dir='ltr'><strong><em>μηδέ</em></strong></span> <span class='ocrx_word' id='word_1_294' title='bbox 896 3922 949 4004; x_wconf 75' lang='grc' dir='ltr'><strong><em>την</em></strong></span> <span class='ocrx_word' id='word_1_295' title='bbox 965 3922 1090 4006; x_wconf 90' lang='grc' dir='ltr'><strong><em>δύναμιν</em></strong></span> <span class='ocrx_word' id='word_1_296' title='bbox 1105 3930 1166 3989; x_wconf 89' lang='grc' dir='ltr'><strong><em>τοῦ</em></strong></span> <span class='ocrx_word' id='word_1_297' title='bbox 1177 3932 1260 3990; x_wconf 79' lang='grc' dir='ltr'><strong><em>θεοῦ.</em></strong></span> <span class='ocrx_word' id='word_1_298' title='bbox 1302 3923 1358 3989; x_wconf 87' lang='grc' dir='ltr'><strong><em>Ἐν</em></strong></span> <span class='ocrx_word' id='word_1_299' title='bbox 1374 3920 1432 4008; x_wconf 86' lang='grc' dir='ltr'><strong><em>γάρ</em></strong></span> 
     </span>
     <span class='ocr_line' id='line_1_36' title="bbox 288 4017 1433 4111; baseline 0 -25"><span class='ocrx_word' id='word_1_300' title='bbox 288 4028 324 4111; x_wconf 75' lang='grc' dir='ltr'><strong><em>τῇ</em></strong></span> <span class='ocrx_word' id='word_1_301' title='bbox 342 4017 495 4086; x_wconf 87' lang='grc' dir='ltr'><strong><em>άναστάσει</em></strong></span> <span class='ocrx_word' id='word_1_302' title='bbox 511 4032 570 4089; x_wconf 89' lang='grc' dir='ltr'><strong><em>τῶν</em></strong></span> <span class='ocrx_word' id='word_1_303' title='bbox 586 4033 697 4110; x_wconf 89' lang='grc' dir='ltr'><strong><em>νεκρῶν</em></strong></span> <span class='ocrx_word' id='word_1_304' title='bbox 717 4023 785 4090; x_wconf 88' lang='grc' dir='ltr'><strong><em>ούτε</em></strong></span> <span class='ocrx_word' id='word_1_305' title='bbox 801 4031 953 4110; x_wconf 89' lang='grc' dir='ltr'><strong><em>γαμοῦσιν,</em></strong></span> <span class='ocrx_word' id='word_1_306' title='bbox 976 4023 1042 4089; x_wconf 87' lang='grc' dir='ltr'><strong><em>οῦτε</em></strong></span> <span class='ocrx_word' id='word_1_307' title='bbox 1057 4030 1257 4111; x_wconf 82' lang='grc' dir='ltr'><strong><em>γαμίσκονται,</em></strong></span> <span class='ocrx_word' id='word_1_308' title='bbox 1279 4023 1337 4090; x_wconf 72' lang='grc' dir='ltr'><strong><em>ἄλλ’</em></strong></span> <span class='ocrx_word' id='word_1_309' title='bbox 1353 4023 1433 4106; x_wconf 84' lang='grc' dir='ltr'><strong><em>ἐσάγ-</em></strong></span> 
     </span>
     <span class='ocr_line' id='line_1_37' title="bbox 288 4122 1432 4211; baseline -0.003 -22"><span class='ocrx_word' id='word_1_310' title='bbox 288 4129 365 4211; x_wconf 85' lang='grc' dir='ltr'><strong><em>γελοί</em></strong></span> <span class='ocrx_word' id='word_1_311' title='bbox 382 4125 461 4187; x_wconf 83' lang='grc' dir='ltr'><strong><em>εἰσιν.</em></strong></span> <span class='ocrx_word' id='word_1_312' title='bbox 493 4122 567 4188; x_wconf 79' lang='grc' dir='ltr'><strong><em>Ὅτι</em></strong></span> <span class='ocrx_word' id='word_1_313' title='bbox 585 4127 617 4189; x_wconf 78' lang='grc' dir='ltr'><strong><em>δὲ</em></strong></span> <span class='ocrx_word' id='word_1_314' title='bbox 632 4124 841 4210; x_wconf 82' lang='grc' dir='ltr'><strong><em>α’ναστήσονται</em></strong></span> <span class='ocrx_word' id='word_1_315' title='bbox 859 4129 890 4190; x_wconf 83' lang='grc' dir='ltr'><strong><em>οἱ</em></strong></span> <span class='ocrx_word' id='word_1_316' title='bbox 904 4131 1017 4210; x_wconf 90' lang='grc' dir='ltr'><strong><em>νεκροί,</em></strong></span> <span class='ocrx_word' id='word_1_317' title='bbox 1040 4134 1176 4211; x_wconf 83' lang='grc' dir='ltr'><strong><em>Μωῦσῆς</em></strong></span> <span class='ocrx_word' id='word_1_318' title='bbox 1192 4125 1271 4209; x_wconf 85' lang='grc' dir='ltr'><strong><em>ῦμῦς</em></strong></span> <span class='ocrx_word' id='word_1_319' title='bbox 1287 4123 1432 4203; x_wconf 86' lang='grc' dir='ltr'><strong><em>διδάσκει,</em></strong></span> 
     </span>
     <span class='ocr_line' id='line_1_38' title="bbox 289 4221 1432 4313; baseline -0.002 -22"><span class='ocrx_word' id='word_1_320' title='bbox 289 4223 331 4302; x_wconf 85' lang='grc' dir='ltr'><strong><em>ῶς</em></strong></span> <span class='ocrx_word' id='word_1_321' title='bbox 350 4223 369 4291; x_wconf 91' lang='lat'>6</span> <span class='ocrx_word' id='word_1_322' title='bbox 388 4221 461 4300; x_wconf 82' lang='grc' dir='ltr'><strong><em>θεός</em></strong></span> <span class='ocrx_word' id='word_1_323' title='bbox 479 4221 558 4312; x_wconf 84' lang='grc' dir='ltr'><strong><em>αῦτρῖ</em></strong></span> <span class='ocrx_word' id='word_1_324' title='bbox 579 4227 763 4310; x_wconf 84' lang='grc' dir='ltr'><strong><em>ἐχρημάτισε,</em></strong></span> <span class='ocrx_word' id='word_1_325' title='bbox 783 4230 888 4313; x_wconf 83' lang='grc' dir='ltr'><strong><em>λέγων,</em></strong></span> <span class='ocrx_word' id='word_1_326' title='bbox 909 4225 990 4312; x_wconf 84' lang='grc' dir='ltr'><strong><em>Ἐγαί</em></strong></span> <span class='ocrx_word' id='word_1_327' title='bbox 1012 4231 1069 4311; x_wconf 81' lang='grc' dir='ltr'><strong><em>εἰμι</em></strong></span> <span class='ocrx_word' id='word_1_328' title='bbox 1085 4227 1102 4295; x_wconf 91' lang='lat'>6</span> <span class='ocrx_word' id='word_1_329' title='bbox 1120 4227 1193 4304; x_wconf 81' lang='grc' dir='ltr'><strong><em>θεός</em></strong></span> <span class='ocrx_word' id='word_1_330' title='bbox 1207 4223 1358 4312; x_wconf 73' lang='grc' dir='ltr'><strong><em>Ἀβραάμ,</em></strong></span> <span class='ocrx_word' id='word_1_331' title='bbox 1379 4226 1432 4290; x_wconf 82' lang='grc' dir='ltr'><strong><em>καί</em></strong></span> 
     </span>
     <span class='ocr_line' id='line_1_39' title="bbox 287 4323 1430 4414; baseline 0.001 -22"><span class='ocrx_word' id='word_1_332' title='bbox 287 4324 306 4392; x_wconf 94' lang='lat'>6</span> <span class='ocrx_word' id='word_1_333' title='bbox 329 4327 402 4404; x_wconf 79' lang='grc' dir='ltr'><strong><em>θεάς</em></strong></span> <span class='ocrx_word' id='word_1_334' title='bbox 419 4323 535 4405; x_wconf 85' lang='grc' dir='ltr'><strong><em>Ἰσαάκ,</em></strong></span> <span class='ocrx_word' id='word_1_335' title='bbox 557 4329 606 4392; x_wconf 84' lang='grc' dir='ltr'><strong><em>καί</em></strong></span> <span class='ocrx_word' id='word_1_336' title='bbox 628 4326 646 4395; x_wconf 88' lang='lat'>6</span> <span class='ocrx_word' id='word_1_337' title='bbox 668 4330 742 4407; x_wconf 81' lang='grc' dir='ltr'><strong><em>θεδς</em></strong></span> <span class='ocrx_word' id='word_1_338' title='bbox 757 4328 883 4413; x_wconf 81' lang='grc' dir='ltr'><strong><em>Ἰαιιιδβ,</em></strong></span> <span class='ocrx_word' id='word_1_339' title='bbox 908 4329 978 4406; x_wconf 82' lang='grc' dir='ltr'><strong><em>θεάς</em></strong></span> <span class='ocrx_word' id='word_1_340' title='bbox 998 4329 1127 4409; x_wconf 84' lang='grc' dir='ltr'><strong><em>ζάντων,</em></strong></span> <span class='ocrx_word' id='word_1_341' title='bbox 1151 4331 1200 4414; x_wconf 80' lang='grc' dir='ltr'><strong><em>καί</em></strong></span> <span class='ocrx_word' id='word_1_342' title='bbox 1221 4326 1286 4411; x_wconf 84' lang='grc' dir='ltr'><strong><em>ούχί</em></strong></span> <span class='ocrx_word' id='word_1_343' title='bbox 1308 4333 1430 4411; x_wconf 90' lang='grc' dir='ltr'><strong><em>νεκρῶν.</em></strong></span> 
     </span>
     <span class='ocr_line' id='line_1_40' title="bbox 287 4424 1430 4520; baseline 0.002 -27"><span class='ocrx_word' id='word_1_344' title='bbox 287 4432 350 4494; x_wconf 81' lang='grc' dir='ltr'><strong><em>Καὶ</em></strong></span> <span class='ocrx_word' id='word_1_345' title='bbox 371 4433 517 4511; x_wconf 84' lang='grc' dir='ltr'><strong><em>ἐφίμωσεν</em></strong></span> <span class='ocrx_word' id='word_1_346' title='bbox 538 4426 635 4495; x_wconf 87' lang='grc' dir='ltr'><strong><em>αῦτῶν</em></strong></span> <span class='ocrx_word' id='word_1_347' title='bbox 651 4430 684 4497; x_wconf 83' lang='grc' dir='ltr'><strong><em>τό</em></strong></span> <span class='ocrx_word' id='word_1_348' title='bbox 702 4429 803 4515; x_wconf 90' lang='grc' dir='ltr'><strong><em>στόμα.</em></strong></span> <span class='ocrx_word' id='word_1_349' title='bbox 848 4430 1005 4499; x_wconf 88' lang='grc' dir='ltr'><strong><em>Εῦάλωτοι</em></strong></span> <span class='ocrx_word' id='word_1_350' title='bbox 1021 4433 1076 4520; x_wconf 90' lang='grc' dir='ltr'><strong><em>γάρ</em></strong></span> <span class='ocrx_word' id='word_1_351' title='bbox 1092 4424 1191 4510; x_wconf 85' lang='grc' dir='ltr'><strong><em>οῦτοι,</em></strong></span> <span class='ocrx_word' id='word_1_352' title='bbox 1212 4432 1263 4497; x_wconf 82' lang='grc' dir='ltr'><strong><em>καί</em></strong></span> <span class='ocrx_word' id='word_1_353' title='bbox 1280 4427 1322 4514; x_wconf 75' lang='grc' dir='ltr'><strong><em>μή</em></strong></span> <span class='ocrx_word' id='word_1_354' title='bbox 1341 4429 1430 4496; x_wconf 88' lang='grc' dir='ltr'><strong><em>δυνά-</em></strong></span> 
     </span>
     <span class='ocr_line' id='line_1_41' title="bbox 287 4528 1223 4620; baseline 0 -25"><span class='ocrx_word' id='word_1_355' title='bbox 287 4554 370 4612; x_wconf 88' lang='grc' dir='ltr'><strong><em>μενοι</em></strong></span> <span class='ocrx_word' id='word_1_356' title='bbox 391 4528 557 4615; x_wconf 81' lang='grc' dir='ltr'><strong><em>άντιστῖγναι</em></strong></span> <span class='ocrx_word' id='word_1_357' title='bbox 577 4529 649 4615; x_wconf 83' lang='grc' dir='ltr'><strong><em>μήτε</em></strong></span> <span class='ocrx_word' id='word_1_358' title='bbox 669 4538 739 4617; x_wconf 85' lang='grc' dir='ltr'><strong><em>μίαν</em></strong></span> <span class='ocrx_word' id='word_1_359' title='bbox 760 4534 841 4618; x_wconf 86' lang='grc' dir='ltr'><strong><em>ῶραν</em></strong></span> <span class='ocrx_word' id='word_1_360' title='bbox 861 4533 937 4620; x_wconf 86' lang='grc' dir='ltr'><strong><em>πρδς</em></strong></span> <span class='ocrx_word' id='word_1_361' title='bbox 957 4535 1011 4620; x_wconf 76' lang='grc' dir='ltr'><strong><em>την</em></strong></span> <span class='ocrx_word' id='word_1_362' title='bbox 1032 4531 1182 4618; x_wconf 70' lang='grc' dir='ltr'><strong><em>ἀλήθειαν.</em></strong></span> <span class='ocrx_word' id='word_1_363' title='bbox 1220 4589 1223 4595; x_wconf 92' lang='grc'><strong><em>.</em></strong></span> 
     </span>
    </p>

    <p class='ocr_par' dir='ltr' id='par_1_8' title="bbox 320 4634 1013 4720">
     <span class='ocr_line' id='line_1_42' title="bbox 320 4634 1013 4720; baseline 0.004 -15"><span class='ocrx_word' id='word_1_364' title='bbox 320 4650 360 4706; x_wconf 84' lang='grc'><strong><em>16.</em></strong></span> <span class='ocrx_word' id='word_1_365' title='bbox 375 4644 503 4720; x_wconf 72' lang='grc' dir='ltr'><strong><em>ύλετήροιν</em></strong></span> <span class='ocrx_word' id='word_1_366' title='bbox 519 4656 570 4707; x_wconf 82' lang='grc' dir='ltr'><strong><em>ιοδ.</em></strong></span> <span class='ocrx_word' id='word_1_367' title='bbox 586 4657 661 4708; x_wconf 61' lang='lat' dir='ltr'><em>Vend-</em></span> <span class='ocrx_word' id='word_1_368' title='bbox 1009 4634 1013 4641; x_wconf 49' lang='grc'>’</span> 
     </span>
    </p>
   </div>
   <div class='ocr_carea' id='block_1_5' title="bbox 0 0 1528 5084">
    <p class='ocr_par' dir='ltr' id='par_1_9' title="bbox 0 0 1528 5084">
     <span class='ocr_line' id='line_1_43' title="bbox 0 0 1528 5084; baseline 0 3"><span class='ocrx_word' id='word_1_369' title='bbox 0 0 1528 5084; x_wconf 95' lang='lat' dir='ltr'><strong><em> </em></strong></span> 
     </span>
    </p>
   </div>
  </div>
 </body>
</html>
