3046 5084
271 328 332 390 298
693 340 814 391 οιιιοτι
832 340 1001 391 εειειιιυιι

269 455 313 522 ὅτι
330 455 506 542 θεραπεύει,
537 455 606 521 άλλοί
625 458 675 522 καί
692 455 767 521 κατά
787 455 842 521 δύο
860 454 990 542 τρόπους
1009 459 1096 522 ίάται.
1143 458 1343 543 Παραγγέλλει
1358 457 1418 545 γάρ

268 568 331 634 τοῖς
347 563 544 643 ίατρευθεῖσιν
560 561 592 623 έν
607 566 647 646 τῳ
666 557 803 646 σαββάτῳ
823 561 917 644 αίρειν
931 556 985 624 τδν
999 558 1183 645 ιιράββατου,
1212 561 1265 626 καί
1280 563 1417 643 βαδίζειν.

267 660 351 726 Ἀλλά
365 665 415 726 καί
430 663 461 727 έν
478 659 615 749 σαββάτῳ
628 659 721 743 πηλδν
736 658 874 744 φυράσας
889 662 1017 743 ἐπέθηκε
1031 670 1092 737 τοῖς
1105 668 1157 726 τοῦ
1170 669 1284 742 τυφλοῦ
1299 660 1419 742 ὀφθαλ-

268 773 342 846 μοῖς.
378 763 494 849 ’Έργον
517 766 549 828 δέ
569 766 628 829 έστι
650 761 744 845 πηλδν
768 761 907 848 φυράσαι.
942 762 1038 828 Ὅθεν
1060 763 1177 848 γνόντες
1200 768 1230 830 οί
1251 761 1423 844 άπάστολοι,

267 866 312 932 ὅτι
330 868 443 932 λέλυται
465 866 498 933 ιδ
519 865 669 951 σάββατον
690 863 750 930 άπό
771 873 824 947 τῆς
840 863 933 930 αὐτοῦ
951 863 1011 947 άμα
1028 863 1130 942 αάτοῖς
1147 871 1356 953 σννδιατριβὴς
1371 870 1424 933 ιιαί

267 973 468 1047 διδασκαλίας,
490 973 616 1034 τίλλουσι
633 966 760 1050 στάχυας
779 966 928 1056 σαββάτῳ,
950 969 1001 1032 καί
1018 967 1169 1050 ψοέχουσι,
1190 971 1242 1035 καί
1258 971 1423 1036 έσθίουσιν.

260 1064 316 1135 Ἦν
328 1073 360 1135 δὲ
375 1071 524 1153 σάββατον
539 1069 787 1155 δευτερόπρωτον,
812 1067 854 1145 ῶς
868 1073 923 1152 έχει
937 1067 971 1134 τδ
987 1068 1162 1155 εὐαγγέλιον.
1206 1069 1350 1155 Σάββατα
1364 1070 1423 1159 γάρ

267 1171 398 1256 διάφορα
418 1172 517 1256 ῶριζεν
535 1170 552 1237 6
569 1172 676 1255 νόμος,
706 1171 738 1237 τά
757 1173 809 1254 μέν
825 1170 900 1237 κατά
918 1172 1069 1255 ἑβδομάδα
1086 1170 1345 1255 άναιινκλοάμενον
1363 1174 1423 1254 φά-

146 1306 196 1350 ρις.
211 1293 254 1337 ιεο.
269 1296 313 1340 σει
333 1274 496 1358 σάββατον,
518 1273 550 1340 τδ
574 1276 605 1339 δέ
626 1272 675 1338 διά
697 1273 748 1349 τάς
769 1271 996 1350 άποπιπτούσας
1014 1281 1067 1358 τῆς
1084 1273 1158 1340 κατά
1176 1274 1299 1358 σελήνην
1315 1301 1423 1359 νεομη-

265 1382 346 1455 νίας,
376 1380 428 1441 ιιαὶ
449 1375 502 1452 τάς
520 1380 649 1460 καθεξῆς
666 1374 769 1461 ἑορτάς
775 1427 785 1456 ,
815 1374 880 1441 οίον
897 1374 1006 1461 ἡμέρας
1022 1381 1225 1461 σκηνοπηγίας
1240 1379 1292 1444 καί
1309 1375 1421 1465 ἡμέρας

268 1478 426 1561 έπάσχων,
457 1478 506 1544 ὅτε
532 1478 565 1544 τά
591 1477 743 1565 πρόβατον
769 1477 896 1558 θύουσι,
925 1481 977 1543 καί
1000 1478 1096 1562 άζυμα
1122 1477 1228 1545 λοιπδν
1255 1482 1420 1547 ἐσθίουσιν.

270 1580 361 1646 θ”Ετι
379 1583 411 1645 δὲ
429 1579 481 1663 τὴν
499 1586 569 1663 μίαν
585 1585 719 1665 νηστείαν
735 1578 909 1663 νηστείουσι
924 1588 978 1646 τοῦ
997 1584 1098 1660 έτους,
1126 1579 1181 1664 τὴν
1195 1584 1352 1666 λεγομένην
1368 1609 1417 1666 με·

264 1683 364 1771 γάλην,
387 1686 438 1748 καί
452 1681 505 1766 τὴν
521 1682 619 1765 άλλην,
642 1683 680 1765 ἡν
693 1685 810 1769 λέγουσι
825 1682 941 1769 μικράν.
963 1682 1035 1748 Ὅτε
1048 1681 1103 1769 γάρ
1119 1687 1315 1767 ἐμπίπτουσιν
1330 1677 1422 1752 αὗται

265 1791 297 1851 αί
309 1784 425 1871 ἡμέραι,
444 1784 510 1868 ἡτοι
526 1788 557 1851 έν
572 1788 693 1874 δευτέρῳ
708 1783 875 1868 σαββάτων,
894 1784 914 1868 ἡ
930 1789 960 1852 έν
973 1791 1065 1875 τρίτη,
1087 1785 1108 1868 ἡ
1122 1789 1153 1852 έν
1171 1785 1322 1873 έτετράδι,
1344 1785 1419 1871 σάβ-

264 1894 354 1973 βατον
370 1891 421 1954 καί
439 1885 511 1954 ατίτὸ
530 1886 631 1964 αὐτοῖς
647 1886 778 1972 ὁρίζεται.
823 1885 879 1954 Διδ
897 1887 968 1971 μετά
983 1887 1037 1971 τὴν
1051 1896 1111 1954 τῶν
1126 1887 1244 1971 άζάμων
1259 1891 1421 1975 γενομένην

264 1989 386 2077 ἡμέραν,
408 1993 459 2056 καί
473 1988 645 2077 ὁρισθεῖσαν
660 1988 773 2076 ἡμέραν
788 1989 952 2073 σαββάτου,
976 1998 1017 2079 τῳ
1032 1991 1171 2080 σαββάτῳ
1185 1990 1274 2074 φάσει
1288 1999 1328 2081 τῷ
1345 1992 1420 2075 μετά

263 2093 316 2177 τὴν
336 2092 449 2179 ἡμέραν
470 2101 529 2159 τῶν
548 2091 666 2175 άζάμων
688 2096 730 2169 είς
749 2092 899 2175 σάββατον
917 2095 1137 2179 λελογισμένην,
1169 2091 1338 2178 εὑρέθησαν
1355 2099 1422 2160 δια-

263 2201 413 2280 βαίνοντες
431 2194 480 2262 διά
496 2204 555 2262 τῶν
573 2199 739 2280 σπορίμων,
769 2199 821 2260 καὶ
838 2199 946 2261 έτιλλον
960 2194 1103 2279 στάχυας,
1135 2199 1187 2262 καί
1201 2199 1336 2281 ἔφωχον,
1365 2200 1420 2263 καί

262 2298 387 2381 ἡσθιον,
410 2297 576 2373 δεικνύντες
585 2297 637 2386 Ιὅτι
651 2299 766 2363 λέλυται
783 2296 801 2362 6
817 2297 923 2381 δεσμὸς
939 2296 957 2363 6
974 2300 1006 2364 έν
1020 2307 1062 2388 τῷ
1079 2299 1219 2389 σαββάτῳ
1237 2297 1418 2385 ὁριζόμενος,

263 2399 403 2478 ἐλθόντος
418 2408 472 2467 τοῦ
493 2400 618 2487 μεγάλου
636 2399 801 2486 σαββάτου,
831 2402 961 2466 τουτέστι
979 2407 1127 2483 Χριστοῦ,
1156 2409 1211 2467 τοῦ
1227 2399 1417 2468 άναπαάσαν-

263 2531 314 2580 τος
334 2502 413 2587 ἡμᾶς
435 2503 494 2570 άπδ
519 2512 579 2569 τῶν
602 2500 818 2585 ἁμαρτημάτων
836 2499 937 2585 ἡμῶν,
968 2495 1006 2568 οὗ
1028 2502 1120 2580 τάπος
1136 2497 1175 2587 ἦν
1194 2501 1212 2571 6
1233 2512 1318 2584 Νῶε,
1343 2502 1418 2571 ’3νὸ

262 2606 358 2689 πατὴρ
375 2605 467 2671 αὐτοῦ
483 2608 645 2691 γενηθέντα
661 2603 798 2690 ἓωραιιῶς
813 2602 887 2669 κατά
901 2610 1096 2690 προφητείαν,
1113 2608 1238 2673 έπέθετο
1253 2606 1330 2696 αὐτῷ
1345 2603 1414 2673 ὅνο-

262 2737 302 2792 μα
317 2716 402 2787 Νῶε,
427 2710 516 2794 λέγων
538 2706 599 2786 ὅτι,
632 2699 729 2783 Οὗτος
745 2704 908 2772 άναπαάσει
927 2705 1007 2789 ἡμᾶς
1024 2711 1057 2774 έιτ
1075 2717 1134 2775 τῶν
1152 2707 1302 2796 άμαρτιῶν
1316 2705 1414 2793 ἡμῶν,

264 2810 327 2893 ἡτοι
343 2818 475 2896 σκληρῶν
493 2813 587 2896 ἔργων
603 2806 697 2892 ἡμῶν.
740 2807 773 2874 ‘0
794 2817 864 2875 Νῶε
882 2810 913 2874 δέ
928 2807 987 2876 άπδ
1004 2808 1155 2897 άμαρτιῶν
1167 2809 1224 2879 οιίιι
1240 2811 1416 2895 άνέπανσεν,

261 2911 332 2978 άλλά
346 2917 388 2989 εἰς
405 2912 534 2999 Χριστδν
549 2911 767 2998 προεφήτευσεν
784 2909 802 2978 6
817 2912 922 2995 Λάμεχ
933 2911 988 2996 τὴν
1005 2920 1189 3001 προφητείαν
1206 2921 1270 3005 6τῶ
1284 2922 1355 2983 Νῶε
1368 2918 1417 3003 έρ-

261 3017 460 3100 μηνευόμενον
478 3019 508 3082 έν
527 3014 659 3103 άληθείῳ.
705 3022 776 3080 Νῶε
796 3014 853 3101 γάρ
871 3013 1038 3092 άνάπαυσις
1056 3016 1261 3102 ἑρμηνεύεται,
1289 3021 1341 3085 καί
1360 3026 1419 3086 Σε-

260 3123 333 3204 βέθ,
362 3119 435 3205 ὅπερ
452 3117 617 3194 ἀνάπαυσις
631 3120 682 3183 καί
697 3116 846 3201 σάββατον
862 3117 1067 3204 ἑρμηνεύεται,
1097 3118 1193 3186 ίίέστι
1211 3119 1355 3204 Χριστδς,
1384 3125 1419 3189 έν

261 3216 285 3313 ᾧ
302 3222 505 3289 ἀναπέπαυται
520 3219 538 3287 6
551 3219 647 3305 πατὴρ
663 3223 715 3286 καί
731 3220 764 3287 τδ
781 3219 866 3306 άγιον
882 3228 1000 3304 πνεῦμα
1015 3219 1123 3300 αὐτοῦ,
1146 3224 1198 3287 καί
1213 3221 1320 3300 πάντες
1334 3221 1418 3309 άγιοι

262 3326 418 3414 άνθριοποι
435 3328 466 3392 έν
480 3322 560 3413 αὐτῷ
577 3321 797 3403 άνεπαάσαντο,
820 3323 1004 3406 παυσάμενοι
1021 3322 1081 3391 dno*
1097 3321 1321 3412 άμαρτημάτων.
1353 3318 1418 3393 Οὗ-

261 3429 312 3507 τός
334 3435 394 3497 ἐστι
414 3427 447 3494 u}
472 3429 546 3512 μέγα
566 3426 716 3513 σάββατον
735 3428 787 3491 καί
806 3424 919 3507 άίδιον,
950 3418 987 3492 οὗ
1005 3426 1098 3503 τύπος
1115 3421 1153 3510 ἦν
1167 3426 1201 3494 εδ
1219 3426 1324 3515 μικράν
1339 3432 1417 3497 6παὶ

261 3533 439 3619 πρόςιιαιρον
452 3531 602 3615 σάββατον
615 3527 883 3613 έξυπηρετοάμενον
896 3527 964 3614 ίίχρι
973 3537 1026 3613 τῆς
1036 3528 1129 3596 αάτοῦ
1139 3535 1313 3615 παρουσίας,
1325 3558 1416 3617 προς.

260 3637 366 3718 ταχθὲν
379 3633 429 3700 ὑπ’
445 3633 537 3700 αὐτοῦ
553 3631 628 3699 κατά
643 3629 696 3697 τῶν
713 3629 821 3714 νόμον,
843 3635 895 3697 καί
910 3635 942 3699 έν
958 3631 1039 3723 αὐτῷ
1056 3634 1165 3713 λυθὲν,
1186 3636 1238 3699 καί
1255 3637 1418 3721 πληρωθὲν

261 3740 293 3802 έν
314 3743 354 3825 τῷ
376 3736 536 3826 εύαγγελίῳ.
584 3734 688 3810 Οὕτως
708 3733 763 3821 γάρ
785 3733 880 3816 εἶπεν,
909 3734 973 3815 ὅτι,
1004 3734 1117 3821 Κύριός
1139 3739 1218 3802 έστιν
1232 3733 1257 3803 ’ά
1276 3737 1345 3815 υίδς
1359 3748 1419 3808 τοῦ

261 3837 427 3924 άνθροίπου
445 3841 496 3904 καί
509 3847 563 3905 τοῦ
575 3836 736 3921 σαββάτου.
771 3836 869 3903 Ὅθεν
882 3841 1056 3923 θαρσαλέως
1069 3843 1101 3905 οἱ
1112 3843 1247 3922 μαθηταί
1258 3839 1364 3909 λέουσι
1380 3843 1417 3911 εδ

261 3941 427 4024 σάββατον,
450 3941 551 4025 έπειδὴ
567 3944 618 4006 καὶ
634 3944 665 4005 οί
678 3939 736 4026 πρδ
755 3937 853 4006 αὐτῶν
872 3944 958 4026 ίερεῐς
973 3943 1060 4007 έλυον
1079 3941 1137 4009 ⁷16
1155 3940 1304 4026 σάββατον
1319 3944 1417 4013 θάον·

260 4070 321 4126 τες,
345 4046 395 4109 καί
410 4051 473 4131 θεῷ
489 4050 598 4121 θυσίας
617 4045 846 4130 προςφέροντες,
868 4047 919 4110 ίνα
935 4043 975 4128 μὴ
990 4043 1105 4136 άργὴση
1123 4050 1215 4111 θυσία
1228 4044 1250 4131 ἡ
1264 4048 1420 4135 ἐνδελεχὴς

294 4304 319 4387 2,.
335 4299 438 4371 πάσχων
453 4305 503 4353 cod.
517 4306 590 4353 λὀλίι.
611 4306 676 4354 Εσίίλ
689 4308 760 4369 υυλρο
772 4321 819 4358 ιτα-
880 4305 904 4356 5.
918 4304 1013 4367 „Forte
1026 4302 1086 4359 τδν“
1098 4310 1219 4390 οοιιολῳυίλ
1228 4308 1347 4358 Ριλοοίνε.
1365 4310 1421 4393 Νοη

263 4391 374 4495 01ng
390 4437 419 4522 δέ
437 4435 481 4493 ὅτε
497 4436 544 4504 τὴν
563 4438 620 4505 μίαν
637 4443 689 4490 cod.
705 4446 778 4492 νοτία.
853 4378 1421 4524 ἡδέδρέδέοωεᾱδέέᾞηδίίέίδέδῶιρστῶβλέεῗῖ

294 4508 319 4563 4.
333 4513 433 4591 τετρρδι
442 4513 479 4560 ed.
490 4512 569 4560 Ριεου.
590 4507 703 4589 τετράδι]
713 4512 764 4561 οοιλ.
775 4514 819 4560 Va·
854 4510 892 4559 vit
900 4512 1023 4590 ‘Lamech
1038 4513 1080 4580 qui
1093 4530 1138 4580 per
1151 4512 1208 4563 Νοο
1220 4511 1376 4580 οἱςιιῶοεεοτ
1389 4514 1418 4569 in

261 4584 299 4633 ιιό.
332 4581 441 4645 τετρασοι
457 4580 508 4629 ωσι
521 4578 620 4640 Mna.
635 4582 657 4628 ιλ
671 4580 707 4629 ed.
719 4581 797 4640 ρελοο.
854 4588 969 4631 vertute.
