3046 5084
167 308 228 371 482
587 318 708 369 εινοιί
726 318 894 369 τεινυινιι

166 435 221 522 γάρ
237 438 357 511 ἕκαστος
371 438 422 499 καί
438 434 617 518 βουλόμενος
631 437 725 523 ἑαυτῷ
741 433 875 519 συνάγειν
888 432 1050 520 άθροισμα,
1074 433 1144 511 άίςτε
1159 434 1245 525 αῦτρῦ
1261 440 1329 503 έπε·

46 562 153 619 pamm.
168 550 256 618 σθαι,
287 534 482 617 δίῦπειςῆλθε
496 545 533 626 τῇ
549 539 657 602 ἑαυτοῦ
676 540 774 623 έννοίρ
791 535 1041 621 έψευδολάγησεν,
1071 535 1139 602 οῦτε
1156 538 1236 605 κατά
1252 566 1328 624 προ-

166 645 288 723 φητείαν
308 637 528 724 φθεγγόμενος,
551 636 587 703 οῦ
604 638 660 724 γάρ
679 646 794 720 πνεῦμα
811 638 896 723 ῦγιον
913 637 1048 721 ἐλάλησεν
1065 642 1097 705 έν
1111 639 1232 720 αὐτοῖς,
1255 640 1327 707 οῦτε

164 741 222 810 άπδ
244 751 296 824 τῆς
315 749 373 806 τῶν
394 749 557 825 προφητῶν
578 744 628 805 καὶ
650 739 823 887 εὐαγγελίων
841 739 981 822 ἀληθείας
1002 741 1059 806 κίίν
1077 748 1148 824 μίαν
1165 742 1327 829 πρόφασιν

164 843 300 928 έσχηκάς
343 842 508 927 Ἀνατροπῆ
528 845 560 908 δέ
581 841 694 907 τούτων
716 842 858 907 1πάντων
876 851 935 908 τοῖν
954 851 1007 923 τῆς
1022 844 1228 929 ψευδωνύμου
1247 846 1326 933 γνοί-

162 972 234 1023 οεως
263 945 280 1012 6
307 944 396 1021 αῦτδς
419 944 559 1028 άληθείας
581 944 654 1009 κατά
679 954 737 1010 τῶν
762 944 888 1029 πριάτων
909 948 1015 1029 ῥηθεὶς
1035 945 1130 1032 λόγος.
1179 956 1241 1031 Της
1266 948 1326 1077 γάρ

165 1047 361 1114 Οὐαλεντίνου
379 1055 483 1129 σχολῆς
500 1050 550 1112 καί
566 1055 625 1112 τῶν
641 1046 699 1132 πρδ
717 1045 808 1112 αὐτοῦ
824 1040 907 1113 οῦτοι
924 1046 1031 1123 πάντες
1046 1045 1244 1174 ῦπάρχοντες,
1270 1054 1325 1118 καί

161 1150 212 1217 τδν
230 1158 303 1216 νοῦν
324 1154 461 1215 2ἐκεῖνον
479 1148 564 1224 άλλος
582 1148 674 1224 άλλως
691 1148 871 1235 έξηγηοαμει
872 1177 916 1229 οι,
947 1177 1001 1257 την
1019 1150 1143 1233 ἰ’σην’
1105 1162 1209 1229 αυτοῖς
1225 1150 1323 1237 ὄφλη-

162 1276 263 1318 σουσιν
281 1252 429 1335 αίσχῦνην.
474 1250 617 1375 Μεγάλην
634 1249 689 1337 γάρ
706 1249 778 1377 ημῑμ
794 1250 910 1335 άπάτην
925 1240 1109 1373 κεῦοφωγίας
1124 1248 1235 1320 καλ
1196 1252 1325 1333 ουτοςδ

163 1347 388 1440 Κολόρβασος
368 1379 421 1436 ηκε
436 1351 594 1439 φέρων.’
592 1354 768 1430 Εξέθετο“
733 1382 787 1441 γαρ
802 1352 875 1437 ημῖν
890 1354 1138 1437 ποιητευσάμενος
1151 1364 1193 1445 τῷ
1210 1355 1325 1423 άκατα·

161 1458 262 1546 ληπτμ
287 1459 336 1522 καὶ
356 1455 473 1544 άοράτμ
492 1484 543 1521 και
563 1452 636 1544 άγίμ
657 1465 721 1545 θεῷ
741 1464 781 1521 τῦ
799 1459 887 1541 πατρὶ
907 1465 966 1521 τῶν
981 1456 1092 1523 ολων”
1074 1484 1170 1541 ονομα
1179 1458 1324 1545 Ἀνθρω-

161 1587 231 1635 πος·
254 1563 303 1624 ἵνα
319 1559 438 1646 συζεύξη
453 1566 489 1647 τῇ
504 1560 610 1623 ἑαυτοῦ
626 1558 722 1647 πλάνη
738 1524 788 1624 τάν
800 1566 854 1624 τοῦ
868 1567 1011 1644 Σωτῆρος
1024 1559 1126 1645 λόγον,
1149 1559 1325 1641 φάσκοντας

160 1661 266 1727 έαυτδν
284 1660 357 1727 Τὶδν
375 1658 556 1744 άνθροέπου,
585 1664 636 1726 καί
654 1659 802 1750 μεταγάγη
820 1660 872 1743 τὴν
889 1660 1022 1727 διάνοιαν
1038 1669 1098 1727 τῦν
1115 1660 1198 1753 αῦτρῦ
1213 1688 1323 1751 χρησα-

160 1767 255 1846 μένων
277 1763 336 1829 άπδ
361 1771 412 1844 τῆς
433 1760 578 1845 άληθινῐγς
600 1766 652 1827 καὶ
673 1763 882 1848 έναργεστοίτης
905 1772 957 1829 τοῦ
981 1772 1113 1849 Χριστοῦ
1134 1768 1204 1851 περί
1225 1764 1323 1835 αῦτοῦ

160 1864 316 1952 ὁμολογίας
333 1869 374 1941 είς
390 1864 555 1948 άμηχανίαν
571 1868 622 1930 καί
638 1871 823 1946 ιιενοφωνίαν
840 1874 895 1931 τοῦ
910 1874 1018 1949 ζητεῖν,
1047 1865 1323 1953 ῦπολαμβάνοντας

161 1972 192 2034 έν
213 1979 275 2044 τοῖς
296 1972 485 2052 ἐπουρανίοις
506 1965 581 2033 εἶναι
604 1967 621 2033 δ
642 1967 683 2051 μη
705 1971 773 2033 έστι.
818 1977 924 2051 Δοῦμεν
945 1969 1001 2055 γάρ
1023 1968 1114 2036 αῦτδν
1135 1968 1187 2036 διά
1209 1970 1245 2037 τδ
1267 1970 1322 2039 τδν

158 2069 250 2135 αὐτοῦ
267 2073 387 2156 Πατέρα
402 2068 565 2155 άνθρωπον
582 2080 736 2135 καλεῖσθαι
755 2069 826 2136 Τίδν
842 2068 1008 2155 άνθραέπου
1023 2070 1129 2138 έαυτδν
1147 2071 1320 2157 ὀνομάζειν,

157 2171 277 2238 καλοῦν
294 2171 353 2239 άπδ
370 2181 422 2255 τῆς
437 2172 557 2256 οαριδς,
578 2166 615 2256 ἧς
631 2176 734 2255 ἔλαβεν
749 2170 808 2238 άπὸ
824 2182 1009 2258 παρθενικῆς
1022 2173 1146 2260 μήτρας,
1167 2180 1321 2245 τουτέστιν

158 2272 217 2341 άπδ
234 2281 356 2360 Μαρίας
370 2283 423 2357 τῆς
438 2274 536 2362 άγίας,
559 2277 713 2360 γεννηθείς
727 2273 777 2340 διά
794 2274 970 2358 Πνεῦματος
984 2272 1081 2362 άγίου,
1102 2278 1179 2343 κατά
1193 2278 1250 2345 τδν
1262 2290 1319 2347 τοῦ

158 2380 283 2443 έλεεινοῦ
299 2376 493 2461 Κολορβάοου
505 2376 614 2443 τοῦτον
627 2377 728 2463 λόγον·
751 2383 779 2443 τί
791 2376 829 2442 άν
846 2381 923 2443 είποι
939 2381 1007 2459 περί
1022 2371 1060 2444 οῦ
1076 2376 1094 2444 6
1108 2377 1201 2458 αῦτδς
1214 2380 1321 2467 κῦριος

155 2477 241 2562 ἡμῶν
255 2477 370 2561 Ἰησοῦς
387 2479 516 2565 Χριστός
531 2502 637 2562 φησιν,
661 2478 702 2556 οῦς
717 2489 780 2555 τοῖς
791 2478 947 2557 Ἰουδαίοις
964 2484 1057 2567 έλεγε,
1081 2488 1151 2547 Νῦν
1169 2485 1204 2549 δέ
1218 2509 1256 2569 με
1270 2492 1319 2569 ζη-

155 2591 228 2647 τεῖτε
241 2580 411 2648 άποιτεῖναι
429 2582 608 2667 ἄνθρωπον,
630 2582 664 2658 δς
675 2581 729 2664 την
746 2579 888 2665 άλήθειαν
903 2580 974 2666 ῦμῑν
988 2582 1147 2665 λελάληκα,
1168 2584 1209 2669 ἣν
1225 2584 1316 2671 ἦπου·

156 2707 193 2750 σα
211 2684 294 2770 παρά
311 2692 365 2751 τοῦ
383 2683 495 2770 πατρός
512 2712 585 2766 μου,
615 2686 665 2749 καί
685 2682 783 2750 οῦκέτι
801 2688 933 2750 ἐνταῦθα
949 2682 1029 2765 είπε,
1060 2694 1115 2751 τοῦ
1130 2683 1317 2771 Ἀνδροέπον

157 2787 271 2871 πατρός
288 2813 362 2870 μου,
385 2785 455 2852 α’λλά
472 2789 540 2871 περὶ
554 2788 610 2909 μὲν
626 2785 738 2871 πατρὸς
755 2783 908 2873 ὁμολογοῦν
923 2786 1000 2854 θεάν
1013 2786 1065 2854 τάν
1079 2796 1140 2855 τῶν
1154 2788 1235 2857 ὅλων
1248 2790 1316 2877 έοῦ-

155 2914 242 3013 μμνε,·
275 2891 351 2973 Περι
366 2890 427 2954 δέ
413 2898 529 2968 εαυτοῦ,
552 2888 597 2954 ὅτι
612 2888 890 2975 ένηνθρωπησεν,’
876 2917 907 2955 εν
922 2888 1048 2979 άληθείρι
1065 2888 1234 2978 ἄνθρωπον
1247 2896 1315 2961 δαν·

155 2990 206 3057 τδν
224 2994 364 3072 ἔφασκεν,
395 2989 434 3068 τάς
452 2994 503 3056 καί
520 3018 550 3056 οι
541 2990 725 3058 άπάοτολοί
740 3014 845 3071 φασιν,
874 2996 960 3075 ίναη
951 2989 1105 3077 ’άληθεια
1121 2996 1354 3093 πανταχόθεν

155 3100 305 3183 ουσταθη,
335 3121 384 3158 και
400 3102 523 3183 γνωσθῇ
539 3093 636 3159 πόθεν
654 3092 767 3160 ἐστι’
732 3121 769 3158 τα
784 3102 825 3183 τῷ
842 3100 936 3184 κυρίῳ
954 3092 1087 3181 ὀνόματα
1103 3102 1313 3181 συναφθέντα·

152 3194 267 3280 Ἰησοῦν
289 3195 381 3279 άνδρα
403 3195 697 3282 άποδεδειγμένον’
670 3223 713 3273 εις
734 3195 812 3279 ημᾶς
833 3203 966 3282 σημείοις
987 3202 1039 3266 καλ
1056 3202 1172 3286 τέρασι,
1201 3200 1311 3269 καλ“
1274 3230 1313 3269 τα

155 3301 230 3383 ἑξῆς.
279 3304 314 3364 Τί
328 3304 428 3364 τοίνυν
442 3298 518 3381 πρδς
534 3308 625 3363 ταῦτα
642 3306 733 3380 φαίης
750 3292 849 3379 άν,
825 3328 848 3364 ω
867 3303 987 3368 πάντων
1004 3300 1176 3387 άνθροίπων
1192 3304 1312 3373 έλεεινέ·

153 3428 236 3482 τατε,
268 3400 369 3483 ἐπειδὴ
386 3399 505 3466 άνωθεν
519 3401 600 3484 ἥκεις
614 3404 714 3487 φέρων
730 3399 802 3484 ἡμῖν
817 3403 921 3480 καινάς
935 3402 1109 3487 ὀνομασίας,
1138 3408 1190 3471 καί
1206 3406 1310 3493 σεμνῦ-

154 3532 205 3593 νη,
236 3502 281 3584 ἐφ’
303 3501 348 3581 οἷς
370 3502 402 3568 τδ
423 3512 476 3569 τοῦ
493 3502 673 3589 Ἀνθρώπου
691 3503 786 3586 ῦνομα
804 3503 884 3593 αῦτρῦ
907 3514 965 3571 τῶν
978 3506 1097 3573 πάντων
1112 3508 1243 3601 δεσπότῃ
1259 3512 1310 3577 καί

152 3609 241 3688 πατρὶ
266 3614 325 3673 τῶν
349 3606 424 3672 ῦλων
447 3605 602 3689 προςάψαι
631 3607 813 3689 3ἐτόλμησας
845 3607 886 3685 τάς
906 3612 939 3675 έκ
955 3608 1063 3676 τοῦτον
1080 3619 1239 3679 καλεῖσθαι
1257 3612 1311 3681 τδν

152 3707 258 3790 κύριον
282 3708 354 3774 Υέδν
382 3708 562 3796 άνθριάπου,
595 3708 644 3775 διά
671 3708 704 3775 τά
733 3709 785 3775 τδν
813 3713 924 3794 πατέρα
936 3710 1123 3795 ’Ἄνθρωπον
1142 3722 1309 3785 καλεῖσθαι.

34 3843 84 3887 ρας.
97 3833 142 3877 τοι.
157 3808 238 3895 Εῦρέ
262 3808 332 3893 ἡμῖν
360 3820 409 3876 καί
433 3840 498 3877 τινα
522 3812 611 3894 άλλην
636 3818 836 3898 προςηγορίαν
862 3821 903 3903 τῷ
925 3817 1015 3900 πατρί
1039 3812 1243 3901 α’ρμῦζουσαν,
1275 3818 1309 3887 τῦ

144 3913 258 3995 ’Ἄνδρα
276 3911 529 3999 ἀποδεδειγμένον.
572 3912 643 3979 Ἀλλ’
661 3912 716 3980 οῦκ
739 3915 777 3981 άν
794 3915 894 4003 εῦροις
909 3920 989 3983 ποτέ.
1033 3921 1076 3984 Εί
1089 3916 1147 4005 γάρ
1163 3924 1217 3988 καί
1232 3920 1309 4009 α’νιχρ

153 4014 316 4101 ἅνθρωπός
337 4019 411 4095 ἐστι,
442 4020 493 4083 καί
515 4015 591 4101 πρδς
606 4016 824 4102 άντιδιαστολῆν
844 4027 896 4103 τῆς
913 4019 1053 4106 γυναικδς
1073 4018 1126 4087 τδν
1141 4018 1311 4111 ἄνθρωπον

153 4117 245 4201 άνδρα
261 4126 423 4199 καλοῦμεν,
455 4119 535 4201 ὅμως
557 4118 613 4185 οῦκ
635 4120 673 4185 ῦν
693 4123 744 4185 καί
766 4124 797 4186 έν
815 4121 909 4210 τοῦτμ
926 4122 1155 4209 μηχανήσασθαί
1172 4153 1203 4193 τι
1218 4132 1312 4213 δυνη-

152 4224 246 4301 θείης.
282 4218 371 4286 Ἀνευ
386 4220 442 4307 γάρ
457 4220 611 4304 σχημάτων
623 4226 674 4288 καί
689 4230 798 4305 μελῶν,
821 4230 957 4310 κρυφίων
969 4252 1000 4292 τε
1013 4229 1063 4292 καί
1078 4224 1211 4313 δρατῦν,
1230 4228 1309 4319 ‘’'60

154 4319 191 4387 06
214 4320 367 4404 δυνήσεται
387 4330 549 4389 καλεῖσθαι.
598 4327 739 4412 Λέγομεν.
755 4325 809 4412 γάρ
833 4332 884 4393 καί
905 4326 960 4412 τὴν
981 4338 1106 4415 γυναῖκα
1128 4328 1308 4420 ἄνθρωπον,

152 4478 244 4599 &⁶⁸6⁸
255 4481 334 4599 ⁸1⁸⁸!-
348 4483 369 4533 1.
380 4476 479 4535 πάντων
492 4484 602 4531 Petamus
614 4484 709 4533 addidit
774 4484 798 4536 2.
817 4483 912 4539 ἐκείνου
931 4488 1017 4539 τονίια.
1032 4490 1152 4543 Ρείαυίια.

195 4564 221 4598 ιο
240 4583 246 4596 .
281 4563 335 4603 ατο.
