3046 5084
385 320 518 373 rinnau
536 320 613 372 aar.
629 321 797 374 aurursus
813 325 875 375 nm.
891 327 910 377 r.
927 325 1008 376 ron.
1023 325 1056 375 n.
1234 313 1294 375 137

148 450 195 504 rat
216 440 391 522 regreditur.
436 439 523 522 erod
544 439 579 501 ad
597 435 747 502 Christum
763 443 885 517 attinet,
916 443 1046 506 ciusdem
1063 442 1230 528 impostoris
1250 456 1297 509 est

147 543 278 625 dogma,
292 563 357 605 cum
376 541 439 605 sola
458 540 537 602 illum
557 538 682 601 bominis
700 541 791 622 {gnra
810 553 895 623 atquc
914 545 1006 625 effigie
1024 543 1161 622 venisse,
1184 546 1296 608 omnia·

148 664 204 726 que
226 645 261 706 ab
284 665 320 707 eo
342 642 441 728 specie
465 652 549 702 tenus
573 640 719 723 perlecta,
743 642 902 703 cuiusmodi
922 645 990 722 luit,
1015 643 1112 721 nasci,
1136 646 1294 722 ambulare,

148 745 259 821 videri,
284 745 355 828 pati.

233 845 311 909 lliuc
331 845 380 906 illa
400 841 473 906 lalso
490 841 632 927 appellata
651 839 860 906 Gnosticorum
877 854 958 908 secta
974 845 1009 907 ad
1027 844 1197 929 profundam
1214 845 1297 908 buius
1316 859 1375 926 cap.
1395 861 1426 909 tt.

148 958 248 1010 sectae
271 944 429 1027 nequitiam
449 943 598 1028 plurimum
620 944 743 1024 adiecit,
775 966 850 1028 qnae
868 967 884 1009 a
903 943 1024 1009 Simone
1041 945 1152 1008 initium
1169 946 1298 1009 occasio-

148 1067 274 1130 nemque
291 1056 375 1108 nacta
392 1045 476 1128 louge
490 1046 615 1108 maiores
631 1067 723 1129 nugas
738 1047 943 1125 accumulavit,
964 1049 1203 1131 quemadmodum
1218 1057 1298 1131 post·

149 1170 184 1212 ea
207 1149 237 1210 in
259 1146 323 1210 eins
345 1147 518 1210 refutatione
538 1146 736 1210 docebimum'
762 1149 805 1211 At
823 1146 989 1212 Saturnilus
1009 1171 1095 1213 uuum
1114 1170 1153 1212 ex
1171 1148 1206 1211 iis
1224 1170 1296 1231 quos

148 1247 302 1314 constituit
322 1247 557 1331 Angelisluisse
580 1245 755 1311 ludaeorum
778 1250 861 1311 deum
886 1250 1050 1330 existimat,
1084 1272 1118 1314 ac
1140 1261 1198 1312 tam
1221 1251 1320 1312 bunc-

149 1372 236 1436 quam
254 1350 331 1413 illum
352 1370 370 1414 a
390 1370 444 1412 sna
460 1349 568 1412 virtute
585 1351 756 1414 descivisse.
804 1349 989 1415 Salvatorem
1008 1372 1079 1415 vero
1097 1353 1133 1414 de
1151 1353 1295 1415 communi

149 1451 297 1516 Virtutum
314 1453 457 1513 scatentia
476 1472 493 1512 a
513 1449 601 1515 Patre
619 1453 756 1531 missum,
781 1464 812 1515 ut
831 1466 860 1516 et
877 1451 1049 1517 ludaeorum
1067 1455 1150 1517 deum
1170 1454 1199 1515 in
1218 1454 1296 1516 ordi·

149 1575 216 1618 nem
232 1553 393 1635 redigeret,
418 1552 499 1616 otiis
518 1554 566 1635 qui
584 1554 638 1617 sibi
655 1556 811 1617 crederent
827 1556 949 1618 salutem
966 1557 1098 1620 afferret.
1144 1553 1296 1617 Eiusmodi

149 1675 217 1719 esse
235 1665 331 1718 sectae
349 1655 425 1717 illius
442 1654 591 1731 homiues,
615 1655 662 1738 qui
680 1657 816 1719 coelestis
834 1657 909 1719 illius
927 1656 1056 1740 parentis
1073 1657 1226 1719 scintillam
1246 1656 1296 1719 ba·

148 1757 244 1821 beant.
289 1753 372 1819 Duos
395 1755 500 1841 quippe
519 1754 650 1818 bomines
673 1757 814 1840 principio
835 1779 900 1819 csse
924 1761 1033 1836 laetos,
1062 1758 1168 1820 bonum
1192 1779 1293 1837 unum,

148 1860 268 1923 alterum
285 1859 410 1936 malum,
441 1855 580 1938 aquibus
599 1857 707 1940 duplex
723 1857 790 1919 item
807 1878 900 1940 genus
920 1859 1083 1937 bominum,
1113 1860 1294 1922 bonumsci·

146 1961 215 2024 licet
235 1981 270 2024 ac
292 1960 417 2035 malum,
450 1957 479 2020 in
499 1958 605 2020 mundo
622 1957 848 2040 proseminatnm
870 1968 926 2021 est.
972 1958 1010 2021 Et
1028 1961 1161 2042 qnoniam
1178 1963 1295 2023 daemo-

146 2084 199 2128 nes
217 2063 302 2125 malis
322 2060 554 2146 opitulabantur,
587 2056 653 2121 ideo
670 2057 842 2143 postremis,
874 2070 988 2121 ntante
1008 2061 1086 2138 dixi,
1119 2061 1295 2145 temporibus

146 2166 180 2229 ad
205 2166 300 2228 bonos
323 2162 454 2225 bomines
476 2181 532 2245 ope
556 2181 611 2223 sua
631 2160 827 2224 sublevandos
850 2160 998 2243 malosque
1021 2182 1085 2222 cnm
1108 2162 1296 2224 daemonibus

147 2265 343 2351 prodigendos
358 2265 488 2327 salvator
505 2262 636 2326 advenit.
680 2260 743 2326 lam
762 2283 873 2325 uxores
891 2263 998 2325 ducerc
1015 2261 1180 2346 liberosque
1195 2263 1295 2345 gigne-

146 2388 180 2432 re
204 2354 370 2430 abSatana
396 2384 463 2428 esse
485 2364 642 2427 circulator
661 2364 737 2427 idem
760 2365 943 2448 pronunciat.
989 2362 1186 2445 Quamobrem
1211 2364 1296 2448 pleri-

147 2490 203 2553 que
232 2488 273 2531 ex
295 2468 397 2530 borum
421 2465 571 2551 disciplina
596 2466 730 2530 animatis
756 2468 888 2530 omnibus
913 2467 1078 2544 abstinent,
1110 2476 1141 2528 ut
1162 2466 1296 2528 allectato

146 2572 196 2635 illo
218 2569 376 2634 sanctioris
397 2570 477 2631 vitae
500 2588 611 2652 genere
634 2569 789 2632 nonnullos
812 2588 896 2631 sunm
926 2569 954 2630 in
982 2588 1114 2631 errorem
1137 2567 1293 2652 pelliciam.

147 2671 193 2737 De
220 2672 425 2756 prophetarum
445 2670 572 2733 oraculis
601 2669 640 2732 ita
667 2671 815 2734 veneticus
838 2670 888 2732 illc
912 2668 1054 2754 disputat,
1088 2691 1123 2733 ea
1145 2669 1248 2755 partim
1279 2692 1295 2731 a

147 2774 246 2837 mundi
263 2772 412 2857 opilicibns
428 2771 569 2854 Angelis,
601 2772 702 2854 partim
721 2793 736 2833 a
757 2769 866 2834 Satana
887 2774 1033 2856 prolecta,
1063 2783 1092 2835 et
1109 2775 1184 2835 brrnc
1202 2774 1295 2856 ipsum

149 2872 287 2939 Satanam
305 2884 385 2958 putat
396 2874 542 2956 Angelum
559 2894 638 2951 esso,
661 2873 709 2957 qni
725 2874 823 2937 mnndi
839 2874 1036 2936 conditoribus
1054 2874 1187 2958 Angelis,
1212 2896 1296 2960 prac-

149 2975 290 3061 cipueque
313 2972 485 3038 ludaeorum
509 2977 581 3051 deo,
608 2975 738 3043 resistat.

232 3075 319 3160 Quae
341 3098 405 3140 cum
428 3078 462 3140 ab
482 3079 529 3140 illa
549 3078 661 3161 pecude
679 3076 755 3139 bunc
773 3077 802 3140 in
821 3078 937 3142 modum
956 3078 1155 3158 disseruntur,
1187 3078 1233 3140 vel
1252 3078 1296 3140 in·
1315 3085 1373 3151 Cap.
1386 3086 1430 3135 111.

147 3179 225 3244 vitus
250 3179 433 3244 convincitur
457 3201 545 3242 unum
569 3177 700 3241 confiteri
722 3178 826 3257 deum,
861 3192 947 3265 atquc
972 3181 1006 3245 ad
1031 3182 1144 3244 unicum
1170 3179 1297 3262 singula-

146 3303 265 3366 remque
282 3282 459 3345 dominatum
478 3281 615 3344 universa
634 3284 756 3344 reterre.
801 3280 920 3346 Etenim
936 3283 960 3347 si
977 3285 1098 3347 mundus
1117 3283 1152 3344 ab
1172 3279 1296 3362 Angelis

146 3386 239 3448 lactus
257 3397 318 3463 est,
343 3406 408 3448 cum
427 3382 545 3468 ipsimet
563 3394 631 3446 ante
649 3405 667 3446 a
684 3384 803 3448 coelesti
821 3386 930 3448 virtute
949 3385 1118 3471 principium
1136 3394 1222 3464 atquc
1238 3382 1296 3444 ori-

146 3486 241 3570 ginem
261 3486 426 3565 habuerint,
451 3507 508 3549 non
527 3485 568 3548 illi
585 3486 711 3569 tingendi
728 3486 852 3550 bominis
869 3499 1006 3552 auctores
1023 3494 1102 3561 sunt,
1126 3485 1177 3545 sed
1194 3502 1296 3566 supre-

146 3610 192 3652 ma
208 3590 301 3653 rictus
319 3589 367 3653 illa
386 3591 499 3673 potius,
524 3608 598 3672 quae
616 3588 750 3671 Angelos
767 3589 912 3667 condidit,
937 3587 1074 3670 aquibus
1092 3585 1177 3647 bomo
1193 3595 1294 3669 postea

145 3690 288 3754 formatus
304 3701 362 3754 est.
405 3690 483 3756 Nam
501 3713 556 3755 nec
572 3690 644 3753 artis
660 3690 883 3754 instrumentum
901 3710 1002 3753 eorum
1017 3706 1120 3749 caussa
1135 3697 1196 3766 est,
1220 3708 1293 3771 quae

145 3791 181 3853 ab
207 3791 271 3874 ipso
295 3795 383 3870 liunt,
415 3794 467 3857 sed
491 3794 541 3857 illc
564 3793 660 3878 potius
684 3792 733 3876 qni
757 3815 822 3856 cum
846 3793 1040 3855 instrumento
1064 3809 1126 3852 eam
1150 3790 1294 3854 actionem

179 3976 205 4030 3.
222 3974 289 4045 φησὶ
306 3978 358 4026 cod.
375 3979 447 4027 Vuttc.
473 3973 509 4038 uic
523 3984 638 4044 apstinui
654 3981 706 4029 cod.
738 3985 786 4030 tou.
812 3971 954 4042 ἀνθρώποις
969 3958 1054 4044 (ducii
1067 3980 1116 4029 cod.
1131 3978 1242 4043 Rbedtq.)
1258 3991 1295 4027 re·

145 4048 244 4110 illediq.
260 4051 280 4095 et
298 4046 428 4094 enititum
739 4050 796 4110 liqut
812 4049 872 4097 libri.

179 4112 204 4167 4.
225 4114 422 4180 προςποιητικῆς
444 4114 495 4163 cod.
515 4116 589 4164 Vutr‘c.
634 4116 707 4176 Vntqo
775 4114 834 4164 Car.
852 4115 894 4163 tlt.
911 4141 945 4152 —
962 4114 985 4166 1.
1001 4114 1165 4183 δειχθήσεται
1181 4116 1231 4164 cod.
1249 4115 1295 4162 Vc·

148 4251 614 4313 a..

181 4320 204 4369 b.
221 4317 447 4384 npmcqqrcacsm
463 4319 515 4368 cod.
531 4319 605 4367 Vuta'c.
635 4318 708 4379 Vulqo
773 4319 799 4369 ⁶2.
817 4321 889 4382 Vutpo
909 4267 970 4385 dipsa.

150 4386 386 4453 murcomannum,
413 4393 439 4436 ut
461 4391 495 4436 ert
515 4388 587 4436 etium
608 4386 635 4434 in
656 4385 707 4434 cod
773 4386 798 4438 3.
815 4383 879 4440 ἀλλὰ
894 4391 944 4439 cod
964 4391 1038 4439 Venet.

150 4453 246 4517 llbedr'p.
281 4457 317 4518 cs.
331 4457 396 4506 bcer.
409 4451 451 4515 4‘2,
467 4451 491 4505 4.
773 4451 797 4505 4.
814 4458 879 4506 Libri
895 4460 977 4507 babent
995 4457 1093 4513 πλᾶσις.

182 4517 206 4572 b.
223 4514 337 4590 ἀγγέλοις
350 4526 400 4574 cod.
415 4525 498 4585 tutto,
515 4523 603 4573 atinde
616 4523 707 4573 cd.Pe·
773 4524 797 4573 5.
818 4524 949 4591 parentam
966 4528 1016 4576 cod.
1037 4528 1111 4573 tenet.
