3046 5084
411 337 547 390 PANARII
564 338 1020 393 transmaritimum.
1222 334 1283 395 273

139 455 222 521 robis
245 454 339 521 iustos
360 457 429 521 ilios
452 456 632 542 praedicari,
662 457 757 542 iisque
784 476 839 520 ros
865 459 1035 541 parentibus
1059 461 1190 544 gloriari.
1235 462 1284 527 ii

139 557 212 622 baec
232 559 273 623 ita
298 558 494 644 respondent,
526 557 583 620 sibi
605 556 635 619 id
661 577 679 618 a
701 554 821 621 Christo
845 560 1033 641 patefactum.
1075 559 1158 644 Ergo
1179 563 1285 627 bonam

138 659 212 742 tegis
235 671 346 744 partem
374 656 586 723 contumeliose
611 656 782 733 traducunt,
812 667 842 719 et
863 654 1056 743 Sampsonem
1074 681 1109 723 ac
1126 659 1283 742 Davidem,

138 758 252 839 Etiam,
274 760 427 823 Elizaeum
450 770 624 841 ceterosque
645 767 798 841 respuunt.

221 859 282 927 Sed
302 883 320 924 a
338 857 459 925 Christo
476 859 593 922 domino
607 859 721 943 penitus
743 858 887 944 impostor
902 859 950 923 ille
967 861 1178 944 manifesteque
1195 861 1283 924 reiei·
1292 880 1351 948 cip.
1360 884 1433 933 xix.

137 963 224 1041 litui,
254 962 303 1045 qui
326 962 512 1045 depravatam
536 946 650 1023 omnem
672 960 736 1024 eins
757 960 916 1023 doctrinam
940 962 1040 1045 paucis
1066 962 1164 1025 verbis
1186 963 1287 1027 redar-

139 1062 220 1148 guit,
245 1083 309 1125 cum
330 1063 371 1125 ita
386 1063 528 1145 loquitur:
554 1065 637 1122 Venit
651 1066 770 1122 Ioannes
784 1068 814 1122 i'n
829 1067 873 1122 ai'ii
889 1067 1014 1124 iustitiae
1027 1085 1083 1124 noa
1099 1067 1281 1138 manducans,
1318 1071 1403 1166 qtptqlp·

138 1186 229 1245 aeque
244 1165 355 1237 bibens,
378 1167 532 1236 etdi'cuiit,
555 1167 735 1224 Daemonium
750 1165 851 1237 baben·
882 1168 960 1224 uenit
971 1167 1058 1244 filiius
1071 1169 1190 1228 bomiiii‘s
1205 1187 1284 1227 maii-
1348 1154 1354 1177 ’
1394 1154 1400 1167 ’

138 1271 246 1327 durans
261 1277 292 1326 et
303 1266 406 1325 bibens.
453 1262 538 1346 Quod
560 1264 679 1348 perinde
697 1274 818 1327 nonest
840 1265 1039 1351 accipiendum
1058 1287 1093 1329 ac
1110 1265 1136 1328 si
1159 1264 1286 1331 ioannes

140 1367 220 1431 untia
238 1365 356 1430 omnino
374 1385 425 1442 re,
450 1362 586 1428 Christus
606 1365 740 1430 omnibus
763 1367 946 1451 promiscue,
979 1367 1110 1452 adeoque
1133 1368 1285 1452 prohibitis

139 1477 321 1532 vesceretur.
366 1463 425 1530 Sed
445 1466 591 1550 scriptura
612 1467 672 1530 vim
689 1467 822 1531 veritatis
841 1469 1007 1553 expressit,
1031 1479 1063 1532 nt
1083 1491 1140 1533 non
1164 1472 1285 1534 maudu-

140 1590 210 1632 cans
230 1579 260 1631 et
276 1568 378 1631 bibens
390 1567 465 1631 idem
483 1567 523 1630 sit
537 1589 571 1630 ac
586 1565 726 1632 ioannem
743 1569 878 1632 carnibus
894 1572 1022 1655 vinoque
1038 1591 1097 1633 non
1113 1592 1194 1634 osum
1213 1572 1285 1636 nibil

139 1681 257 1755 praeter
274 1670 402 1733 locustas
420 1689 455 1730 ae
477 1669 534 1730 mei
559 1668 672 1748 edisse,
695 1680 846 1754 utiquam
862 1670 977 1734 interim
995 1671 1162 1736 adhibuisse
1184 1675 1286 1736 creda·

137 1783 195 1835 tur.
240 1769 352 1855 Ecquis
375 1769 470 1832 nescit
489 1765 639 1832 Christum
663 1770 809 1833 dominum
829 1772 987 1835 excitatum
1012 1774 1169 1837 amortuis
1187 1794 1285 1838 come-

138 1873 237 1937 disset
259 1870 500 1957 quemadmodum
516 1869 650 1934 veritatis
665 1871 818 1954 evangelia
835 1874 1002 1952 continent,
1048 1877 1175 1936 obtutum
1192 1882 1222 1938 ei'
1230 1899 1284 1957 pa·
1295 1900 1435 1956 unusqu

135 1997 196 2036 neni
214 1996 249 2036 oc
267 1979 357 2054 pi'sei's
374 1978 435 2034 ossi
450 1975 637 2052 pauculam,
670 1974 704 2031 de
727 1973 827 2052 quibua
851 1995 912 2034 euin
934 1980 1130 2037 manducasset
1150 1982 1284 2056 apostolis

135 2081 196 2137 suile
212 2080 348 2156 reliquias
362 2078 505 2155 iinperti‘i't.
553 2070 585 2135 id
602 2072 679 2156 quod
695 2072 731 2134 ad
749 2070 914 2137 Tiberiadis
930 2096 1009 2138 mare
1026 2076 1111 2155 tecit,
1136 2077 1213 2155 edit,
1238 2079 1282 2139 in·
1303 2103 1418 2146 ionium.

137 2199 235 2261 quam,
250 2197 284 2240 ac
300 2175 457 2239 distribuit.
482 2172 547 2256 Qua
560 2174 596 2237 de
611 2194 646 2236 re
659 2172 782 2258 piurima
794 2174 914 2236 dicenda
931 2175 1015 2238 uobis
1031 2186 1198 2240 occurrunt.
1224 2174 1285 2240 Sed

137 2281 172 2343 ad
187 2280 302 2364 putidos
317 2277 383 2340 iilos
399 2276 598 2358 absurdosque
613 2295 777 2354 sermones,
802 2275 850 2357 qui
867 2276 903 2337 ab
918 2275 988 2361 ipsis
1003 2276 1205 2355 instituuntzr,
1224 2278 1285 2341 sin·

137 2381 256 2466 gittatim
274 2378 451 2443 refellendos
470 2388 557 2461 atque
574 2377 751 2441 evertendos
774 2376 977 2440 transferenda
994 2377 1079 2441 uobis
1095 2388 1141 2442 est
1156 2379 1262 2442 oratio.

220 2582 268 2646 Aa
290 2581 411 2666 primum
432 2581 468 2644 dc
486 2577 621 2660 Christo,
645 2603 704 2645 uon
722 2602 833 2645 merum
852 2580 997 2645 homiuem
1016 2601 1083 2646 esse
1101 2582 1284 2647 demonstra·
1297 2603 1357 2670 cap.
1372 2604 1434 2655 xx,

136 2685 242 2748 bimus.
287 2682 394 2767 Neque
414 2683 490 2746 euim
514 2684 563 2767 qui
589 2683 659 2746 nihii
683 2683 801 2746 omnino
826 2684 864 2746 sit
886 2695 1004 2767 praeter
1020 2683 1184 2765 hominem,
1208 2684 1284 2768 signi

136 2788 231 2850 instar
247 2786 380 2850 exbiberi
398 2787 504 2848 mundo
522 2795 634 2868 potest3
657 2786 733 2868 quod
748 2785 867 2869 spiritus
884 2796 1001 2848 sauctus
1018 2786 1053 2850 de
1064 2782 1183 2850 Christo
1200 2808 1284 2873 prae·

137 2887 228 2967 dixit,
252 2909 317 2950 cuni
333 2889 374 2950 ita
389 2887 513 2950 Achaeo
536 2887 650 2950 locutus
676 2898 739 2950 este
769 2891 835 2947 Pete
852 2889 1046 2968 nbi'sigruuin:
1071 2888 1121 2950 illo
1139 2910 1211 2952 vero
1232 2911 1283 2974 pe·

137 3001 200 3054 tere
219 2990 410 3064 detrectante,
431 2988 570 3074 propheta
588 2987 725 3066 subiecit,
749 2993 812 3068 Ipse
826 2993 953 3050 domibus
967 2992 1135 3051 dubitandis
1151 2996 1281 3070 signum:

134 3113 198 3177 ecee
218 3097 300 3171 oi'rgo
324 3095 469 3171 maeque.
516 3087 647 3171 Virginis
669 3110 757 3173 porro
776 3090 892 3153 nomine
916 3112 973 3152 nou
998 3111 1033 3153 ea
1052 3092 1156 3154 mulier
1173 3091 1285 3174 signiti-

136 3204 220 3257 catur
237 3212 311 3276 quae
330 3192 480 3276 nupserit,
504 3201 616 3254 etcum
635 3192 700 3254 viro
716 3190 870 3254 coniuncta
888 3193 942 3270 sit,
967 3194 1018 3255 sed
1035 3194 1199 3255 eudemum
1215 3212 1283 3276 pro-

135 3295 198 3381 prie
212 3295 297 3378 virgo
315 3294 420 3357 dicitur
441 3314 515 3376 quae
531 3293 660 3356 divinum
678 3293 799 3357 verbuni
823 3293 852 3356 in
869 3315 902 3357 se
919 3294 1027 3377 absque
1050 3295 1110 3357 ulio
1126 3295 1184 3358 viri
1202 3314 1282 3356 com·

134 3397 222 3481 plexu
239 3395 385 3479 genuerit.
430 3392 679 3477 Quemadmodum
702 3392 808 3458 Esaias
833 3395 889 3458 atio
913 3396 942 3458 in
963 3396 1027 3458 ioco
1049 3406 1188 3459 testatur:
1219 3400 1281 3457 Vna
1292 3415 1396 3470 nisiae,

135 3501 267 3560 eumue
281 3521 319 3560 ec
334 3500 418 3573 urbe,
443 3520 498 3558 vom
514 3520 530 3558 e
549 3499 664 3576 templo,
689 3519 745 3558 voa
762 3500 869 3559 dumiiii'
888 3499 1098 3570 retributionis,
1123 3499 1281 3560 retribuen-

138 3605 174 3662 ti'i
194 3604 325 3662 maisiaci.
375 3605 534 3681 Antequam
554 3604 720 3680 perterrens
740 3611 871 3679 pareret,
903 3611 1051 3679 antequam
1075 3603 1184 3660 renuet
1201 3603 1283 3662 dolor

131 3714 249 3784 portus,
274 3705 392 3788 effugit,
417 3715 446 3764 et
458 3706 570 3782 peperit
587 3704 750 3762 masculum.
797 3706 866 3779 Quis
886 3705 994 3762 audibit
1010 3720 1130 3780 unquam
1151 3705 1229 3763 tale?
1254 3715 1283 3764 et

135 3809 198 3886 quis
212 3808 284 3866 utilit
294 3808 360 3866 tui'e
372 3807 485 3865 auaui
504 3806 650 3885 Numquid
657 3807 799 3883 parturiti
812 3815 890 3863 terra
904 3806 949 3861 di'e
963 3823 1029 3874 urio,
1052 3813 1080 3863 et
1089 3808 1200 3882 peperit
1211 3827 1282 3885 geu-

136 3917 191 3968 tein
206 3910 311 3969 iiniul?
338 3911 405 3988 quio
416 3909 575 3986 parturivit
589 3917 618 3965 et
629 3910 742 3985 peperit
752 3909 822 3966 Si‘un
834 3906 919 3983 filios
935 3925 1011 3964 suos.
1057 3909 1121 3985 Ego
1138 3927 1203 3967 vero
1217 3910 1284 3967 dedi

135 4011 208 4070 douc
222 4013 455 4089 mpietati'onein,
478 4018 510 4067 et
523 4028 579 4068 nou
594 4010 741 4068 recordati
750 4017 833 4079 aunt,
858 4008 929 4066 dabit
943 4009 1079 4067 domibus.
1127 4005 1279 4090 Quaenam

135 4108 225 4194 igitur
240 4130 276 4173 ea
292 4122 338 4175 est
354 4109 542 4195 expectatio?
571 4107 686 4192 quinam
707 4107 735 4170 hi
751 4107 819 4185 iiiii,
843 4106 900 4169 nisi
919 4108 993 4192 quod
1008 4110 1080 4172 citra
1100 4108 1279 4196 parturiendi

135 4209 266 4275 laborem
281 4211 365 4295 virgo
387 4209 551 4297 pepererit,
575 4210 651 4293 quod
669 4229 810 4293 nusquam
828 4220 915 4273 autea
933 4210 1116 4295 contigerat?
1145 4211 1280 4295 qnodque

135 4345 274 4399 ioannem?
292 4346 366 4397 etiam
381 4364 402 4396 ei
395 4341 690 4412 Ioannesperdoiores
722 4359 779 4408 ται,
803 4342 893 4396 καὶ
866 4362 909 4398 ros
926 4340 959 4400 δι’
982 4341 1057 4400 αὐτὸν
1080 4351 1129 4398 cett.
1149 4361 1241 4426 amona
1260 4353 1282 4398 et

134 4424 220 4483 partus
236 4415 335 4482 genitos
348 4424 394 4466 est.
428 4416 603 4465 destituendum
618 4415 690 4475 tuitio
722 4383 858 4475 iateipretor
879 4430 926 4466 ric:
954 4431 1026 4482 quam
1047 4413 1155 4495 quod
1132 4431 1202 4481 surgo
1219 4414 1282 4464 utra

132 4486 226 4549 mvii
249 4481 397 4550 γεγένηται,
427 4485 579 4546 quodetiam
603 4482 629 4529 tn
652 4480 689 4529 ed.
723 4480 930 4547 partnsdolorem
941 4483 1070 4550 pepererit
1084 4481 1281 4550 quodnusquam

134 4553 227 4602 Petovti'
248 4564 383 4614 ewreimm
403 4553 479 4602 uideo.
509 4553 559 4614 qu
574 4545 690 4616 γιγέννη-
724 4559 823 4616 parturn
838 4559 875 4600 eit
890 4552 923 4619 qb.
932 4568 951 4603 e.
961 4552 1050 4618 muni),
1063 4562 1089 4601 et
1102 4553 1281 4602 ioannemoett

187 4630 278 4688 Carpum
289 4630 423 4677 memet.
436 4631 465 4676 11
1041 4641 1080 4704 18
