3046 5084
629 908 767 971 sunem

442 1061 953 1151 EPIPHANII

250 1265 1147 1344 CONTRAHAERESES

534 1453 622 1506 Libiii
642 1456 660 1505 i.
685 1453 801 1506 TOMUS
820 1456 861 1505 ili·

339 1694 612 1770 CONTRA
653 1694 1060 1791 nsuuuslos

421 1813 975 1908 bfflmmffld,ffiufflfflw.

207 1964 329 2031 Marcus
352 1988 423 2031 nero
446 1966 579 2051 quidam,
609 1987 626 2030 a
649 1987 705 2050 quu
724 1963 939 2030 Marccsiurum
958 1978 1039 2031 secta
1059 1968 1226 2052 pullulavit,
1257 1981 1353 2048 ucap.
1367 1985 1383 2031 t.

124 2067 271 2154 prioribus
287 2069 345 2133 iilis
363 2070 528 2156 proiectus,
552 2090 587 2132 ae
601 2069 717 2132 diversa
733 2069 874 2153 quaedam
890 2067 926 2131 ab
941 2069 996 2132 iilis
1014 2070 1161 2148 sentiens,
1186 2069 1275 2154 pesti-

124 2171 218 2235 ierum
239 2171 489 2235 inorbemvirus
508 2170 648 2258 euomuit.
695 2170 751 2234 ttic
770 2171 846 2234 enim
865 2168 1003 2235 Secundo
1023 2182 1109 2255 atquc
1130 2170 1274 2258 Epiphani
1397 2220 1401 2232 .

122 2283 154 2336 et
167 2269 338 2338 Ptolemaeo
357 2272 574 2358 Valentinuque
595 2274 758 2348 succedens
779 2274 943 2338 insaniores
964 2274 1000 2337 ad
1024 2296 1117 2357 ungas
1139 2295 1173 2338 ac
1196 2275 1276 2338 velut

121 2374 326 2440 circulatorum
347 2377 458 2440 inbutas
475 2377 652 2442 asserendas
672 2396 846 2461 progressus
866 2385 923 2439 est.
969 2373 1009 2438 Et
1025 2376 1139 2461 quidem
1157 2377 1274 2440 mulien-

123 2476 205 2542 eulee
221 2477 361 2564 uirosque
378 2477 527 2543 fraudibus
543 2478 606 2542 suis
622 2479 838 2544 circumventos
854 2477 988 2557 induxit,
1011 2479 1195 2564 superiorum
1212 2479 1275 2543 itto-

122 2598 186 2644 rum
200 2580 391 2667 imposturam
407 2592 560 2645 corrector
576 2580 708 2662 babitus,
732 2602 797 2645 eum
814 2580 992 2665 magicarum
1008 2591 1089 2645 esset
1102 2583 1207 2645 artium
1225 2603 1275 2667 ap

122 2681 218 2769 prime
230 2683 353 2770 peritus.
400 2680 606 2769 Compluribus
622 2683 710 2768 igitur
725 2683 876 2768 utriusque
891 2704 982 2748 sexus
999 2705 1031 2748 se
1049 2695 1080 2748 nt
1095 2683 1276 2770 potissimum

122 2785 257 2850 audirem
274 2785 435 2870 persuasit,
469 2796 569 2871 utpote
586 2784 813 2850 scientissimum
831 2787 1015 2872 ma'nimaque
1035 2808 1075 2851 ex
1091 2787 1209 2851 nunrine
1227 2809 1275 2851 ua·

122 2887 255 2953 rentibus
272 2888 425 2974 visumque
442 2888 620 2972 fugientibus
637 2888 710 2953 iocis
726 2899 869 2973 potestate
888 2891 1066 2975 praeditum3
1099 2912 1138 2954 ex
1155 2911 1211 2975 quo
1228 2911 1275 2954 re·
1376 2956 1380 2964 ,

123 3010 197 3056 rere
214 3010 250 3055 re
267 2990 441 3055 Antichristi
458 3012 682 3078 praecursorem
700 2992 839 3056 ostendit.
885 2993 1025 3057 Anareitai
1044 2993 1153 3058 ludicra
1172 2993 1275 3079 quippe

122 3082 317 3159 smuihum
332 3114 434 3158 eurum
451 3116 526 3179 quus
540 3115 641 3179 magus
656 3094 823 3172 nominant,
848 3097 976 3158 versutia
994 3098 1176 3182 coniungens
1191 3109 1276 3180 atque

122 3196 196 3261 iisse
210 3197 378 3283 praestigiis
393 3206 423 3260 et
436 3197 548 3262 artibus
561 3197 687 3262 itiudeus
701 3208 883 3281 spectatores
899 3219 1000 3261 omncs
1013 3220 1048 3262 ac
1062 3201 1191 3262 ianitores
1206 3219 1275 3261 suus

122 3297 153 3364 iu
175 3310 325 3386 stuperem
342 3299 623 3386 admirationemque
645 3300 809 3380 convertit,
837 3300 912 3385 quud
935 3302 1027 3386 ipsum
1051 3301 1087 3364 ad
1107 3301 1274 3364 hodiernam

123 3422 216 3489 usque
232 3401 309 3468 diem
327 3413 491 3468 sectatores
509 3404 586 3467 iiiius
605 3400 723 3467 iaciunt.
770 3399 941 3466 Cuiusmodi
960 3403 1090 3486 magiuae
1106 3404 1178 3466 artis
1196 3403 1276 3466 iatiu-

123 3504 185 3570 eies
201 3505 249 3592 qui
266 3506 385 3586 vident,
413 3518 444 3570 ut
460 3506 496 3571 ab
513 3506 564 3571 iiio
580 3506 724 3591 quondam
742 3506 807 3569 dum
827 3505 959 3583 viveret,
983 3505 1027 3568 sic
1044 3505 1080 3569 ab
1098 3505 1173 3568 iiiius
1190 3506 1276 3569 modu

123 3608 331 3688 sectatoribus,
355 3608 495 3673 miracuta
512 3609 574 3674 beri
589 3608 780 3673 arbitrantur.
820 3604 896 3672 Cum
912 3608 988 3671 enim
1007 3617 1105 3671 mente
1120 3608 1205 3671 etiam
1221 3607 1277 3693 ipsi

125 3710 201 3798 eapti
219 3711 290 3792 siut,
311 3723 342 3776 ut
354 3712 412 3776 ista
427 3711 596 3776 discernere
610 3713 729 3777 omnino
743 3723 902 3797 nequeant,
923 3710 1044 3794 magicis
1061 3710 1276 3775 cantationibus

123 3813 254 3894 ludicra,
279 3825 312 3878 ut
326 3834 383 3877 uuo
399 3814 490 3878 verbu
507 3816 618 3894 dimna,
643 3814 785 3879 eiusmodi
800 3812 952 3877 tribuenda
967 3834 1025 3876 nou
1042 3813 1152 3877 vident.
1187 3810 1276 3877 Falsa

125 3915 229 4003 quippe
253 3915 391 4002 opinione
417 3917 531 4003 decepti
555 3917 675 3982 hebetes
699 3929 787 4001 atque
809 3916 924 3980 attoniti
947 3915 1118 3980 redduntur.
1163 3912 1278 3979 Ferunt

125 4019 201 4082 euim
223 4018 278 4084 tria
294 4022 368 4107 apud
389 4020 454 4084 ilios
473 4018 678 4084 candidissimo
696 4040 735 4084 ex
753 4020 830 4083 vitro
849 4039 921 4082 vasa
939 4018 1119 4104 consparari,
1152 4018 1181 4082 in
1203 4039 1277 4103 quae

125 4120 221 4186 eibum
238 4121 338 4187 viuum
355 4123 503 4201 intusum,
528 4123 594 4187 dum
611 4121 689 4187 iilam
705 4142 790 4208 quum
809 4131 911 4207 putant
927 4121 1148 4202 eucharistiam,
1172 4140 1277 4186 revera

125 4283 223 4328 morsm
233 4275 510 4337 metorbebeietur,
523 4273 684 4328 offuciarum·
717 4275 770 4344 τις]
791 4285 880 4344 utpote
901 4277 943 4345 qui
964 4285 991 4327 et
1007 4275 1183 4329 scientissimus
1203 4285 1277 4338 esset,

124 4345 330 4413 quemgioeam
338 4345 500 4414 peritissimus
511 4345 636 4408 existeret,
645 4344 684 4395 di·
716 4345 896 4412 masimamque
906 4345 960 4396 sire
970 4361 985 4396 a
997 4343 1059 4396 locis
1069 4344 1123 4396 rire
1135 4363 1150 4397 a
1160 4344 1225 4413 logis
1235 4345 1276 4395 in·

126 4423 180 4464 etse
192 4425 277 4465 eutem
288 4413 420 4482 dictosque
433 4429 520 4464 omues
532 4411 685 4480 decepisset)
717 4411 824 4463 visitatis
836 4412 1044 4482 innominatisque
1057 4413 1122 4477 sinn,
1139 4429 1184 4465 eeu
1198 4414 1278 4464 rirtn·

125 4491 154 4532 ut
168 4480 216 4533 sibi
231 4482 391 4534 attenderent
408 4481 490 4553 [procu
504 4484 583 4534 bueus
597 4483 628 4533 de
643 4483 683 4534 St·
716 4490 784 4544 tem,
802 4480 934 4534 obtineret.

13 4598 16 4604 ,
125 4565 193 4603 sure
202 4551 276 4615 urm
287 4551 373 4606 decb
391 4552 429 4605 tu.
446 4541 469 4604 ri
482 4554 610 4620 προςιῐχοι
622 4546 684 4604 πάι·
