3046 5084
158 315 220 375 552
584 323 706 374 ελυοτι
723 322 892 374 Ευινιιλαιι

159 441 257 508 ούκίτι
277 441 420 526 Χριστός,
443 439 461 507 ό
476 439 574 507 ἐλθιόν
592 438 642 505 διδ
657 438 711 522 τῆν
725 436 867 523 ἀθέτησιν
884 446 937 521 τῆς
952 446 1037 523 μιᾶς,
1059 436 1220 523 δυνήσεται
1236 466 1324 507 κατα-

159 553 243 609 λῦσαι
266 543 319 627 τῆν
340 544 449 626 ταύτην
471 547 645 627 τυραννίδα,
677 540 767 624 αύτῆς
788 539 966 625 οίντεχούσης
986 545 1038 608 καὶ
1060 544 1229 625 δυναμίνης
1250 539 1324 627 πρός

160 646 214 729 τῆν
233 645 294 711 ύνω
312 644 438 731 α’όρατον
454 649 503 711 καί
521 644 760 728 α’κατονόμαστον
776 641 987 729 ἀγωνίζεσθαι,
1009 643 1138 729 οίντέχειν
1153 670 1186 711 τε
1201 647 1254 711 καλ
1272 671 1323 727 μη-

161 753 265 814 δέποτε
288 748 437 814 δύνασθαι
460 748 666 813 καταλύεσθαι.

26 872 92 939 Κεφ,
112 869 144 940 γ’,
249 854 339 937 Λέγει
353 853 384 916 δὲ
399 849 416 916 ό
433 850 550 933 ῆλίθιος
565 853 615 915 καὶ
628 848 681 915 τόν
697 849 791 932 νόμον
804 853 855 914 καί
874 849 944 927 τούς
959 848 1118 934 προφήτας
1135 856 1193 933 τῆς
1208 848 1324 933 φαύλης

160 957 211 1022 καὶ
231 958 365 1029 ἐναντίας
387 951 460 1019 εἶναι
477 953 596 1037 Ἀρχῆς,
627 951 679 1017 τόν
702 954 733 1017 δὲ
754 950 882 1037 Χριστόν
903 959 955 1036 τῆς
971 951 1099 1039 ιίγαθῆς.
1145 951 1256 1019 Πόθεν
1270 944 1324 1019 ούε

162 1063 192 1125 οί
205 1066 357 1142 προφῆται
371 1056 406 1120 τοί
421 1061 461 1132 είς
480 1054 608 1141 Χριστόν
623 1057 814 1138 τετυκωμίνα
828 1054 1100 1138 προανεφοίνησαν,
1123 1056 1150 1119 εί
1164 1054 1207 1138 μή
1222 1046 1325 1138 μίαῆν

164 1166 214 1227 καί
232 1158 251 1243 ή
267 1158 342 1240 αύτή
358 1159 495 1241 Δύναμις
508 1157 528 1241 ή
541 1157 689 1240 λαλήσασα
705 1155 832 1246 ἐννόμῳ
848 1160 898 1222 καί
914 1162 945 1222 ἐν
958 1157 1129 1243 προφήταις
1141 1160 1192 1223 καί
1208 1155 1322 1243 εύαγγε-

163 1270 251 1340 λίοις,·
285 1261 424 1346 καθάπερ
447 1264 535 1345 λέγει,
567 1258 599 1324 Ὁ
618 1267 713 1325 λαλῶν
730 1263 761 1325 ἕν
780 1269 842 1336 τοῖς
860 1260 1045 1346 προφήταις,
1076 1258 1159 1339 ίδού,
1192 1259 1323 1346 πάρειμι,

164 1369 214 1431 καί
238 1364 273 1428 τό
298 1367 371 1445 ἑξῆς.
419 1362 524 1428 Πόθεν
546 1364 577 1427 δὲ
598 1365 648 1426 καὶ
672 1360 809 1446 όκύριος
827 1365 858 1427 ἐν
874 1369 914 1452 τῷ
932 1362 1088 1452 εὐαγγελίῳ
1105 1360 1323 1449 προανεφοίνει,

163 1470 269 1553 λέγων,
301 1470 342 1529 Εί
358 1474 488 1530 Μωϋσεῖ
504 1464 679 1544 ἐπιστεύετε,
710 1468 760 1530 καί
785 1468 850 1547 ἐμοὶ
874 1464 911 1530 ι’ίν
929 1464 1108 1544 ἐπιστεύετε,
1139 1468 1255 1541 ἐκεῖνος
1270 1461 1324 1549 γύρ

164 1573 230 1655 περὶ
250 1573 322 1651 ἐμοῦ
338 1571 464 1653 ἔγραφες
500 1570 561 1631 Καὶ
574 1567 667 1632 πολλοί
681 1594 730 1650 μοι
747 1571 805 1633 ἐστι
822 1571 890 1651 περὶ
907 1575 1077 1653 μαρτυριῶν
1089 1568 1200 1655 λέγειν,
1222 1564 1325 1643 καθείς

165 1677 336 1757 συναγείρας
359 1670 463 1752 σχολήν
485 1673 579 1758 ἑαυτῷ
596 1674 734 1753 ἐποίησεν
756 1668 773 1736 ό
793 1673 842 1736 ἐπὶ
861 1672 1062 1757 συγκυρήματι
1080 1674 1206 1759 πονηρῷ
1220 1674 1262 1759 τῷ
1277 1667 1325 1735 τό·

165 1798 230 1862 σμῳ
247 1773 461 1855 ἐπιβλαστήσας
475 1776 524 1838 καί
540 1772 691 1855 πλανήτας
703 1772 773 1849 τούς
787 1771 836 1838 ὑπ’
851 1772 944 1839 αύτοῦ
956 1775 1209 1856 πεπλανημένους.
1246 1776 1325 1855 Παρ-

166 1876 319 1959 ελεύσομαι
338 1878 369 1941 δὲ
384 1878 434 1940 καὶ
458 1887 467 1923 ¹
480 1875 603 1958 ταύτης,
627 1874 693 1952 όςεί
709 1878 878 1959 2βέμβικος
892 1879 943 1941 καὶ
959 1875 1172 1960 πεμφρηδόνος
1185 1880 1246 1941 τῶν
1259 1871 1326 1940 όδν·

166 1989 299 2046 νοποιῶν
323 1981 353 2044 ἐκ
380 1987 520 2043 πετεινῶν
537 1977 696 2044 κνωδοίλων
714 1976 893 2063 ὁρμωμένων
915 1976 974 2044 ύπό
999 1984 1069 2061 μίαν
1090 1982 1184 2061 θῆξιν
1206 1980 1323 2045 ἐκπετα-

166 2085 315 2161 σθὲντων,
345 2081 397 2165 τήν
415 2081 558 2148 όνόλωσιν
574 2082 787 2164 ποιησόμενος,
816 2082 865 2147 διοί
888 2091 940 2165 τῆς
955 2089 1009 2147 τοῦ
1028 2088 1104 2146 θεοῦ
1121 2079 1327 2167 ἐνεργεστότης

166 2184 290 2261 πίστεώς
305 2211 335 2248 τε
352 2188 401 2249 καὶ
418 2184 626 2270 σωτηριοίδονς
641 2189 829 2259 διδασκαλίας
847 2192 900 2250 τοῦ
917 2189 1022 2269 κυρίου
1037 2181 1123 2267 ήμῶν
1136 2180 1239 2268 Ἰησοῦ
1257 2188 1327 2267 Χρι-

167 2296 254 2365 στοῦ,
285 2296 338 2353 τοῦ
362 2288 510 2367 εἰπόντος,
542 2290 664 2353 Βλέπετε
686 2286 726 2370 μή
749 2293 933 2371 πλανηθῆτε,
960 2288 1063 2352 πολλοὶ
1083 2284 1140 2372 γύρ
1162 2284 1326 2353 ἐλεύσονται

166 2396 429 2475 ψευδοπροφῆται·
453 2394 501 2456 καί
519 2399 573 2456 τοῦ
589 2389 756 2456 α’ποστόλον
770 2392 909 2475 περὶτῶν
926 2388 1025 2455 αὐτῶν
1039 2392 1266 2473 φενδοχρίστων
1279 2388 1329 2453 παλ

168 2493 451 2576 ψευδοδιδασκόλων
467 2496 516 2559 καὶ
534 2496 752 2573 ψευδαδέλφων
765 2492 917 2575 φήσαντος
930 2494 982 2557 καλ
996 2489 1075 2575 ήμᾶς
1088 2490 1328 2576 οίσφαλισαμίνσν

168 2600 216 2663 ἐπὶ
238 2596 290 2672 τοίς
307 2598 374 2678 ἑξῆς
396 2596 471 2661 κατοί
489 2596 543 2679 τῆν
560 2594 744 2661 όκολουθίαν
764 2600 960 2681 ίπροβαίνων
978 2602 1037 2659 τῶν
1051 2592 1148 2661 ύλλων
1164 2592 1328 2677 ποιήσομαι

168 2698 220 2784 τήν
242 2697 400 2785 ύφήγησιν.
480 2768 483 2773 ,

45 3090 155 3147 mm.
399 3050 555 3119 ΚΑΤΑ
602 3048 1094 3131 ΜΑΡΚΙΩΝΙΣΤΩΝ,

295 3164 428 3259 εἰκοστή
455 3173 608 3263 δευτέρα,
635 3162 658 3257 ἡ
684 3168 744 3238 καὶ
769 3162 1022 3264 τεσσαρακοατῆ
1047 3170 1195 3263 δευτέρα.

34 3343 100 3410 Κεφ,
120 3340 151 3395 α’,
256 3320 421 3399 Μαρκίων,
454 3312 505 3395 ἀφ’
523 3306 616 3399 οὗπερ
634 3319 879 3398 Μαρκιωνισταλ,
910 3317 944 3380 ἐκ
960 3312 1067 3379 τούτου
1086 3318 1141 3379 τοῦ
1155 3312 1331 3399 προειρημέ-

168 3447 222 3485 νου
239 3422 398 3504 Κέρδωνος
421 3417 474 3500 τήν
493 3419 646 3502 πρόφασιν
664 3415 792 3498 είληφοίς
814 3419 866 3482 καί
888 3416 979 3493 αύτός
995 3418 1086 3501 μίγας
1106 3414 1181 3497 ίίφις
1197 3424 1333 3503 προῆλθε

169 3531 209 3610 τῷ
225 3527 292 3610 βίῳ,
315 3521 391 3586 πολύ
406 3522 438 3585 δὲ
454 3528 572 3603 πλῆθος
587 3518 773 3601 ἐξαπατήσας
788 3522 831 3584 ἐτι
846 3523 889 3597 εἰς
903 3524 991 3605 δεῦρο
1006 3522 1048 3597 είς
1061 3516 1190 3595 πολλούς
1203 3516 1334 3605 τρόπους

169 3624 368 3711 προεστήσατο
386 3627 596 3688 διδασκαλεῖον.
638 3619 676 3686 Ἡ
693 3623 724 3687 δὲ
742 3625 853 3705 αἵρεσις
873 3626 914 3689 ἐτι
932 3625 983 3688 καλ
1000 3628 1056 3687 νῦν
1072 3624 1105 3689 ἐν
1120 3646 1152 3687 τε
1166 3618 1267 3713 Ῥύμη
1282 3624 1334 3689 παλ

171 3731 203 3793 ἐν
218 3734 252 3816 τῆ
268 3726 389 3814 Ἰταλίᾳ,
413 3729 444 3791 ἐν
460 3725 604 3815 Αἰγύπτῳ
622 3727 718 3790 τεκαὶ
736 3728 766 3790 ἐν
782 3730 976 3815 Παλαιστίνη,
1000 3727 1032 3790 ἐν
1045 3722 1170 3815 Ἀραβλφ
1185 3750 1218 3791 τε
1232 3726 1334 3793 mlh

169 3839 206 3921 τῆ
222 3833 334 3916 Συρίγι,
358 3833 390 3894 ἐν
406 3828 521 3919 Κύπρῳ
537 3855 566 3893 τε
583 3831 633 3894 καλ
649 3832 794 3911 Θηβαΐδι,
818 3826 854 3894 ού
871 3826 931 3912 μήν
947 3826 1020 3894 α’λλθ
1033 3830 1086 3893 καλ
1101 3828 1136 3893 ἐν
1150 3834 1188 3919 τῆ
1209 3830 1335 3913 Περσίδι

170 3936 220 3999 καί
243 3935 275 3998 ἐν
298 3931 394 4007 ύλλοις
415 3931 519 4008 τόποις
536 3929 706 4018 εύρίσκεται.
751 3929 900 4017 Μεγύλως
916 3930 972 4017 γαίη
989 3926 1008 3997 ό
1025 3928 1160 4017 πονηρός
1179 3932 1213 3997 ἐν
1230 3928 1335 4009 αύτιλς

171 4040 324 4117 κατίσχυσε
338 4034 392 4116 τῆν
408 4032 532 4116 οίποίτην.
580 4027 675 4110 Ούτος
691 4033 723 4100 τό
737 4036 824 4120 γένος
839 4032 989 4111 Ποντικός
1001 4030 1142 4120 ύπῆρχεν,
1161 4030 1334 4101 Ὲλενοπόν·

171 4165 225 4203 τον
242 4139 275 4202 δέ
291 4163 383 4218 φημι,
406 4140 550 4220 Σινοίπης
565 4139 597 4202 δέ
610 4136 739 4216 πόλεως,
762 4133 804 4211 νίς
819 4134 913 4213 πολύς
925 4139 993 4222 περλ
1010 4134 1104 4202 αύτοῦ
1121 4132 1226 4223 ᾅδεται
1237 4134 1333 4225 λόγος.

175 4238 235 4305 Τόν
257 4240 289 4303 δὲ
311 4248 429 4325 πρῶτον
451 4236 544 4304 αύτοῦ
568 4245 636 4323 βίον
656 4244 822 4326 παρθενίαν
847 4243 940 4321 δῆθεν
963 4238 1056 4323 ῆσκει.
1101 4238 1258 4319 Μσνείζιν
1277 4236 1334 4329 71⁸0

206 4379 265 4429 Cn.
281 4381 368 4428 111.-
386 4384 407 4432 l.
421 4378 516 4443 ταύτης
527 4384 629 4442 postulat
641 4388 730 4432 εταίιο-
762 4382 904 4443 deprehendi
917 4374 1014 4451 ταύτῆῗ

170 4454 219 4509 tia,
235 4465 281 4498 αοκ
296 4445 406 4515 ταύτην,
431 4451 493 4512 quod
509 4453 579 4513 υιιλρο
596 4457 667 4501 ταλαί.
703 4454 731 4499 Et
798 4452 822 4497 2.
841 4450 1333 4505 sicmendavitmwmmu

169 4520 238 4575 ιλλαδ,
252 4520 449 4579 quemadmodum
459 4520 572 4579 suspicor,
585 4522 657 4569 νολιιίε
666 4522 737 4568 κείατο
770 4520 803 4567 ad
820 4520 845 4567 λ.
859 4520 890 4579 λ,
913 4524 1039 4583 postquam
1058 4522 1085 4569 λι
1100 4520 1211 4571 m
1229 4520 1335 4585 ιιῂ

171 4590 212 4650 φιλ
224 4589 317 4649 scripsit
330 4588 433 4637 codicem
447 4586 645 4649 λελεαίςιτααιιοι,
656 4590 682 4637 ια
692 4602 739 4650 quo
768 4590 890 4649 proposuit
903 4584 1046 4655 μύρμηκος.
1073 4586 1334 4653 Ηίλεεήιῌ
