3046 5084
248 380 308 439 710
668 386 789 438 SANCTI
806 386 978 437 EPIPHANH

246 505 301 592 γάρ
324 502 342 569 δ
362 502 518 580 Ἰοαστῖνος
535 507 719 588 Σαμαρείτης
737 496 776 585 ήν
796 500 829 568 τύ
852 504 953 588 γένος,
984 503 1027 577 είς
1044 499 1178 587 Χριστδν
1199 500 1406 579 πεπιστευκιύς

247 611 298 673 καὶ
316 609 445 693 μεγάλως
460 608 648 689 ἕξασκηθελς,
680 603 785 690 άρετής
800 630 828 670 τε
848 608 913 687 βίον
931 601 1146 687 ἐνδειξάμενος,
1176 602 1210 670 τδ
1225 606 1308 681 τίλας
1324 601 1403 690 ύπέρ

250 717 380 794 Χριστοῦ
396 709 583 793 μαρτυρήσας
597 712 704 773 τελείου
720 706 867 788 στεφάνου
884 711 1082 784 καταξιοῦται,
1103 708 1153 772 ἐπί
1166 714 1220 789 τῆς
1233 704 1402 789 Ῥωμαίων,

248 816 296 879 ἐπὶ
309 809 466 876 Ῥωστικοῦ
483 809 627 896 ήγεμύυος
643 813 693 874 καὶ
707 808 861 895 Ἀδριανοῦ
877 809 1029 891 βασιλέως,
1047 811 1121 874 ἐτοῖν
1134 806 1292 892 τριάκοντα
1308 804 1403 893 ύττάρ-

247 942 307 999 χων
322 917 354 980 ἐν
367 913 542 1002 καθεστώσῃ
559 911 667 1001 ήλικίμ.
717 911 818 1001 Τούτῳ
836 908 854 977 ύ
869 913 1081 996 προειρημένος
1098 910 1239 989 Τατιανδς
1251 910 1401 994 συνακμά-

247 1040 302 1094 σας
325 1015 360 1081 τά
382 1023 483 1101 πρῶτα
505 1023 601 1090 καλῶς
622 1013 785 1097 φερόμενος
806 1018 856 1079 καὶ
877 1022 912 1103 τῇ
934 1019 1029 1078 πίστει
1051 1016 1215 1099 ἐρρωμένος
1236 1012 1403 1099 ἐτύγχανεν,

248 1120 320 1185 ὅσον
339 1112 373 1201 ήυ
390 1117 443 1183 σύν
461 1126 500 1206 τῷ
519 1116 592 1205 άγίφ
605 1115 752 1205 Ἰουστίνφ
768 1124 809 1203 τῷ
826 1116 965 1201 μάρτυρι,
989 1116 1036 1180 ὅτε
1053 1117 1086 1181 δέ
1103 1115 1232 1181 ἐτελεύτα
1244 1111 1404 1201 Ἷονστῑνος

248 1220 266 1287 δ
282 1221 381 1306 άγιος,
414 1222 508 1305 ὥςπερ
526 1219 635 1300 τυφλδς
650 1218 913 1305 χειραγωγούμενος
929 1217 988 1294 2ῦς
1002 1215 1063 1283 ύπύ
1080 1226 1134 1283 τοῦ
1151 1226 1332 1305 χειραγωγοῦ
1349 1245 1402 1284 κα-

247 1329 429 1406 ταλειφθείη,
444 1327 495 1387 καί
508 1325 715 1402 καταλειφθείς
729 1323 776 1386 ἐπί
791 1320 924 1406 κρημνύν
939 1319 1045 1386 ἐαυτδν
1059 1318 1165 1396 ἐκδούς
1178 1320 1228 1386 διά
1242 1320 1296 1406 τήν
1311 1348 1400 1409 προς·

248 1435 340 1492 οὖσαν
357 1424 434 1513 αύτῷ
449 1425 598 1504 τύφλωσιν
611 1426 806 1507 καταφέρεται
819 1422 1019 1506 άνειτισχέτως,
1042 1426 1097 1499 ἕως
1115 1426 1157 1498 είς
1171 1422 1306 1490 θάνατον
1319 1450 1400 1489 κατε-

247 1532 375 1611 νεχθείη,
400 1528 478 1592 οῦτω
494 1530 544 1591 καὶ
558 1525 655 1602 αύτύς.
701 1529 761 1589 Καὶ
778 1519 815 1608 ήν
831 1527 883 1607 μὲν
897 1524 998 1608 Σύρος
1011 1525 1044 1591 ιδ
1059 1528 1153 1611 γένος,
1176 1522 1217 1603 ύς
1232 1522 1254 1608 ή
1267 1528 1309 1602 είς
1321 1522 1402 1609 ήμᾶς

248 1634 379 1697 ἐλθοῦσα
397 1638 504 1714 γνῶσις
520 1631 658 1712 περιέχει·
689 1627 722 1693 τῦ
744 1630 776 1693 δὲ
798 1627 890 1693 αύτοῦ
908 1633 1111 1694 διδασκαλεῖον
1129 1628 1329 1714 προεστήσατο
1349 1628 1401 1695 ἄπ’

247 1731 338 1815 σίρχῆς
361 1734 413 1815 μὲν
436 1735 466 1797 ἐυ
488 1739 523 1820 τή
546 1733 636 1820 Μέσγγ
659 1739 717 1796 τῶν
742 1738 905 1813 Ποταμῶν,
936 1728 977 1806 οἷς
998 1733 1067 1816 περί
1088 1729 1121 1797 τδ
1144 1732 1313 1797 δωδέκατον
1335 1734 1402 1810 ἐτος

251 1833 448 1900 ’Ἀντωυίνου
464 1842 516 1899 τοῦ
534 1833 688 1917 Εὐσεβοῦς
708 1839 857 1918 Καίσαρος
873 1835 1090 1916 ἐπικληθέντος.
1132 1831 1206 1901 Ἀπδ
1218 1830 1330 1917 Ῥάμης
1343 1834 1401 1921 γάρ

247 1936 318 2021 μετά
339 1937 392 2020 τήν
413 1945 466 2002 τοῦ
485 1935 570 2021 άγίου
588 1934 746 2001 Ἰοαστίνου
763 1941 906 2000 τελείωσιν
923 1934 1049 2001 διελθοδν
1068 1939 1116 2003 ἐπί
1133 1935 1170 2001 τά
1186 1944 1239 2019 τῆς
1255 1934 1402 2021 άνατολής

248 2042 338 2125 μέρη,
368 2042 419 2104 καὶ
441 2043 533 2104 ἐκεῖσε
553 2043 728 2121 διατρίβων,
756 2045 833 2129 κακή
854 2043 969 2126 διανοίᾳ
992 2038 1157 2125 περιπεσοδν
1178 2039 1300 2117 Λίῶνάς
1319 2068 1402 2117 τινας

246 2141 321 2208 κατά
344 2142 414 2218 τούς
437 2141 555 2224 μύθους
577 2140 788 2220 Οὐαλεντίνου,
817 2144 867 2206 καί
882 2139 987 2227 Ἀρχάς
1000 2168 1082 2218 τινας
1102 2145 1154 2208 καί
1172 2142 1332 2231 Προβολύς
1348 2146 1400 2209 καί

248 2243 338 2321 αύτδς
351 2246 529 2329 είςηγήσατο.
578 2243 617 2309 Τδ
636 2245 667 2309 δέ
684 2251 818 2308 πλεῖστον
834 2251 888 2308 τοῦ
907 2242 999 2309 αύτοῦ
1014 2243 1202 2331 κηρύγματος
1217 2244 1277 2312 τίπδ
1292 2244 1402 2313 ’Amo-

245 2352 324 2431 χείας
341 2355 392 2430 τής
408 2345 484 2431 πρύς
502 2346 643 2429 Δάφνην,
666 2350 716 2411 καί
734 2349 782 2411 ἐπί
799 2344 834 2410 τά
851 2353 908 2410 τοῖν
926 2352 1055 2412 Κιλίκων
1071 2349 1163 2433 μέρη,
1185 2350 1236 2414 ἐπί
1250 2356 1351 2415 πλεῖον
1365 2350 1401 2415 δέ

247 2453 279 2515 ἐν
297 2458 333 2538 τῇ
352 2455 475 2538 Πισιδίμ
494 2449 658 2535 ἐκράτυνεν.
701 2447 773 2515 Ἀπδ
790 2446 896 2514 τούτου
914 2448 969 2535 γάρ
988 2450 1064 2515 κατά
1082 2450 1223 2535 διαδοχήν
1238 2454 1270 2518 οί
1280 2448 1400 2537 'Eme-

245 2562 322 2617 τῖται
342 2552 490 2638 λεγόμενοι
511 2560 566 2617 τοῦ
589 2556 636 2617 ίοῦ
655 2554 858 2634 μετεσχηκότες
876 2549 1049 2636 ύπάρχουσι.
1093 2556 1219 2639 Λέγεται
1242 2553 1275 2620 δέ
1295 2552 1330 2619 τδ
1350 2552 1402 2621 διά

245 2655 394 2741 τεσσάρων
411 2653 603 2741 4εύαγγέλιου
618 2652 667 2719 ὑπ’
684 2652 776 2719 αύτοῦ
792 2662 965 2740 γεγενῆσθαι
978 2654 1067 2742 ὅπερ,
1093 2654 1177 2721 Κατά
1189 2652 1346 2745 Ἑβραίους
1359 2682 1401 2723 τι·

244 2759 292 2834 νές
315 2765 444 2823 καλοῦσι.

111 2870 178 2939 Κεφ.
197 2869 228 2941 β’.
337 2859 380 2924 Τά
402 2859 476 2924 αύτά
499 2862 529 2924 δὲ
551 2870 615 2935 ταῖς
637 2868 775 2936 παλαιαῖς
796 2862 922 2945 αίρέσεσι
938 2863 994 2931 ,καί
1016 2853 1104 2937 οὗτος
1125 2863 1296 2947 δογματίζει.
1340 2864 1402 2927 Καί

245 2971 365 3049 πρῶτον
381 2965 433 3046 μὲν
450 2963 558 3043 φάσκει
574 2962 614 3046 μή
629 2960 774 3039 σώζεσθαι
790 2960 840 3027 τάν
853 2960 955 3045 Ἀδάμ.
997 2960 1185 3049 Ἐγκράτειαν
1200 2966 1233 3029 δέ
1247 2956 1335 3042 ούτος
1348 2992 1400 3049 κη-

247 3065 357 3149 ρύττει·
389 3064 440 3130 τδυ
463 3067 494 3130 δέ
516 3064 610 3152 γάμον
630 3070 768 3150 πορνείαν
789 3068 840 3130 καί
861 3063 985 3147 φθοράν
1004 3063 1132 3151 ήγεῖται,
1162 3065 1290 3147 φάσκων
1309 3067 1402 3151 μηδέτ

247 3167 424 3233 διαλλάττειν
445 3172 583 3253 πορνείας
606 3166 658 3232 τδυ
679 3166 792 3252 γάμον,
822 3166 892 3232 ἄλλά
913 3166 946 3233 τύ
971 3166 1043 3234 αύτδ
1067 3166 1149 3235 εἶναι.
1184 3168 1283 3236 Ὅθεν
1304 3172 1337 3237 ἐν
1357 3178 1400 3261 τῷ

124 3308 175 3353 μσς,
188 3297 233 3341 τις
246 3270 431 3355 προσχήματι
450 3279 502 3354 τῆς
522 3274 703 3357 ἐγκρατείας,
733 3274 784 3335 καὶ
806 3278 858 3335 τοῦ
877 3273 1087 3357 ἐγκρατητικοῦ
1106 3270 1205 3355 ἤθους
1222 3270 1401 3359 κυβευτικήν

247 3378 309 3457 ἐσχε
325 3371 379 3456 τήν
396 3372 530 3459 άγωγήν,
554 3371 595 3449 οῦς
611 3373 700 3448 λύκος
716 3372 813 3459 άρπαξ
831 3372 1007 3456 ἐνδυόμενος
1022 3374 1177 3459 προβάτου
1193 3378 1319 3455 κνίδιον,
1346 3377 1400 3443 καί

246 3484 365 3541 πλανῶν
381 3484 421 3564 τῷ
436 3480 605 3564 προςκαίρῳ
619 3475 801 3560 προσχήματι
816 3476 886 3553 τούς
901 3474 1121 3560 άπατωμένους.
1165 3482 1354 3563 Μυστηρίοις
1367 3480 1400 3545 δέ

248 3578 385 3654 ω’ςαύτως
402 3581 551 3663 κέχρηται,
578 3578 652 3643 κατά
671 3584 794 3663 μίμησιν
810 3587 862 3662 τῆς
877 3577 962 3666 άγίας
977 3582 1145 3663 ἐκκλησίας,
1165 3578 1253 3646 ῦδστι
1269 3582 1302 3647 δέ
1316 3580 1399 3671 μύνφ

246 3680 395 3764 χρώμενος
411 3685 442 3746 ἐν
456 3691 518 3757 τοῖς
530 3679 632 3757 αύτοῖς
645 3688 823 3767 μυστηρίοις.
857 3688 995 3749 Πεσεῑται
1008 3684 1040 3750 δέ
1052 3686 1102 3750 καί
1114 3676 1203 3761 ούτος
1216 3682 1290 3750 κατά
1302 3682 1400 3751 πάντα

247 3782 376 3866 τρόπον,
399 3782 561 3848 άσύστατσν
575 3786 648 3867 ἐχων
665 3783 697 3849 τύ
714 3784 863 3871 κήρυγμα·
885 3784 943 3869 ἤδη
957 3787 990 3852 δέ
1006 3788 1056 3852 καί
1074 3780 1163 3865 ούτος
1177 3788 1400 3871 κατασβεσθείς,

247 3886 345 3969 οἶμαι,
375 3890 469 3969 ἔληξε,
499 3889 548 3951 καί
565 3886 598 3951 τδ
617 3886 725 3952 τούτου
741 3892 951 3953 διδασκαλεῖον.
997 3887 1105 3955 Πύθεν
1119 3888 1176 3977 γάρ
1191 3888 1248 3957 ούκ
1263 3888 1401 3977 ἐλεηθή-

247 4014 325 4055 σεται
343 3987 360 4054 ύ
375 3997 525 4067 τοιοῦτοςς
561 3996 686 4074 Πρῶτον
700 3991 753 4073 μὲν
766 3989 822 4077 γάρ
838 3990 912 4055 κατά
927 3990 963 4056 τά
980 3990 1042 4057 ύνω
1056 3990 1128 4075 ἡμῖν
1141 3994 1400 4079 προδεδηλωμέη,

245 4096 297 4157 καὶ
323 4091 398 4177 πρὸς
421 4090 473 4167 τάς
495 4091 572 4157 οῦτω
596 4091 770 4173 φασκούσας
793 4094 934 4179 αίρέσεις,
965 4092 1010 4159 ῦτι
1029 4092 1179 4162 άδύνατον
1199 4092 1276 4161 είνοι
1292 4094 1402 4175 πολλάς

246 4192 350 4279 Ἀρχάς
362 4192 533 4279 γεννητικάς
547 4201 607 4259 τῶν
622 4195 696 4259 κατά
710 4196 850 4280 διαδοχήν
865 4198 1062 4283 γεννωμένων.
1105 4202 1151 4263 At
1159 4196 1216 4285 γάρ
1229 4190 1317 4265 ούσαι
1330 4206 1399 4267 πολι

246 4298 294 4360 λαί
308 4299 357 4361 καί
371 4302 422 4379 μία
439 4299 471 4361 ἐκ
486 4306 538 4378 τῆς
551 4305 620 4380 μιᾶς
633 4295 819 4384 ύτιάρχοοσαι
833 4302 866 4366 ἐκ
879 4308 932 4383 τῆς
944 4298 1037 4384 οῦσης
1050 4308 1120 4385 μιῦς
1133 4304 1230 4379 αίτίας
1241 4308 1303 4369 τιῖν
1323 4310 1400 4371 Ιιτα-

272 4454 297 4504 2.
313 4449 342 4513 δς
353 4459 377 4505 in
387 4459 452 4505 libris
461 4458 608 4507 desideratur
617 4460 730 4508 omnibus,
750 4460 805 4508 Cor·
838 4462 917 4510 ιυίοιιε
934 4461 1000 4510 addi.

245 4526 314 4574 κοτίο
334 4529 355 4573 τί
371 4527 468 4575 Ρτίοιίο
489 4528 566 4589 magis
579 4528 670 4587 placuit
689 4525 712 4579 τί
728 4530 805 4589 paru·
872 4528 898 4579 δ.
913 4530 979 4580 mm·
995 4531 1079 4583 λσῦττιί
1093 4522 1237 4585 ’Amm-
