3046 5084
148 360 209 421 220
569 368 689 420 οκοοοι
707 369 874 419 mmm

146 485 249 571 άνθρες
267 486 446 569 είστῆκειοαν
462 488 503 561 είς
519 484 573 568 τῆν
587 487 698 564 οίκίαν,
727 486 777 549 καί
795 482 859 548 εἶπέ
876 508 926 565 μοι
944 481 977 548 τό
994 489 1126 565 πνεῦμα,
1157 483 1300 568 Πορεύου

148 586 202 653 σῦν
224 587 325 662 αύτοῑς
347 588 437 668 μηθέν
459 585 688 670 διακρινόμενος.
733 587 793 649 Καὶ
814 582 919 650 λοιπόν
935 588 1075 670 διηγεῖται
1092 582 1133 660 σός
1155 586 1188 650 έν
1202 611 1298 670 παρα-

146 695 220 778 βολῆ
233 697 324 753 ταῦτα
341 687 361 752 ιλ
376 686 452 771 πρός
468 686 558 752 αύτόν
574 692 685 771 εἴρηται
691 739 700 767 ,
722 689 772 751 καί
789 683 830 761 ῶς
849 684 885 751 ού
900 685 965 751 τότε
984 689 1157 766 2ἐδίδαξεν,
1180 689 1235 764 έως
1249 687 1299 752 ὅτε

147 788 280 873 όιιύριος
295 793 424 874 έναργῶς
440 792 545 865 έόειξεν
562 787 642 877 αύτῷ
660 789 679 852 όί
696 788 745 854 θιά
761 796 821 853 τῶν
835 787 929 873 λόγων
946 789 995 852 καλ
1013 787 1116 852 τύπων
1133 787 1225 854 αύτόν
1241 793 1299 855 ἐθί-

147 894 260 956 ῦασκεν.
303 889 413 965 Εύθύς
430 889 485 976 γάρ
503 888 596 955 αὐτοῦ
616 888 786 966 άνοίξαντος
804 887 838 953 τό
855 888 964 970 στόμα,
994 888 1042 954 ὅτε
1060 882 1152 970 ῆλθεν
1167 894 1209 966 είς
1225 898 1297 957 Και-

146 992 280 1078 σάρειαν,
303 995 425 1058 έπέπεσε
438 991 471 1056 τό
486 1000 602 1072 πνεῦμα
617 990 648 1055 τό
664 990 748 1076 άγιον
765 992 814 1055 έπλ
829 990 1004 1074 Κορνήλιον,
1025 993 1077 1054 καλ
1092 989 1164 1055 ίθῶν
1183 994 1297 1078 Πέτρος

146 1091 224 1173 εἷπε,
251 1093 309 1176 Μῆ
326 1121 370 1168 τις
385 1092 508 1157 δύναται
524 1092 653 1157 κωλύσαι
669 1090 701 1156 τό
721 1093 802 1175 ῦὸωρ
819 1089 879 1156 άπό
895 1091 1008 1156 τούτων
1023 1099 1083 1156 τῶν
1100 1097 1298 1170 καταξιωθέν-

145 1221 204 1260 των
220 1194 253 1259 τό
270 1203 384 1276 πνεῦμα
397 1191 429 1257 τό
446 1194 530 1277 άγιον
544 1197 659 1274 λαβεῖν,
682 1190 723 1267 τός
739 1195 790 1256 καλ
804 1190 888 1274 ῆμεῖς
903 1196 933 1270 έξ
949 1192 1055 1276 άρχῆςς
1083 1192 1122 1259 Τό
1138 1172 1198 1259 ίτάν
1214 1197 1246 1260 δέ
1261 1188 1298 1279 ῆν

145 1304 231 1361 τοῦτο
255 1296 416 1379 μυστήριον
436 1296 487 1358 καί
509 1302 561 1377 τῆς
580 1302 634 1358 τοῦ
655 1301 731 1358 θεοῦ
749 1297 976 1378 φιλανθρωπίας
992 1298 1091 1379 ἔργον,
1122 1296 1206 1372 ὅπως
1227 1296 1245 1362 ό
1268 1324 1299 1363 τε

146 1396 229 1482 άγιος
245 1400 359 1481 Πέτρος
371 1397 422 1460 καλ
435 1403 495 1470 πῦς
506 1422 550 1470 τις
562 1393 700 1480 γνώσεται
715 1395 761 1459 ότι
776 1393 831 1460 ούκ
845 1392 895 1459 άπ’
908 1393 1077 1480 άνθρῶπων
1090 1395 1110 1480 ῆ
1123 1405 1182 1462 τῶν
1196 1401 1298 1464 ἐθνῶν

146 1504 290 1584 σωτηρία,
313 1496 369 1562 ἄλλ’
385 1501 417 1563 ἐκ
432 1505 515 1561 θεοῦ.
560 1495 718 1581 Προῦλαβε
732 1497 788 1581 γάρ
804 1495 822 1562 ό
838 1497 911 1573 θεός
925 1502 1029 1563 δοῦναι
1045 1497 1099 1581 τῆν
1114 1497 1228 1585 δωρεάν
1242 1503 1297 1565 τοῦ

146 1598 312 1682 πνεύματος
327 1602 377 1664 καὶ
393 1598 446 1681 τῆν
461 1606 514 1663 τοῦ
529 1597 651 1683 άγγέλον
666 1596 819 1678 όπταοίαν,
841 1601 890 1663 καί
908 1599 962 1682 τῆν
979 1597 1128 1683 άποὸοχῆν
1141 1609 1195 1683 τῆς
1210 1599 1298 1684 εύγῆς

144 1703 195 1766 καλ
209 1709 349 1784 νηστειῶν
364 1704 415 1765 καὶ
430 1699 652 1784 άγαθοποιϊῶν,
674 1703 724 1763 ἵνα
739 1699 758 1765 ό
773 1701 988 1785 ἐπιστεύθησαν
1003 1706 1033 1767 οἱ
1043 1701 1217 1783 άπόστολοι,
1239 1703 1295 1786 μά-

145 1810 227 1868 λιστα
245 1801 262 1868 ό
277 1804 361 1889 ῦγιος
379 1804 507 1886 Πέτρος,
529 1806 579 1867 καλ
595 1806 625 1866 οί
639 1803 738 1866 λοιποί
753 1799 925 1885 άπύστολοι,
948 1803 988 1887 μῆ
1006 1801 1227 1889 άποστερῆσωσι
1243 1803 1296 1871 τόν

145 1908 177 1972 έκ
198 1913 275 1970 θεοῦ
296 1904 370 1970 κατά
392 1904 535 1987 άλῆθειαν
556 1906 740 1985 κεκλημένον.

9 2005 76 2073 Κῑφ·
94 2003 126 2060 δ’·
226 2005 310 2072 Ἀλλά
324 2015 415 2072 ταῦτα
432 2008 484 2088 μέν
497 2007 561 2071 τότε
576 2005 815 2092 έπραγματεύθη,
837 2008 997 2088 κινηθέντα
1012 2005 1071 2073 ύπό
1089 2015 1143 2073 τοῦ
1159 2034 1295 2095 προειρη-

145 2111 236 2192 μένον
252 2108 496 2191 ψευδαποοτόλου
515 2112 682 2192 Κηρίνθοο.
724 2106 776 2183 Ὡς
790 2111 842 2172 καὶ
858 2107 957 2173 άλλοτε
974 2107 1075 2175 στάσιν
1091 2108 1182 2186 αύτύς
1198 2135 1227 2174 τε
1242 2114 1295 2176 καί

143 2214 174 2276 οί
189 2208 248 2292 μετ’
268 2209 359 2276 αύτοῦ
377 2209 548 2296 εἰργάσαντο
570 2211 602 2274 έν
620 2207 694 2298 αύτῆ
715 2217 772 2297 1τῆ
788 2205 991 2293 Ἰεροοοαλῆμ,
1023 2208 1153 2294 ὁπηνίκα
1174 2218 1294 2288 Παῦλος

144 2311 255 2395 άνῆλθε
272 2311 342 2395 μετά
363 2318 467 2391 Τίτον,
498 2308 538 2385 ῶς
553 2313 604 2375 καί
622 2305 708 2386 οὗτος
722 2314 780 2392 ἔφη
796 2310 858 2390 ὅτι,
878 2309 1008 2395 ’Ἁνθρας
1023 2310 1224 2399 άκροβύστονς
1237 2316 1292 2389 είς-

143 2412 245 2499 ῆνεγκε
263 2414 330 2496 μεθ’
347 2417 470 2493 ἑαυτοῦ,
497 2411 555 2495 ῆὸη
573 2415 640 2496 περὶ
656 2411 762 2476 τούτου
781 2414 886 2496 λέγων,
910 2419 1093 2494 Κεκοίνωκε,
1122 2417 1211 2499 φησί,
1240 2414 1293 2481 τόν

144 2514 228 2601 ῦγιον
249 2517 348 2582 τόπον.
393 2514 450 2581 Διό
472 2516 522 2579 καλ
544 2521 664 2588 Παῦλος
684 2514 773 2598 λέγει,
800 2511 873 2577 Ἀλλ’
897 2512 966 2580 ούῦὲ
989 2523 1076 2591 Τῖτος
1094 2513 1118 2582 ’ό
1138 2516 1194 2583 σῦν
1216 2520 1293 2601 ίμοί,

134 2617 243 2701 Ἕλλην
260 2617 317 2697 σίν,
339 2616 516 2702 ἠναγκάσθη
530 2623 761 2699 περιτμηθῆναι·
793 2613 843 2679 διά
860 2617 893 2680 δέ
908 2614 979 2692 τούς
993 2617 1207 2702 παρειςάκτονς
1220 2637 1295 2702 ψευ-

144 2721 324 2798 δαδέλφους,
356 2721 459 2793 οἵτινες
476 2724 674 2803 παρειςῆλθον
691 2725 913 2799 κατασκοπῆσαι
934 2718 989 2801 τῆν
1006 2722 1176 2806 ἐλευθερίαν
1197 2718 1293 2803 ἡμῶν,

143 2820 182 2901 ῆν
198 2823 301 2902 ἔχομεν
317 2822 347 2884 έν
366 2826 499 2906 Χριστῷ,
532 2816 578 2893 οἷς
593 2816 662 2882 ούῦέ
678 2818 754 2904 πρός
770 2818 851 2907 ῶραν
864 2824 980 2902 εἴξαμεν
995 2829 1031 2911 τῆ
1046 2820 1188 2911 ύποτιιγῆ.
1232 2826 1295 2888 Καί

143 2930 205 2997 τοῖς
225 2924 257 2986 έν
274 2919 452 3008 άκροβυστίιγι
470 2923 673 3006 παραγγέλλων
690 2924 798 3006 έλεγεν,
828 2921 886 3004 Μῆ
901 2923 1123 3006 περιτέμνεσθε,
1154 2923 1226 2990 θὸτι
1241 2925 1296 2991 έάν

142 3025 373 3109 περιτέμνησθε,
397 3022 526 3109 Χριστός
539 3021 618 3105 ύμάς
636 3021 722 3088 οὐδέν
738 3021 888 3106 ω’φελῆσεκ
931 3024 1076 3110 Διῆρκεσε
1093 3027 1127 3092 δέ
1143 3023 1164 3110 ῆ
1179 3052 1294 3112 περιτο-

23 3152 74 3195 pag.
88 3140 132 3184 ιιι.
146 3125 187 3209 μῆ
201 3126 297 3215 χρόνῳ
311 3122 534 3210 ύπηρετῆσαοα,
564 3128 619 3200 ἕως
632 3123 652 3208 ῆ
667 3129 770 3207 μείζων
783 3125 926 3210 περιτομῆ
944 3130 1117 3213 παρεγένετο
1125 3179 1134 3208 ,
1162 3130 1294 3195 τουτέστι

143 3227 176 3294 τό
191 3228 314 3315 λουτρόν
326 3237 379 3311 τῆς
394 3232 617 3313 παλιγγενεσίας,
640 3225 682 3303 ῶς
695 3233 783 3293 παντί
797 3256 837 3317 τρι
853 3228 942 3311 θῆλύν
957 3231 1026 3310 έστι,
1048 3233 1099 3296 καί
1112 3231 1292 3316 σαφέστερον

144 3337 290 3398 δείκνυται
308 3329 368 3396 άπό
384 3338 444 3395 τῶν
460 3329 541 3414 παρά
555 3339 617 3404 τοῖς
633 3329 807 3406 ἀποστόλοις
821 3334 996 3416 εἰρημένων,
1018 3332 1140 3415 μάλιστα
1154 3329 1236 3417 παρά
1248 3339 1290 3421 τηῦ

144 3431 217 3522 άγίῳ
234 3433 394 3523 άποστόλρι.
440 3433 552 3497 Φάσκει
567 3431 623 3517 γάρ
643 3433 752 3509 οὕτως·
778 3431 833 3508 Οἷς
848 3431 917 3498 ούθέ
933 3433 1010 3518 πρός
1026 3434 1107 3520 ῶραν
1122 3437 1236 3516 εἴξαμεν
1253 3440 1292 3523 τῆ

144 3530 286 3625 άποταγῆ.
332 3539 429 3601 Παντλ
444 3537 475 3600 δέ
489 3543 530 3624 τῷ
543 3537 713 3622 βουλομένῳ
727 3545 881 3600 κατανοεῖν
894 3535 930 3599 τά
945 3534 1027 3621 παρά
1041 3546 1104 3613 τοῖς
1118 3534 1293 3613 ἀποστόλοις

145 3634 208 3700 τότε
222 3641 501 3724 πεπραγματευμένα
516 3635 671 3719 θαυμάσαι
689 3639 786 3701 έπεστι
800 3644 864 3713 πῶς
877 3636 914 3701 τά
928 3637 1008 3723 παρά
1022 3646 1058 3727 τῆ
1077 3641 1184 3725 αἱρέσει
1198 3637 1292 3729 ταύτῃ

144 3738 174 3812 έξ
190 3738 322 3814 έπινοίας
338 3742 504 3824 πνεύματος
516 3739 628 3820 πλάνης
643 3741 838 3823 ένεργηθέντα
853 3736 905 3804 τόν
919 3748 1087 3826 χαρακτῆρα
1103 3737 1295 3807 ῦποδείιινυσι

145 3846 204 3903 τῶν
226 3836 275 3901 διά
295 3848 354 3904 τῶν
373 3847 512 3928 αἱρέσεων
527 3840 641 3907 τούτων
657 3842 689 3906 έν
707 3849 770 3916 τοῖς
786 3838 959 3917 άποστόλοις
975 3842 1026 3924 τῆν
1042 3847 1157 3925 κίνησιν
1172 3846 1294 3930 έργασα-

145 3940 249 4020 μένων.
290 3937 493 4010 Ἀποστάντων
510 3942 565 4029 γάρ
581 3942 696 4008 τούτων
712 3945 763 4006 καλ
782 3945 824 4018 είς
836 3943 1098 4023 ψευδαποστόλονς
1116 3947 1293 4031 τραπέντων,

143 4043 195 4104 καί
216 4039 321 4116 άλλονς
343 4046 603 4121 ψευδαπόστόλονς
623 4043 873 4124 ἀποστειλάντων,
902 4042 944 4121 ῶς
967 4048 1017 4110 καὶ
1033 4043 1092 4128 ῆθη
1111 4051 1291 4133 προείρηται,

144 4145 186 4216 είς
202 4142 255 4224 τῆν
268 4142 443 4226 Ἀντιόχειαν
458 4151 488 4212 έν
503 4145 577 4236 άρχῆ
595 4150 647 4213 καί
662 4149 704 4222 είς
720 4143 825 4222 άλλοος
840 4147 966 4226 τόπους,
987 4149 1121 4232 λέγοντας
1135 4149 1195 4230 ὅτι,
1224 4146 1295 4213 Ἐάν

144 4242 186 4325 μῆ
200 4252 400 4329 περιτμηθῆτε
412 4249 463 4311 καλ
477 4249 623 4332 φνλάξητε
636 4247 688 4315 τόν
700 4246 794 4331 νόμον
808 4249 975 4330 Μωῦοέως,
997 4247 1035 4315 ού
1046 4249 1178 4317 δύνασθε
1193 4256 1294 4332 σωθῆ·

145 4371 209 4424 ναι,
237 4344 290 4429 ούγ
307 4346 469 4431 ῆτυχοῦσα
487 4347 552 4413 τότε
566 4350 675 4437 ταραγῆ
692 4351 805 4436 ἐγένετο
812 4402 821 4432 ,
854 4351 895 4430 τίς
911 4357 1088 4437 προείρηται.
1134 4354 1196 4418 Καλ
1211 4345 1296 4419 οὗτοί

177 4502 204 4551 2.
221 4499 349 4565 έδίοταξεν
366 4507 417 4556 cod.
437 4507 510 4553 λὀίίο.
734 4511 783 4558 ruit
796 4514 901 4572 ρείιιιιιπ
916 4509 1034 4557 Petamus.
1067 4509 1119 4556 θοι.
1137 4515 1157 4559 ιι
1172 4513 1224 4562 τοῦ.
1235 4512 1295 4562 θλι-

180 4570 338 4623 cn.1V.—
358 4574 380 4624 1.
396 4572 429 4640 τῆ
445 4586 474 4623 ετ
489 4574 540 4622 τοῦ.
556 4576 627 4625 Vatia.
642 4579 702 4626 ίιιει·
734 4576 785 4636 div.
802 4581 825 4625 εί
838 4579 892 4626 edit.
905 4575 981 4635 μείου.
