<?xml version="1.0" encoding="UTF-8"?>
<!DOCTYPE html PUBLIC "-//W3C//DTD XHTML 1.0 Transitional//EN"
    "http://www.w3.org/TR/xhtml1/DTD/xhtml1-transitional.dtd">
<html xmlns="http://www.w3.org/1999/xhtml" xml:lang="en" lang="en">
 <head>
  <title>
</title>
<meta http-equiv="Content-Type" content="text/html;charset=utf-8" />
  <meta name='ocr-system' content='tesseract 3.04.00' />
  <meta name='ocr-capabilities' content='ocr_page ocr_carea ocr_par ocr_line ocrx_word'/>
</head>
<body>
  <div class='ocr_page' id='page_1' title='image "./corporishaerese01unkngoog_0190.png"; bbox 0 0 3046 5084; ppageno 0'>
   <div class='ocr_carea' id='block_1_1' title="bbox 410 345 1293 407">
    <p class='ocr_par' dir='ltr' id='par_1_1' title="bbox 410 345 1293 407">
     <span class='ocr_line' id='line_1_1' title="bbox 410 345 1293 407; baseline 0 -3"><span class='ocrx_word' id='word_1_1' title='bbox 410 350 1027 407; x_wconf 71' lang='lat' dir='ltr'><strong>statunatunnontn.arunxxvr.</strong></span> <span class='ocrx_word' id='word_1_2' title='bbox 1233 345 1293 407; x_wconf 75' lang='lat' dir='ltr'><strong>toa</strong></span> 
     </span>
    </p>
   </div>
   <div class='ocr_carea' id='block_1_2' title="bbox 143 466 1292 660">
    <p class='ocr_par' dir='ltr' id='par_1_2' title="bbox 143 466 1292 660">
     <span class='ocr_line' id='line_1_2' title="bbox 143 466 1292 558; baseline 0.001 -22"><span class='ocrx_word' id='word_1_3' title='bbox 143 491 212 536; x_wconf 87' lang='lat' dir='ltr'><strong>care</strong></span> <span class='ocrx_word' id='word_1_4' title='bbox 230 491 288 534; x_wconf 91' lang='lat' dir='ltr'><strong>uon</strong></span> <span class='ocrx_word' id='word_1_5' title='bbox 307 470 436 536; x_wconf 77' lang='lat' dir='ltr'><strong>dubitat:</strong></span> <span class='ocrx_word' id='word_1_6' title='bbox 467 468 536 552; x_wconf 78' lang='lat' dir='ltr'><strong>ldgo</strong></span> <span class='ocrx_word' id='word_1_7' title='bbox 552 490 618 533; x_wconf 83' lang='lat' dir='ltr'><strong>sum</strong></span> <span class='ocrx_word' id='word_1_8' title='bbox 634 466 790 551; x_wconf 62' lang='lat' dir='ltr'><strong>Christum</strong></span> <span class='ocrx_word' id='word_1_9' title='bbox 821 493 887 535; x_wconf 86' lang='lat' dir='ltr'><strong>uam</strong></span> <span class='ocrx_word' id='word_1_10' title='bbox 907 494 960 558; x_wconf 91' lang='lat' dir='ltr'><strong>per</strong></span> <span class='ocrx_word' id='word_1_11' title='bbox 977 468 1151 538; x_wconf 80' lang='lat' dir='ltr'>CCCLXV</span> <span class='ocrx_word' id='word_1_12' title='bbox 1173 474 1292 539; x_wconf 88' lang='lat' dir='ltr'><strong>nomina</strong></span> 
     </span>
     <span class='ocr_line' id='line_1_3' title="bbox 143 569 630 660; baseline -0.012 -22"><span class='ocrx_word' id='word_1_13' title='bbox 143 570 311 660; x_wconf 87' lang='lat' dir='ltr'><strong>Principem</strong></span> <span class='ocrx_word' id='word_1_14' title='bbox 332 593 374 638; x_wconf 88' lang='lat' dir='ltr'><strong>cx</strong></span> <span class='ocrx_word' id='word_1_15' title='bbox 395 572 456 636; x_wconf 88' lang='lat' dir='ltr'><strong>alto</strong></span> <span class='ocrx_word' id='word_1_16' title='bbox 478 569 630 635; x_wconf 73' lang='lat' dir='ltr'><strong>descendi.</strong></span> 
     </span>
    </p>
   </div>
   <div class='ocr_carea' id='block_1_3' title="bbox 140 768 1422 964">
    <p class='ocr_par' dir='ltr' id='par_1_3' title="bbox 140 768 1422 964">
     <span class='ocr_line' id='line_1_4' title="bbox 224 768 1422 858; baseline -0.004 -17"><span class='ocrx_word' id='word_1_17' title='bbox 224 773 375 841; x_wconf 78' lang='lat' dir='ltr'><strong>ldaiorum</strong></span> <span class='ocrx_word' id='word_1_18' title='bbox 394 792 484 858; x_wconf 88' lang='lat' dir='ltr'><strong>porro</strong></span> <span class='ocrx_word' id='word_1_19' title='bbox 501 770 671 856; x_wconf 75' lang='lat' dir='ltr'>Principum</span> <span class='ocrx_word' id='word_1_20' title='bbox 687 768 805 836; x_wconf 88' lang='lat' dir='ltr'><strong>nomina</strong></span> <span class='ocrx_word' id='word_1_21' title='bbox 818 771 892 836; x_wconf 86' lang='lat' dir='ltr'><strong>hacc</strong></span> <span class='ocrx_word' id='word_1_22' title='bbox 910 791 978 836; x_wconf 83' lang='lat' dir='ltr'><strong>esse</strong></span> <span class='ocrx_word' id='word_1_23' title='bbox 992 783 1146 836; x_wconf 87' lang='lat' dir='ltr'><strong>memorat.</strong></span> <span class='ocrx_word' id='word_1_24' title='bbox 1191 771 1226 838; x_wconf 87' lang='lat' dir='ltr'><strong>ln</strong></span> <span class='ocrx_word' id='word_1_25' title='bbox 1243 796 1294 840; x_wconf 85' lang='lat' dir='ltr'><strong>su·</strong></span> <span class='ocrx_word' id='word_1_26' title='bbox 1312 783 1372 851; x_wconf 75' lang='lat' dir='ltr'><strong>esp.</strong></span> <span class='ocrx_word' id='word_1_27' title='bbox 1387 787 1422 836; x_wconf 79' lang='lat' dir='ltr'><strong>x,</strong></span> 
     </span>
     <span class='ocr_line' id='line_1_5' title="bbox 140 871 1294 964; baseline -0.004 -21"><span class='ocrx_word' id='word_1_28' title='bbox 140 898 260 964; x_wconf 87' lang='lat' dir='ltr'><strong>premo,</strong></span> <span class='ocrx_word' id='word_1_29' title='bbox 284 877 435 959; x_wconf 85' lang='lat' dir='ltr'><strong>inquiunt,</strong></span> <span class='ocrx_word' id='word_1_30' title='bbox 459 873 531 937; x_wconf 89' lang='lat' dir='ltr'><strong>orbe</strong></span> <span class='ocrx_word' id='word_1_31' title='bbox 546 874 656 937; x_wconf 87' lang='lat' dir='ltr'><strong>residet</strong></span> <span class='ocrx_word' id='word_1_32' title='bbox 673 871 743 952; x_wconf 89' lang='lat' dir='ltr'><strong>lao,</strong></span> <span class='ocrx_word' id='word_1_33' title='bbox 773 874 803 937; x_wconf 90' lang='lat' dir='ltr'><strong>io</strong></span> <span class='ocrx_word' id='word_1_34' title='bbox 825 873 954 937; x_wconf 86' lang='lat' dir='ltr'><strong>secundo</strong></span> <span class='ocrx_word' id='word_1_35' title='bbox 971 871 1097 952; x_wconf 80' lang='lat' dir='ltr'><strong>Scolon,</strong></span> <span class='ocrx_word' id='word_1_36' title='bbox 1120 873 1147 937; x_wconf 81' lang='lat' dir='ltr'><strong>is</strong></span> <span class='ocrx_word' id='word_1_37' title='bbox 1162 875 1211 959; x_wconf 85' lang='lat' dir='ltr'><strong>qui</strong></span> <span class='ocrx_word' id='word_1_38' title='bbox 1232 887 1294 940; x_wconf 89' lang='lat' dir='ltr'><strong>stn-</strong></span> 
     </span>
    </p>
   </div>
   <div class='ocr_carea' id='block_1_4' title="bbox 139 1076 1294 3601">
    <p class='ocr_par' dir='ltr' id='par_1_4' title="bbox 139 1076 1294 3601">
     <span class='ocr_line' id='line_1_6' title="bbox 141 1076 1294 1164; baseline -0.002 -20"><span class='ocrx_word' id='word_1_39' title='bbox 141 1091 243 1145; x_wconf 80' lang='lat' dir='ltr'><strong>tuunt:</strong></span> <span class='ocrx_word' id='word_1_40' title='bbox 268 1079 373 1164; x_wconf 88' lang='lat' dir='ltr'><strong>quippe</strong></span> <span class='ocrx_word' id='word_1_41' title='bbox 389 1088 522 1161; x_wconf 72' lang='lat' dir='ltr'><strong>quanm</strong></span> <span class='ocrx_word' id='word_1_42' title='bbox 537 1096 606 1140; x_wconf 84' lang='lat' dir='ltr'><strong>csse</strong></span> <span class='ocrx_word' id='word_1_43' title='bbox 623 1076 737 1140; x_wconf 88' lang='lat' dir='ltr'><strong>coelum</strong></span> <span class='ocrx_word' id='word_1_44' title='bbox 752 1087 945 1156; x_wconf 74' lang='lat' dir='ltr'><strong>asseverant,</strong></span> <span class='ocrx_word' id='word_1_45' title='bbox 969 1087 1000 1139; x_wconf 87' lang='lat' dir='ltr'><strong>ct</strong></span> <span class='ocrx_word' id='word_1_46' title='bbox 1017 1076 1151 1157; x_wconf 70' lang='lat' dir='ltr'><strong>terhomp</strong></span> <span class='ocrx_word' id='word_1_47' title='bbox 1175 1099 1210 1140; x_wconf 90' lang='lat' dir='ltr'><strong>ac</strong></span> <span class='ocrx_word' id='word_1_48' title='bbox 1228 1099 1294 1142; x_wconf 90' lang='lat' dir='ltr'><strong>rur·</strong></span> 
     </span>
     <span class='ocr_line' id='line_1_7' title="bbox 141 1175 1293 1265; baseline 0 -21"><span class='ocrx_word' id='word_1_49' title='bbox 141 1203 192 1244; x_wconf 86' lang='lat' dir='ltr'><strong>sus</strong></span> <span class='ocrx_word' id='word_1_50' title='bbox 207 1181 357 1265; x_wconf 85' lang='lat' dir='ltr'><strong>quintum,</strong></span> <span class='ocrx_word' id='word_1_51' title='bbox 386 1179 491 1262; x_wconf 85' lang='lat' dir='ltr'><strong>inquo</strong></span> <span class='ocrx_word' id='word_1_52' title='bbox 509 1175 652 1242; x_wconf 83' lang='lat' dir='ltr'><strong>Eloacmu</strong></span> <span class='ocrx_word' id='word_1_53' title='bbox 674 1178 835 1257; x_wconf 89' lang='lat' dir='ltr'><strong>collocant,</strong></span> <span class='ocrx_word' id='word_1_54' title='bbox 860 1177 909 1262; x_wconf 85' lang='lat' dir='ltr'><strong>qui</strong></span> <span class='ocrx_word' id='word_1_55' title='bbox 928 1179 1002 1240; x_wconf 83' lang='lat' dir='ltr'><strong>idern</strong></span> <span class='ocrx_word' id='word_1_56' title='bbox 1027 1188 1056 1240; x_wconf 89' lang='lat' dir='ltr'><strong>ct</strong></span> <span class='ocrx_word' id='word_1_57' title='bbox 1071 1177 1231 1242; x_wconf 79' lang='lat' dir='ltr'><strong>Adooaeua</strong></span> <span class='ocrx_word' id='word_1_58' title='bbox 1249 1181 1293 1244; x_wconf 93' lang='lat' dir='ltr'><strong>di-</strong></span> 
     </span>
     <span class='ocr_line' id='line_1_8' title="bbox 142 1277 1290 1363; baseline 0 -18"><span class='ocrx_word' id='word_1_59' title='bbox 142 1282 229 1345; x_wconf 89' lang='lat' dir='ltr'><strong>citur.</strong></span> <span class='ocrx_word' id='word_1_60' title='bbox 274 1281 318 1345; x_wconf 77' lang='lat' dir='ltr'><strong>Aa</strong></span> <span class='ocrx_word' id='word_1_61' title='bbox 340 1291 456 1344; x_wconf 80' lang='lat' dir='ltr'><strong>sextum</strong></span> <span class='ocrx_word' id='word_1_62' title='bbox 482 1299 626 1363; x_wconf 87' lang='lat' dir='ltr'><strong>occupare</strong></span> <span class='ocrx_word' id='word_1_63' title='bbox 652 1279 755 1343; x_wconf 89' lang='lat' dir='ltr'><strong>volunt</strong></span> <span class='ocrx_word' id='word_1_64' title='bbox 777 1280 826 1342; x_wconf 88' lang='lat' dir='ltr'><strong>alii</strong></span> <span class='ocrx_word' id='word_1_65' title='bbox 849 1277 1033 1357; x_wconf 86' lang='lat' dir='ltr'><strong>laldabaoth‚</strong></span> <span class='ocrx_word' id='word_1_66' title='bbox 1063 1277 1206 1344; x_wconf 84' lang='lat' dir='ltr'><strong>Elilaeom</strong></span> <span class='ocrx_word' id='word_1_67' title='bbox 1228 1281 1290 1345; x_wconf 87' lang='lat' dir='ltr'><strong>alii.</strong></span> 
     </span>
     <span class='ocr_line' id='line_1_9' title="bbox 144 1377 1292 1467; baseline 0 -20"><span class='ocrx_word' id='word_1_68' title='bbox 144 1381 205 1448; x_wconf 89' lang='lat' dir='ltr'><strong>Sed</strong></span> <span class='ocrx_word' id='word_1_69' title='bbox 221 1393 251 1446; x_wconf 90' lang='lat' dir='ltr'><strong>et</strong></span> <span class='ocrx_word' id='word_1_70' title='bbox 268 1382 420 1467; x_wconf 86' lang='lat' dir='ltr'><strong>septimum</strong></span> <span class='ocrx_word' id='word_1_71' title='bbox 437 1400 503 1445; x_wconf 84' lang='lat' dir='ltr'><strong>esso</strong></span> <span class='ocrx_word' id='word_1_72' title='bbox 519 1381 649 1445; x_wconf 84' lang='lat' dir='ltr'>nonnulli</span> <span class='ocrx_word' id='word_1_73' title='bbox 663 1381 815 1461; x_wconf 86' lang='lat' dir='ltr'><strong>deliniunt,</strong></span> <span class='ocrx_word' id='word_1_74' title='bbox 836 1382 882 1444; x_wconf 90' lang='lat' dir='ltr'><strong>cui</strong></span> <span class='ocrx_word' id='word_1_75' title='bbox 897 1377 1028 1445; x_wconf 75' lang='lat' dir='ltr'><strong>Sabaoth</strong></span> <span class='ocrx_word' id='word_1_76' title='bbox 1043 1380 1179 1446; x_wconf 86' lang='lat' dir='ltr'><strong>insideat.</strong></span> <span class='ocrx_word' id='word_1_77' title='bbox 1204 1380 1292 1464; x_wconf 81' lang='lat' dir='ltr'><strong>Quod</strong></span> 
     </span>
     <span class='ocr_line' id='line_1_10' title="bbox 144 1479 1288 1568; baseline 0.001 -20"><span class='ocrx_word' id='word_1_78' title='bbox 144 1485 180 1548; x_wconf 87' lang='lat' dir='ltr'><strong>ab</strong></span> <span class='ocrx_word' id='word_1_79' title='bbox 198 1485 262 1548; x_wconf 84' lang='lat' dir='ltr'><strong>aliia</strong></span> <span class='ocrx_word' id='word_1_80' title='bbox 276 1493 411 1567; x_wconf 75' lang='lat' dir='ltr'><strong>negator,</strong></span> <span class='ocrx_word' id='word_1_81' title='bbox 430 1480 479 1566; x_wconf 89' lang='lat' dir='ltr'><strong>qui</strong></span> <span class='ocrx_word' id='word_1_82' title='bbox 498 1479 664 1545; x_wconf 88' lang='lat' dir='ltr'><strong>laldabaoth</strong></span> <span class='ocrx_word' id='word_1_83' title='bbox 680 1482 832 1568; x_wconf 80' lang='lat' dir='ltr'><strong>septimam</strong></span> <span class='ocrx_word' id='word_1_84' title='bbox 849 1482 926 1547; x_wconf 88' lang='lat' dir='ltr'><strong>illam</strong></span> <span class='ocrx_word' id='word_1_85' title='bbox 943 1484 1100 1547; x_wconf 87' lang='lat' dir='ltr'><strong>stationem</strong></span> <span class='ocrx_word' id='word_1_86' title='bbox 1116 1483 1288 1549; x_wconf 84' lang='lat' dir='ltr'><strong>attribuunt.</strong></span> 
     </span>
     <span class='ocr_line' id='line_1_11' title="bbox 142 1581 1291 1669; baseline 0 -19"><span class='ocrx_word' id='word_1_87' title='bbox 142 1584 178 1650; x_wconf 82' lang='lat' dir='ltr'><strong>lu</strong></span> <span class='ocrx_word' id='word_1_88' title='bbox 195 1596 300 1650; x_wconf 87' lang='lat' dir='ltr'><strong>octavo</strong></span> <span class='ocrx_word' id='word_1_89' title='bbox 317 1581 475 1648; x_wconf 85' lang='lat' dir='ltr'><strong>Barhcloui</strong></span> <span class='ocrx_word' id='word_1_90' title='bbox 497 1583 673 1647; x_wconf 73' lang='lat' dir='ltr'><strong>domicilium</strong></span> <span class='ocrx_word' id='word_1_91' title='bbox 694 1604 761 1649; x_wconf 89' lang='lat' dir='ltr'><strong>esse</strong></span> <span class='ocrx_word' id='word_1_92' title='bbox 784 1585 912 1669; x_wconf 80' lang='lat' dir='ltr'><strong>lingunt,</strong></span> <span class='ocrx_word' id='word_1_93' title='bbox 936 1605 992 1649; x_wconf 87' lang='lat' dir='ltr'><strong>uec</strong></span> <span class='ocrx_word' id='word_1_94' title='bbox 1011 1606 1070 1648; x_wconf 92' lang='lat' dir='ltr'><strong>non</strong></span> <span class='ocrx_word' id='word_1_95' title='bbox 1092 1595 1122 1648; x_wconf 91' lang='lat' dir='ltr'><strong>et</strong></span> <span class='ocrx_word' id='word_1_96' title='bbox 1138 1584 1291 1651; x_wconf 88' lang='lat' dir='ltr'><strong>universo·</strong></span> 
     </span>
     <span class='ocr_line' id='line_1_12' title="bbox 140 1683 1291 1772; baseline -0.001 -20"><span class='ocrx_word' id='word_1_97' title='bbox 140 1709 205 1752; x_wconf 85' lang='lat' dir='ltr'><strong>rora</strong></span> <span class='ocrx_word' id='word_1_98' title='bbox 219 1684 340 1750; x_wconf 87' lang='lat' dir='ltr'><strong>Pareuti</strong></span> <span class='ocrx_word' id='word_1_99' title='bbox 356 1685 395 1749; x_wconf 91' lang='lat' dir='ltr'><strong>illi</strong></span> <span class='ocrx_word' id='word_1_100' title='bbox 410 1685 459 1769; x_wconf 91' lang='lat' dir='ltr'><strong>qni</strong></span> <span class='ocrx_word' id='word_1_101' title='bbox 476 1683 554 1747; x_wconf 89' lang='lat' dir='ltr'><strong>idern</strong></span> <span class='ocrx_word' id='word_1_102' title='bbox 572 1684 708 1749; x_wconf 86' lang='lat' dir='ltr'><strong>dominns</strong></span> <span class='ocrx_word' id='word_1_103' title='bbox 728 1686 785 1765; x_wconf 89' lang='lat' dir='ltr'><strong>sit,</strong></span> <span class='ocrx_word' id='word_1_104' title='bbox 808 1697 839 1749; x_wconf 86' lang='lat' dir='ltr'><strong>et</strong></span> <span class='ocrx_word' id='word_1_105' title='bbox 857 1687 1054 1772; x_wconf 71' lang='lat' dir='ltr'><strong>suimetipsius</strong></span> <span class='ocrx_word' id='word_1_106' title='bbox 1072 1697 1166 1771; x_wconf 82' lang='lat' dir='ltr'><strong>pater,</strong></span> <span class='ocrx_word' id='word_1_107' title='bbox 1191 1708 1291 1771; x_wconf 91' lang='lat' dir='ltr'><strong>quem·</strong></span> 
     </span>
     <span class='ocr_line' id='line_1_13' title="bbox 141 1782 1287 1872; baseline 0 -19"><span class='ocrx_word' id='word_1_108' title='bbox 141 1788 294 1854; x_wconf 79' lang='lat' dir='ltr'><strong>admodum</strong></span> <span class='ocrx_word' id='word_1_109' title='bbox 308 1799 340 1851; x_wconf 89' lang='lat' dir='ltr'><strong>ct</strong></span> <span class='ocrx_word' id='word_1_110' title='bbox 353 1787 438 1850; x_wconf 89' lang='lat' dir='ltr'><strong>alteri</strong></span> <span class='ocrx_word' id='word_1_111' title='bbox 452 1784 566 1848; x_wconf 85' lang='lat' dir='ltr'><strong>cuidam</strong></span> <span class='ocrx_word' id='word_1_112' title='bbox 582 1782 721 1864; x_wconf 87' lang='lat' dir='ltr'><strong>Christo,</strong></span> <span class='ocrx_word' id='word_1_113' title='bbox 744 1787 792 1869; x_wconf 88' lang='lat' dir='ltr'><strong>qui</strong></span> <span class='ocrx_word' id='word_1_114' title='bbox 811 1807 864 1872; x_wconf 89' lang='lat' dir='ltr'><strong>per</strong></span> <span class='ocrx_word' id='word_1_115' title='bbox 880 1807 947 1851; x_wconf 86' lang='lat' dir='ltr'><strong>sese</strong></span> <span class='ocrx_word' id='word_1_116' title='bbox 967 1789 1007 1850; x_wconf 86' lang='lat' dir='ltr'><strong>sit</strong></span> <span class='ocrx_word' id='word_1_117' title='bbox 1022 1789 1052 1850; x_wconf 92' lang='lat' dir='ltr'><strong>in</strong></span> <span class='ocrx_word' id='word_1_118' title='bbox 1070 1788 1164 1850; x_wconf 88' lang='lat' dir='ltr'><strong>locem</strong></span> <span class='ocrx_word' id='word_1_119' title='bbox 1181 1789 1287 1855; x_wconf 87' lang='lat' dir='ltr'><strong>editus.</strong></span> 
     </span>
     <span class='ocr_line' id='line_1_14' title="bbox 141 1885 1289 1971; baseline 0.001 -17"><span class='ocrx_word' id='word_1_120' title='bbox 141 1889 218 1954; x_wconf 80' lang='lat' dir='ltr'><strong>&#39;Pom</strong></span> <span class='ocrx_word' id='word_1_121' title='bbox 233 1909 307 1953; x_wconf 87' lang='lat' dir='ltr'><strong>vero</strong></span> <span class='ocrx_word' id='word_1_122' title='bbox 325 1886 477 1954; x_wconf 75' lang='lat' dir='ltr'><strong>Christum</strong></span> <span class='ocrx_word' id='word_1_123' title='bbox 493 1885 601 1948; x_wconf 90' lang='lat' dir='ltr'><strong>ibidem</strong></span> <span class='ocrx_word' id='word_1_124' title='bbox 618 1887 713 1970; x_wconf 89' lang='lat' dir='ltr'><strong>ipsum</strong></span> <span class='ocrx_word' id='word_1_125' title='bbox 730 1886 886 1964; x_wconf 86' lang='lat' dir='ltr'><strong>collocant,</strong></span> <span class='ocrx_word' id='word_1_126' title='bbox 909 1890 957 1971; x_wconf 81' lang='lat' dir='ltr'><strong>rpui</strong></span> <span class='ocrx_word' id='word_1_127' title='bbox 975 1889 1012 1951; x_wconf 87' lang='lat' dir='ltr'><strong>de</strong></span> <span class='ocrx_word' id='word_1_128' title='bbox 1028 1890 1112 1952; x_wconf 88' lang='lat' dir='ltr'><strong>coelo</strong></span> <span class='ocrx_word' id='word_1_129' title='bbox 1128 1891 1289 1968; x_wconf 86' lang='lat' dir='ltr'><strong>descendit,</strong></span> 
     </span>
     <span class='ocr_line' id='line_1_15' title="bbox 140 1987 1291 2077; baseline 0.001 -21"><span class='ocrx_word' id='word_1_130' title='bbox 140 2003 172 2056; x_wconf 88' lang='lat' dir='ltr'><strong>ct</strong></span> <span class='ocrx_word' id='word_1_131' title='bbox 184 1990 329 2056; x_wconf 78' lang='lat' dir='ltr'><strong>eiusmodi</strong></span> <span class='ocrx_word' id='word_1_132' title='bbox 346 1987 554 2074; x_wconf 76' lang='lat' dir='ltr'><strong>Cognitioncm</strong></span> <span class='ocrx_word' id='word_1_133' title='bbox 570 1987 696 2050; x_wconf 91' lang='lat' dir='ltr'><strong>humano</strong></span> <span class='ocrx_word' id='word_1_134' title='bbox 712 1987 815 2072; x_wconf 77' lang='lat' dir='ltr'><strong>generi</strong></span> <span class='ocrx_word' id='word_1_135' title='bbox 832 1990 965 2068; x_wconf 89' lang='lat' dir='ltr'><strong>contulit,</strong></span> <span class='ocrx_word' id='word_1_136' title='bbox 990 2009 1073 2073; x_wconf 89' lang='lat' dir='ltr'><strong>qncm</strong></span> <span class='ocrx_word' id='word_1_137' title='bbox 1089 1991 1176 2053; x_wconf 88' lang='lat' dir='ltr'><strong>etiam</strong></span> <span class='ocrx_word' id='word_1_138' title='bbox 1193 1994 1291 2077; x_wconf 85' lang='lat' dir='ltr'><strong>appol-</strong></span> 
     </span>
     <span class='ocr_line' id='line_1_16' title="bbox 141 2086 1289 2174; baseline 0 -16"><span class='ocrx_word' id='word_1_139' title='bbox 141 2094 229 2158; x_wconf 81' lang='lat' dir='ltr'><strong>latonr</strong></span> <span class='ocrx_word' id='word_1_140' title='bbox 254 2093 350 2157; x_wconf 86' lang='lat' dir='ltr'><strong>luisec</strong></span> <span class='ocrx_word' id='word_1_141' title='bbox 368 2090 466 2155; x_wconf 86' lang='lat' dir='ltr'><strong>lesum</strong></span> <span class='ocrx_word' id='word_1_142' title='bbox 492 2088 671 2174; x_wconf 86' lang='lat' dir='ltr'><strong>praedicant.</strong></span> <span class='ocrx_word' id='word_1_143' title='bbox 715 2086 829 2152; x_wconf 82' lang='lat' dir='ltr'><strong>Verona</strong></span> <span class='ocrx_word' id='word_1_144' title='bbox 855 2089 978 2152; x_wconf 86' lang='lat' dir='ltr'><strong>eundem</strong></span> <span class='ocrx_word' id='word_1_145' title='bbox 1003 2100 1113 2173; x_wconf 85' lang='lat' dir='ltr'><strong>negant</strong></span> <span class='ocrx_word' id='word_1_146' title='bbox 1135 2092 1172 2154; x_wconf 86' lang='lat' dir='ltr'><strong>dc</strong></span> <span class='ocrx_word' id='word_1_147' title='bbox 1192 2091 1289 2158; x_wconf 81' lang='lat' dir='ltr'><strong>Maria</strong></span> 
     </span>
     <span class='ocr_line' id='line_1_17' title="bbox 141 2189 1292 2278; baseline 0 -19"><span class='ocrx_word' id='word_1_148' title='bbox 141 2205 260 2271; x_wconf 86' lang='lat' dir='ltr'><strong>natum,</strong></span> <span class='ocrx_word' id='word_1_149' title='bbox 291 2195 343 2257; x_wconf 88' lang='lat' dir='ltr'><strong>scd</strong></span> <span class='ocrx_word' id='word_1_150' title='bbox 369 2213 423 2278; x_wconf 88' lang='lat' dir='ltr'><strong>per</strong></span> <span class='ocrx_word' id='word_1_151' title='bbox 444 2189 571 2255; x_wconf 83' lang='lat' dir='ltr'><strong>Mariam</strong></span> <span class='ocrx_word' id='word_1_152' title='bbox 591 2199 741 2254; x_wconf 74' lang='lat' dir='ltr'><strong>ostensu·</strong></span> <span class='ocrx_word' id='word_1_153' title='bbox 764 2200 919 2268; x_wconf 80' lang='lat' dir='ltr'><strong>arsoruut3</strong></span> <span class='ocrx_word' id='word_1_154' title='bbox 950 2210 1046 2274; x_wconf 85' lang='lat' dir='ltr'><strong>noque</strong></span> <span class='ocrx_word' id='word_1_155' title='bbox 1065 2211 1183 2254; x_wconf 88' lang='lat' dir='ltr'><strong>carnem</strong></span> <span class='ocrx_word' id='word_1_156' title='bbox 1206 2194 1292 2259; x_wconf 87' lang='lat' dir='ltr'><strong>aliter</strong></span> 
     </span>
     <span class='ocr_line' id='line_1_18' title="bbox 140 2287 1290 2381; baseline 0 -22"><span class='ocrx_word' id='word_1_157' title='bbox 140 2316 224 2381; x_wconf 65' lang='lat' dir='ltr'><strong>mam</strong></span> <span class='ocrx_word' id='word_1_158' title='bbox 243 2295 343 2381; x_wconf 86' lang='lat' dir='ltr'><strong>specie</strong></span> <span class='ocrx_word' id='word_1_159' title='bbox 359 2295 422 2380; x_wconf 88' lang='lat' dir='ltr'><strong>ipsa</strong></span> <span class='ocrx_word' id='word_1_160' title='bbox 440 2291 620 2377; x_wconf 83' lang='lat' dir='ltr'><strong>suscepisse.</strong></span> <span class='ocrx_word' id='word_1_161' title='bbox 652 2289 739 2375; x_wconf 82' lang='lat' dir='ltr'><strong>Quod</strong></span> <span class='ocrx_word' id='word_1_162' title='bbox 756 2293 792 2355; x_wconf 87' lang='lat' dir='ltr'><strong>ad</strong></span> <span class='ocrx_word' id='word_1_163' title='bbox 810 2287 938 2355; x_wconf 79' lang='lat' dir='ltr'><strong>Sabaoth</strong></span> <span class='ocrx_word' id='word_1_164' title='bbox 961 2292 1100 2378; x_wconf 88' lang='lat' dir='ltr'><strong>pertinet,</strong></span> <span class='ocrx_word' id='word_1_165' title='bbox 1124 2293 1200 2357; x_wconf 91' lang='lat' dir='ltr'><strong>hono</strong></span> <span class='ocrx_word' id='word_1_166' title='bbox 1216 2296 1290 2359; x_wconf 89' lang='lat' dir='ltr'><strong>asiai</strong></span> 
     </span>
     <span class='ocr_line' id='line_1_19' title="bbox 140 2389 1288 2482; baseline -0.002 -21"><span class='ocrx_word' id='word_1_167' title='bbox 140 2397 267 2482; x_wconf 84' lang='lat' dir='ltr'><strong>quidam,</strong></span> <span class='ocrx_word' id='word_1_168' title='bbox 292 2395 341 2459; x_wconf 89' lang='lat' dir='ltr'><strong>alii</strong></span> <span class='ocrx_word' id='word_1_169' title='bbox 357 2394 438 2480; x_wconf 87' lang='lat' dir='ltr'><strong>porci</strong></span> <span class='ocrx_word' id='word_1_170' title='bbox 454 2395 545 2478; x_wconf 75' lang='lat' dir='ltr'><strong>ligura</strong></span> <span class='ocrx_word' id='word_1_171' title='bbox 563 2404 700 2458; x_wconf 86' lang='lat' dir='ltr'><strong>constare</strong></span> <span class='ocrx_word' id='word_1_172' title='bbox 717 2403 852 2458; x_wconf 86' lang='lat' dir='ltr'><strong>censent.</strong></span> <span class='ocrx_word' id='word_1_173' title='bbox 885 2389 932 2458; x_wconf 93' lang='lat' dir='ltr'><strong>0b</strong></span> <span class='ocrx_word' id='word_1_174' title='bbox 947 2392 1034 2478; x_wconf 87' lang='lat' dir='ltr'><strong>idque</strong></span> <span class='ocrx_word' id='word_1_175' title='bbox 1050 2391 1178 2473; x_wconf 88' lang='lat' dir='ltr'><strong>ludacis,</strong></span> <span class='ocrx_word' id='word_1_176' title='bbox 1196 2396 1288 2477; x_wconf 89' lang='lat' dir='ltr'><strong>aiunt,</strong></span> 
     </span>
     <span class='ocr_line' id='line_1_20' title="bbox 140 2493 1291 2581; baseline -0.003 -18"><span class='ocrx_word' id='word_1_177' title='bbox 140 2499 234 2563; x_wconf 80' lang='lat' dir='ltr'><strong>coibis</strong></span> <span class='ocrx_word' id='word_1_178' title='bbox 253 2496 393 2562; x_wconf 86' lang='lat' dir='ltr'><strong>carnibus</strong></span> <span class='ocrx_word' id='word_1_179' title='bbox 416 2495 622 2560; x_wconf 79' lang='lat' dir='ltr'><strong>interdixerat.</strong></span> <span class='ocrx_word' id='word_1_180' title='bbox 666 2493 754 2559; x_wconf 77' lang='lat' dir='ltr'><strong>florio</strong></span> <span class='ocrx_word' id='word_1_181' title='bbox 776 2517 844 2560; x_wconf 86' lang='lat' dir='ltr'><strong>esse</strong></span> <span class='ocrx_word' id='word_1_182' title='bbox 869 2495 953 2559; x_wconf 88' lang='lat' dir='ltr'><strong>coelo</strong></span> <span class='ocrx_word' id='word_1_183' title='bbox 979 2506 1133 2581; x_wconf 78' lang='lat' dir='ltr'><strong>terraeque</strong></span> <span class='ocrx_word' id='word_1_184' title='bbox 1159 2498 1291 2561; x_wconf 91' lang='lat' dir='ltr'><strong>condito-</strong></span> 
     </span>
     <span class='ocr_line' id='line_1_21' title="bbox 139 2597 1291 2682; baseline -0.002 -18"><span class='ocrx_word' id='word_1_185' title='bbox 139 2621 219 2681; x_wconf 85' lang='lat' dir='ltr'><strong>rem,</strong></span> <span class='ocrx_word' id='word_1_186' title='bbox 243 2610 304 2664; x_wconf 89' lang='lat' dir='ltr'><strong>tum</strong></span> <span class='ocrx_word' id='word_1_187' title='bbox 321 2619 422 2663; x_wconf 90' lang='lat' dir='ltr'><strong>corum</strong></span> <span class='ocrx_word' id='word_1_188' title='bbox 443 2597 493 2682; x_wconf 85' lang='lat' dir='ltr'><strong>qui</strong></span> <span class='ocrx_word' id='word_1_189' title='bbox 515 2608 735 2682; x_wconf 86' lang='lat' dir='ltr'><strong>consequuntur</strong></span> <span class='ocrx_word' id='word_1_190' title='bbox 758 2597 929 2662; x_wconf 87' lang='lat' dir='ltr'><strong>coelestium</strong></span> <span class='ocrx_word' id='word_1_191' title='bbox 945 2598 1075 2678; x_wconf 89' lang='lat' dir='ltr'><strong>orbium,</strong></span> <span class='ocrx_word' id='word_1_192' title='bbox 1105 2598 1291 2682; x_wconf 79' lang='lat' dir='ltr'><strong>augelorum-</strong></span> 
     </span>
     <span class='ocr_line' id='line_1_22' title="bbox 140 2697 1290 2786; baseline -0.002 -20"><span class='ocrx_word' id='word_1_193' title='bbox 140 2722 198 2786; x_wconf 86' lang='lat' dir='ltr'><strong>quc</strong></span> <span class='ocrx_word' id='word_1_194' title='bbox 220 2722 353 2765; x_wconf 85' lang='lat' dir='ltr'><strong>auorum.</strong></span> <span class='ocrx_word' id='word_1_195' title='bbox 395 2697 496 2764; x_wconf 79' lang='lat' dir='ltr'><strong>Porro</strong></span> <span class='ocrx_word' id='word_1_196' title='bbox 519 2699 729 2784; x_wconf 77' lang='lat' dir='ltr'><strong>digredientem</strong></span> <span class='ocrx_word' id='word_1_197' title='bbox 755 2699 822 2763; x_wconf 91' lang='lat' dir='ltr'><strong>binc</strong></span> <span class='ocrx_word' id='word_1_198' title='bbox 843 2700 968 2763; x_wconf 87' lang='lat' dir='ltr'><strong>animam</strong></span> <span class='ocrx_word' id='word_1_199' title='bbox 994 2700 1137 2786; x_wconf 86' lang='lat' dir='ltr'><strong>perillus</strong></span> <span class='ocrx_word' id='word_1_200' title='bbox 1164 2700 1290 2765; x_wconf 86' lang='lat' dir='ltr'><strong>transire</strong></span> 
     </span>
     <span class='ocr_line' id='line_1_23' title="bbox 140 2799 1290 2888; baseline 0.001 -22"><span class='ocrx_word' id='word_1_201' title='bbox 140 2800 305 2888; x_wconf 75' lang='lat' dir='ltr'><strong>Principes,</strong></span> <span class='ocrx_word' id='word_1_202' title='bbox 329 2822 424 2886; x_wconf 84' lang='lat' dir='ltr'><strong>nequo</strong></span> <span class='ocrx_word' id='word_1_203' title='bbox 441 2813 539 2865; x_wconf 85' lang='lat' dir='ltr'><strong>tamon</strong></span> <span class='ocrx_word' id='word_1_204' title='bbox 553 2811 708 2887; x_wconf 85' lang='lat' dir='ltr'><strong>penetrare</strong></span> <span class='ocrx_word' id='word_1_205' title='bbox 721 2823 827 2888; x_wconf 85' lang='lat' dir='ltr'><strong>posse,</strong></span> <span class='ocrx_word' id='word_1_206' title='bbox 851 2802 907 2866; x_wconf 88' lang='lat' dir='ltr'><strong>nisi</strong></span> <span class='ocrx_word' id='word_1_207' title='bbox 927 2799 1105 2887; x_wconf 83' lang='lat' dir='ltr'><strong>Cognitione</strong></span> <span class='ocrx_word' id='word_1_208' title='bbox 1119 2803 1166 2867; x_wconf 87' lang='lat' dir='ltr'><strong>illa</strong></span> <span class='ocrx_word' id='word_1_209' title='bbox 1181 2803 1290 2888; x_wconf 84' lang='lat' dir='ltr'><strong>planis-</strong></span> 
     </span>
     <span class='ocr_line' id='line_1_24' title="bbox 142 2903 1289 2990; baseline 0.003 -24"><span class='ocrx_word' id='word_1_210' title='bbox 142 2903 217 2967; x_wconf 87' lang='lat' dir='ltr'><strong>sime</strong></span> <span class='ocrx_word' id='word_1_211' title='bbox 239 2906 356 2989; x_wconf 85' lang='lat' dir='ltr'><strong>perlusa</strong></span> <span class='ocrx_word' id='word_1_212' title='bbox 374 2904 482 2982; x_wconf 85' lang='lat' dir='ltr'><strong>tuerit,</strong></span> <span class='ocrx_word' id='word_1_213' title='bbox 505 2904 553 2968; x_wconf 87' lang='lat' dir='ltr'><strong>vel</strong></span> <span class='ocrx_word' id='word_1_214' title='bbox 571 2904 823 2967; x_wconf 75' lang='lat' dir='ltr'><strong>condemnatione</strong></span> <span class='ocrx_word' id='word_1_215' title='bbox 841 2904 955 2987; x_wconf 79' lang='lat' dir='ltr'><strong>potius3</strong></span> <span class='ocrx_word' id='word_1_216' title='bbox 980 2927 1034 2989; x_wconf 87' lang='lat' dir='ltr'><strong>qua</strong></span> <span class='ocrx_word' id='word_1_217' title='bbox 1052 2905 1166 2990; x_wconf 84' lang='lat' dir='ltr'><strong>quidem</strong></span> <span class='ocrx_word' id='word_1_218' title='bbox 1189 2927 1289 2970; x_wconf 89' lang='lat' dir='ltr'><strong>coruu-</strong></span> 
     </span>
     <span class='ocr_line' id='line_1_25' title="bbox 141 3001 1291 3091; baseline 0.002 -22"><span class='ocrx_word' id='word_1_219' title='bbox 141 3006 201 3069; x_wconf 83' lang='lat' dir='ltr'><strong>late</strong></span> <span class='ocrx_word' id='word_1_220' title='bbox 221 3001 388 3090; x_wconf 88' lang='lat' dir='ltr'><strong>Principum</strong></span> <span class='ocrx_word' id='word_1_221' title='bbox 411 3007 536 3070; x_wconf 83' lang='lat' dir='ltr'><strong>istorum</strong></span> <span class='ocrx_word' id='word_1_222' title='bbox 556 3026 590 3069; x_wconf 85' lang='lat' dir='ltr'><strong>ec</strong></span> <span class='ocrx_word' id='word_1_223' title='bbox 612 3002 793 3069; x_wconf 89' lang='lat' dir='ltr'><strong>Potestatum</strong></span> <span class='ocrx_word' id='word_1_224' title='bbox 815 3026 918 3070; x_wconf 84' lang='lat' dir='ltr'><strong>mattos</strong></span> <span class='ocrx_word' id='word_1_225' title='bbox 943 3006 1073 3091; x_wconf 77' lang='lat' dir='ltr'><strong>effugiat.</strong></span> <span class='ocrx_word' id='word_1_226' title='bbox 1119 3008 1240 3071; x_wconf 80' lang='lat' dir='ltr'><strong>Addunt</strong></span> <span class='ocrx_word' id='word_1_227' title='bbox 1260 3020 1291 3072; x_wconf 91' lang='lat' dir='ltr'><strong>et</strong></span> 
     </span>
     <span class='ocr_line' id='line_1_26' title="bbox 142 3104 1290 3194; baseline 0.003 -25"><span class='ocrx_word' id='word_1_228' title='bbox 142 3106 228 3171; x_wconf 85' lang='lat' dir='ltr'><strong>huius</strong></span> <span class='ocrx_word' id='word_1_229' title='bbox 252 3106 350 3171; x_wconf 89' lang='lat' dir='ltr'><strong>muudi</strong></span> <span class='ocrx_word' id='word_1_230' title='bbox 365 3104 536 3172; x_wconf 86' lang='lat' dir='ltr'><strong>Praesidem</strong></span> <span class='ocrx_word' id='word_1_231' title='bbox 558 3106 694 3185; x_wconf 83' lang='lat' dir='ltr'><strong>draconis</strong></span> <span class='ocrx_word' id='word_1_232' title='bbox 718 3108 840 3190; x_wconf 80' lang='lat' dir='ltr'><strong>effigiem</strong></span> <span class='ocrx_word' id='word_1_233' title='bbox 859 3108 984 3187; x_wconf 90' lang='lat' dir='ltr'><strong>habere,</strong></span> <span class='ocrx_word' id='word_1_234' title='bbox 1008 3109 1155 3194; x_wconf 86' lang='lat' dir='ltr'><strong>abeoquo</strong></span> <span class='ocrx_word' id='word_1_235' title='bbox 1177 3109 1290 3172; x_wconf 83' lang='lat' dir='ltr'><strong>animas</strong></span> 
     </span>
     <span class='ocr_line' id='line_1_27' title="bbox 140 3205 1289 3296; baseline -0.001 -22"><span class='ocrx_word' id='word_1_236' title='bbox 140 3208 293 3274; x_wconf 84' lang='lat' dir='ltr'><strong>absorberi</strong></span> <span class='ocrx_word' id='word_1_237' title='bbox 313 3205 492 3294; x_wconf 73' lang='lat' dir='ltr'><strong>Cognitione</strong></span> <span class='ocrx_word' id='word_1_238' title='bbox 507 3209 558 3273; x_wconf 87' lang='lat' dir='ltr'><strong>illa</strong></span> <span class='ocrx_word' id='word_1_239' title='bbox 577 3208 749 3287; x_wconf 85' lang='lat' dir='ltr'><strong>destitutas,</strong></span> <span class='ocrx_word' id='word_1_240' title='bbox 771 3230 946 3295; x_wconf 86' lang='lat' dir='ltr'><strong>rursumque</strong></span> <span class='ocrx_word' id='word_1_241' title='bbox 964 3212 1151 3296; x_wconf 80' lang='lat' dir='ltr'><strong>peccandum</strong></span> <span class='ocrx_word' id='word_1_242' title='bbox 1168 3210 1289 3273; x_wconf 89' lang='lat' dir='ltr'><strong>inbono</strong></span> 
     </span>
     <span class='ocr_line' id='line_1_28' title="bbox 139 3308 1290 3397; baseline -0.002 -21"><span class='ocrx_word' id='word_1_243' title='bbox 139 3312 277 3376; x_wconf 86' lang='lat' dir='ltr'><strong>mundam</strong></span> <span class='ocrx_word' id='word_1_244' title='bbox 294 3311 421 3375; x_wconf 86' lang='lat' dir='ltr'><strong>rolandi.</strong></span> <span class='ocrx_word' id='word_1_245' title='bbox 452 3311 504 3375; x_wconf 82' lang='lat' dir='ltr'><strong>Ex</strong></span> <span class='ocrx_word' id='word_1_246' title='bbox 517 3333 575 3396; x_wconf 87' lang='lat' dir='ltr'><strong>quo</strong></span> <span class='ocrx_word' id='word_1_247' title='bbox 591 3308 730 3396; x_wconf 79' lang='lat' dir='ltr'><strong>deinceps</strong></span> <span class='ocrx_word' id='word_1_248' title='bbox 742 3309 773 3374; x_wconf 92' lang='lat' dir='ltr'><strong>io</strong></span> <span class='ocrx_word' id='word_1_249' title='bbox 791 3333 946 3397; x_wconf 87' lang='lat' dir='ltr'><strong>porcorum</strong></span> <span class='ocrx_word' id='word_1_250' title='bbox 962 3312 1143 3396; x_wconf 88' lang='lat' dir='ltr'><strong>aliorumque</strong></span> <span class='ocrx_word' id='word_1_251' title='bbox 1157 3310 1290 3375; x_wconf 88' lang='lat' dir='ltr'><strong>animan·</strong></span> 
     </span>
     <span class='ocr_line' id='line_1_29' title="bbox 139 3412 1287 3499; baseline -0.001 -22"><span class='ocrx_word' id='word_1_252' title='bbox 139 3414 210 3479; x_wconf 89' lang='lat' dir='ltr'><strong>tium</strong></span> <span class='ocrx_word' id='word_1_253' title='bbox 228 3434 354 3499; x_wconf 87' lang='lat' dir='ltr'><strong>corpora</strong></span> <span class='ocrx_word' id='word_1_254' title='bbox 370 3415 535 3477; x_wconf 83' lang='lat' dir='ltr'><strong>tranohmac</strong></span> <span class='ocrx_word' id='word_1_255' title='bbox 549 3432 603 3498; x_wconf 89' lang='lat' dir='ltr'><strong>per</strong></span> <span class='ocrx_word' id='word_1_256' title='bbox 617 3412 719 3477; x_wconf 88' lang='lat' dir='ltr'><strong>eadem</strong></span> <span class='ocrx_word' id='word_1_257' title='bbox 733 3413 829 3478; x_wconf 92' lang='lat' dir='ltr'><strong>dcnuo</strong></span> <span class='ocrx_word' id='word_1_258' title='bbox 844 3414 971 3499; x_wconf 82' lang='lat' dir='ltr'><strong>vestigia</strong></span> <span class='ocrx_word' id='word_1_259' title='bbox 985 3436 1101 3478; x_wconf 87' lang='lat' dir='ltr'><strong>sorsum</strong></span> <span class='ocrx_word' id='word_1_260' title='bbox 1116 3413 1287 3476; x_wconf 81' lang='lat' dir='ltr'><strong>efferantur.</strong></span> 
     </span>
     <span class='ocr_line' id='line_1_30' title="bbox 141 3511 1289 3601; baseline 0.001 -22"><span class='ocrx_word' id='word_1_261' title='bbox 141 3513 273 3599; x_wconf 79' lang='lat' dir='ltr'><strong>Quodsi</strong></span> <span class='ocrx_word' id='word_1_262' title='bbox 295 3515 377 3601; x_wconf 84' lang='lat' dir='ltr'><strong>quio,</strong></span> <span class='ocrx_word' id='word_1_263' title='bbox 408 3516 519 3594; x_wconf 88' lang='lat' dir='ltr'><strong>aiunt‚·</strong></span> <span class='ocrx_word' id='word_1_264' title='bbox 536 3536 572 3579; x_wconf 91' lang='lat' dir='ltr'><strong>ea</strong></span> <span class='ocrx_word' id='word_1_265' title='bbox 596 3514 685 3579; x_wconf 79' lang='lat' dir='ltr'><strong>luerit</strong></span> <span class='ocrx_word' id='word_1_266' title='bbox 699 3511 876 3600; x_wconf 75' lang='lat' dir='ltr'><strong>Cognitione</strong></span> <span class='ocrx_word' id='word_1_267' title='bbox 899 3516 1065 3601; x_wconf 87' lang='lat' dir='ltr'><strong>praeditos,</strong></span> <span class='ocrx_word' id='word_1_268' title='bbox 1090 3534 1215 3596; x_wconf 81' lang='lat' dir='ltr'><strong>seseque</strong></span> <span class='ocrx_word' id='word_1_269' title='bbox 1236 3536 1289 3601; x_wconf 87' lang='lat' dir='ltr'><strong>per</strong></span> 
     </span>
    </p>
   </div>
   <div class='ocr_carea' id='block_1_5' title="bbox 138 3716 1288 4315">
    <p class='ocr_par' dir='ltr' id='par_1_5' title="bbox 138 3716 1288 4315">
     <span class='ocr_line' id='line_1_31' title="bbox 140 3716 1288 3805; baseline 0.003 -24"><span class='ocrx_word' id='word_1_270' title='bbox 140 3716 212 3784; x_wconf 88' lang='lat' dir='ltr'><strong>nihil</strong></span> <span class='ocrx_word' id='word_1_271' title='bbox 230 3718 277 3783; x_wconf 92' lang='lat' dir='ltr'><strong>hic</strong></span> <span class='ocrx_word' id='word_1_272' title='bbox 295 3718 420 3783; x_wconf 86' lang='lat' dir='ltr'><strong>detineri</strong></span> <span class='ocrx_word' id='word_1_273' title='bbox 437 3719 580 3805; x_wconf 88' lang='lat' dir='ltr'><strong>amplius,</strong></span> <span class='ocrx_word' id='word_1_274' title='bbox 608 3720 659 3784; x_wconf 88' lang='lat' dir='ltr'><strong>sed</strong></span> <span class='ocrx_word' id='word_1_275' title='bbox 677 3740 821 3804; x_wconf 85' lang='lat' dir='ltr'><strong>eosquos</strong></span> <span class='ocrx_word' id='word_1_276' title='bbox 842 3719 969 3784; x_wconf 79' lang='lat' dir='ltr'><strong>diximus</strong></span> <span class='ocrx_word' id='word_1_277' title='bbox 988 3719 1186 3803; x_wconf 80' lang='lat' dir='ltr'><strong>praetergredi</strong></span> <span class='ocrx_word' id='word_1_278' title='bbox 1201 3717 1288 3785; x_wconf 87' lang='lat' dir='ltr'><strong>Prin-</strong></span> 
     </span>
     <span class='ocr_line' id='line_1_32' title="bbox 139 3818 1288 3909; baseline 0.003 -25"><span class='ocrx_word' id='word_1_279' title='bbox 139 3821 236 3906; x_wconf 84' lang='lat' dir='ltr'><strong>cipes,</strong></span> <span class='ocrx_word' id='word_1_280' title='bbox 260 3831 291 3887; x_wconf 88' lang='lat' dir='ltr'><strong>et</strong></span> <span class='ocrx_word' id='word_1_281' title='bbox 306 3821 343 3885; x_wconf 88' lang='lat' dir='ltr'><strong>ed</strong></span> <span class='ocrx_word' id='word_1_282' title='bbox 356 3818 487 3886; x_wconf 81' lang='lat' dir='ltr'><strong>Sabaoth</strong></span> <span class='ocrx_word' id='word_1_283' title='bbox 509 3842 603 3907; x_wconf 83' lang='lat' dir='ltr'><strong>osque</strong></span> <span class='ocrx_word' id='word_1_284' title='bbox 618 3821 791 3908; x_wconf 84' lang='lat' dir='ltr'><strong>pervenire,</strong></span> <span class='ocrx_word' id='word_1_285' title='bbox 814 3831 901 3905; x_wconf 86' lang='lat' dir='ltr'><strong>atque</strong></span> <span class='ocrx_word' id='word_1_286' title='bbox 920 3820 996 3884; x_wconf 89' lang='lat' dir='ltr'><strong>iltius</strong></span> <span class='ocrx_word' id='word_1_287' title='bbox 1013 3820 1182 3905; x_wconf 82' lang='lat' dir='ltr'><strong>proculcare</strong></span> <span class='ocrx_word' id='word_1_288' title='bbox 1201 3835 1288 3909; x_wconf 90' lang='lat' dir='ltr'><strong>capnt</strong></span> 
     </span>
     <span class='ocr_line' id='line_1_33' title="bbox 139 3921 1288 4011; baseline 0.004 -27"><span class='ocrx_word' id='word_1_289' title='bbox 139 3921 196 4004; x_wconf 88' lang='lat' dir='ltr'><strong>(ita</strong></span> <span class='ocrx_word' id='word_1_290' title='bbox 210 3923 288 3987; x_wconf 87' lang='lat' dir='ltr'><strong>cuim</strong></span> <span class='ocrx_word' id='word_1_291' title='bbox 309 3923 453 4006; x_wconf 82' lang='lat' dir='ltr'><strong>sacrilego</strong></span> <span class='ocrx_word' id='word_1_292' title='bbox 474 3933 561 4008; x_wconf 78' lang='lat' dir='ltr'><strong>atque</strong></span> <span class='ocrx_word' id='word_1_293' title='bbox 584 3925 769 4009; x_wconf 89' lang='lat' dir='ltr'><strong>impudenter</strong></span> <span class='ocrx_word' id='word_1_294' title='bbox 786 3923 955 4006; x_wconf 81' lang='lat' dir='ltr'><strong>effutiunt),</strong></span> <span class='ocrx_word' id='word_1_295' title='bbox 985 3922 1109 4008; x_wconf 85' lang='lat' dir='ltr'><strong>indeque</strong></span> <span class='ocrx_word' id='word_1_296' title='bbox 1127 3926 1163 3989; x_wconf 88' lang='lat' dir='ltr'><strong>ad</strong></span> <span class='ocrx_word' id='word_1_297' title='bbox 1184 3946 1288 4011; x_wconf 87' lang='lat' dir='ltr'><strong>supre-</strong></span> 
     </span>
     <span class='ocr_line' id='line_1_34' title="bbox 138 4023 1285 4106; baseline 0 -17"><span class='ocrx_word' id='word_1_298' title='bbox 138 4044 218 4089; x_wconf 78' lang='lat' dir='ltr'><strong>mam</strong></span> <span class='ocrx_word' id='word_1_299' title='bbox 240 4023 312 4090; x_wconf 92' lang='lat' dir='ltr'><strong>illud</strong></span> <span class='ocrx_word' id='word_1_300' title='bbox 331 4023 507 4088; x_wconf 87' lang='lat' dir='ltr'><strong>domicilium</strong></span> <span class='ocrx_word' id='word_1_301' title='bbox 528 4026 672 4105; x_wconf 83' lang='lat' dir='ltr'><strong>evadere,</strong></span> <span class='ocrx_word' id='word_1_302' title='bbox 702 4025 752 4089; x_wconf 90' lang='lat' dir='ltr'><strong>ubi</strong></span> <span class='ocrx_word' id='word_1_303' title='bbox 773 4023 935 4088; x_wconf 88' lang='lat' dir='ltr'><strong>viventium</strong></span> <span class='ocrx_word' id='word_1_304' title='bbox 958 4035 1054 4089; x_wconf 86' lang='lat' dir='ltr'><strong>mater</strong></span> <span class='ocrx_word' id='word_1_305' title='bbox 1075 4037 1123 4091; x_wconf 86' lang='lat' dir='ltr'><strong>est</strong></span> <span class='ocrx_word' id='word_1_306' title='bbox 1139 4024 1285 4106; x_wconf 78' lang='lat' dir='ltr'><strong>Barbam,</strong></span> 
     </span>
     <span class='ocr_line' id='line_1_35' title="bbox 138 4122 1287 4211; baseline 0.001 -20"><span class='ocrx_word' id='word_1_307' title='bbox 138 4146 215 4211; x_wconf 77' lang='lat' dir='ltr'><strong>quac</strong></span> <span class='ocrx_word' id='word_1_308' title='bbox 233 4136 265 4192; x_wconf 86' lang='lat' dir='ltr'><strong>ct</strong></span> <span class='ocrx_word' id='word_1_309' title='bbox 283 4126 322 4191; x_wconf 88' lang='lat' dir='ltr'><strong>ab</strong></span> <span class='ocrx_word' id='word_1_310' title='bbox 345 4127 404 4190; x_wconf 86' lang='lat' dir='ltr'><strong>illie</strong></span> <span class='ocrx_word' id='word_1_311' title='bbox 419 4122 547 4192; x_wconf 85' lang='lat' dir='ltr'><strong>Barbelo</strong></span> <span class='ocrx_word' id='word_1_312' title='bbox 565 4128 683 4192; x_wconf 88' lang='lat' dir='ltr'><strong>dicitur.</strong></span> <span class='ocrx_word' id='word_1_313' title='bbox 727 4124 813 4190; x_wconf 88' lang='lat' dir='ltr'><strong>llanc</strong></span> <span class='ocrx_word' id='word_1_314' title='bbox 832 4146 899 4190; x_wconf 85' lang='lat' dir='ltr'><strong>esso</strong></span> <span class='ocrx_word' id='word_1_315' title='bbox 921 4127 1036 4193; x_wconf 86' lang='lat' dir='ltr'><strong>animae</strong></span> <span class='ocrx_word' id='word_1_316' title='bbox 1056 4131 1200 4195; x_wconf 86' lang='lat' dir='ltr'><strong>rationem</strong></span> <span class='ocrx_word' id='word_1_317' title='bbox 1225 4129 1287 4192; x_wconf 84' lang='lat' dir='ltr'><strong>adi-</strong></span> 
     </span>
     <span class='ocr_line' id='line_1_36' title="bbox 139 4224 1287 4315; baseline 0.001 -21"><span class='ocrx_word' id='word_1_318' title='bbox 139 4228 295 4314; x_wconf 79' lang='lat' dir='ltr'><strong>piscendae</strong></span> <span class='ocrx_word' id='word_1_319' title='bbox 312 4227 427 4294; x_wconf 86' lang='lat' dir='ltr'><strong>solutis.</strong></span> <span class='ocrx_word' id='word_1_320' title='bbox 472 4224 545 4293; x_wconf 89' lang='lat' dir='ltr'><strong>lllud</strong></span> <span class='ocrx_word' id='word_1_321' title='bbox 563 4249 635 4294; x_wconf 81' lang='lat' dir='ltr'><strong>vero</strong></span> <span class='ocrx_word' id='word_1_322' title='bbox 653 4238 806 4315; x_wconf 82' lang='lat' dir='ltr'><strong>practerea</strong></span> <span class='ocrx_word' id='word_1_323' title='bbox 823 4227 955 4296; x_wconf 79' lang='lat' dir='ltr'><strong>infelices</strong></span> <span class='ocrx_word' id='word_1_324' title='bbox 973 4230 1014 4296; x_wconf 91' lang='lat' dir='ltr'><strong>illi</strong></span> <span class='ocrx_word' id='word_1_325' title='bbox 1032 4234 1068 4297; x_wconf 87' lang='lat' dir='ltr'><strong>ad</strong></span> <span class='ocrx_word' id='word_1_326' title='bbox 1091 4232 1215 4296; x_wconf 83' lang='lat' dir='ltr'><strong>tabulam</strong></span> <span class='ocrx_word' id='word_1_327' title='bbox 1237 4233 1287 4297; x_wconf 85' lang='lat' dir='ltr'><strong>ad-</strong></span> 
     </span>
    </p>
   </div>
   <div class='ocr_carea' id='block_1_6' title="bbox 173 4480 1157 4621">
    <p class='ocr_par' dir='ltr' id='par_1_6' title="bbox 173 4480 1157 4621">
     <span class='ocr_line' id='line_1_37' title="bbox 173 4480 1157 4555; baseline 0.002 -20"><span class='ocrx_word' id='word_1_328' title='bbox 173 4480 198 4535; x_wconf 78' lang='grc'><strong>3.</strong></span> <span class='ocrx_word' id='word_1_329' title='bbox 215 4481 326 4540; x_wconf 60' lang='lat' dir='ltr'><strong>daucido</strong></span> <span class='ocrx_word' id='word_1_330' title='bbox 341 4488 393 4539; x_wconf 74' lang='lat' dir='ltr'><strong>ooth</strong></span> <span class='ocrx_word' id='word_1_331' title='bbox 411 4488 484 4538; x_wconf 68' lang='lat' dir='ltr'><strong>lodic.</strong></span> <span class='ocrx_word' id='word_1_332' title='bbox 766 4488 789 4540; x_wconf 81' lang='lat' dir='ltr'><strong>d.</strong></span> <span class='ocrx_word' id='word_1_333' title='bbox 807 4484 873 4555; x_wconf 66' lang='grc' dir='ltr'><strong>φησὶ</strong></span> <span class='ocrx_word' id='word_1_334' title='bbox 889 4493 956 4543; x_wconf 84' lang='lat' dir='ltr'><strong>codd.</strong></span> <span class='ocrx_word' id='word_1_335' title='bbox 973 4491 1069 4552; x_wconf 75' lang='lat' dir='ltr'><strong>lthtdip.</strong></span> <span class='ocrx_word' id='word_1_336' title='bbox 1084 4488 1157 4538; x_wconf 75' lang='lat' dir='ltr'><strong>l&#39;ctr&#39;c.</strong></span> 
     </span>
     <span class='ocr_line' id='line_1_38' title="bbox 173 4547 581 4621; baseline 0.01 -18"><span class='ocrx_word' id='word_1_337' title='bbox 173 4547 197 4603; x_wconf 79' lang='lat'><strong>4.</strong></span> <span class='ocrx_word' id='word_1_338' title='bbox 214 4552 293 4621; x_wconf 75' lang='lat' dir='ltr'><strong>oncis</strong></span> <span class='ocrx_word' id='word_1_339' title='bbox 310 4556 378 4607; x_wconf 76' lang='lat' dir='ltr'><strong>codd.</strong></span> <span class='ocrx_word' id='word_1_340' title='bbox 394 4558 468 4608; x_wconf 82' lang='lat' dir='ltr'><strong>Vctr&#39;c.</strong></span> <span class='ocrx_word' id='word_1_341' title='bbox 485 4556 581 4619; x_wconf 74' lang='lat' dir='ltr'><strong>Rhodio.</strong></span> 
     </span>
    </p>
   </div>
   <div class='ocr_carea' id='block_1_7' title="bbox 0 0 1528 5084">
    <p class='ocr_par' dir='ltr' id='par_1_7' title="bbox 0 0 1528 5084">
     <span class='ocr_line' id='line_1_39' title="bbox 0 0 1528 5084; baseline 0 1"><span class='ocrx_word' id='word_1_342' title='bbox 0 0 1528 5084; x_wconf 95' lang='lat' dir='ltr'><strong> </strong></span> 
     </span>
    </p>
   </div>
  </div>
 </body>
</html>
