3046 5084
318 369 454 421 rinnau
471 370 533 421 ura.
545 371 564 420 a.
582 370 663 422 rou.
676 372 718 420 m.
738 371 834 421 nana.
848 372 927 421 xcii.
1133 349 1199 424 ’563

48 491 198 574 magisque
216 489 402 568 refellamus,
426 489 483 552 alia
498 488 574 553 istud
592 489 705 552 radeire
721 491 962 555 considerandum
980 503 1037 555 est.
1082 490 1200 556 Etenim

48 595 73 657 si
87 591 187 656 Malus
202 592 251 654 ille
269 592 383 676 penitus
399 591 492 655 malus
507 602 564 668 est,
589 603 619 654 et
635 612 653 655 a
667 589 751 655 Bnno
766 592 951 656 nibilominus
967 593 1059 656 bonos
1074 595 1199 674 auferat,

47 698 142 760 iustos
159 717 175 756 a
192 692 285 773 lusto,
308 695 388 757 solos
403 694 447 756 sui
465 694 574 756 similes
588 693 743 778 relinquat,
769 695 867 778 utique
883 693 980 760 Malus
994 717 1061 760 esse
1075 697 1201 776 desinet,

49 800 97 884 qai
114 799 208 862 malus
226 797 349 874 dieitur,
374 817 437 858 cum
455 795 596 858 bonorum
614 796 759 859 desiderio
778 807 929 875 teneatur,
954 799 1130 883 eosdemque
1146 798 1202 863 sibi

49 901 132 986 quasi
150 899 287 964 meliores
305 919 441 962 asserere
459 899 585 961 student.
632 895 685 962 Sin
704 899 739 961 de
757 901 818 962 suis
835 922 948 984 quoque
965 901 1100 964 iudicium
1119 900 1202 964 insti·
1302 941 1304 950 ·

51 1015 131 1082 tunt,
163 1004 198 1065 ab
216 1003 310 1086 iisque
329 1002 376 1085 qui
392 1000 527 1064 iniuriam
547 1000 671 1063 iecerint
688 1021 796 1085 poenas
814 1003 932 1086 exigat,
963 1005 1094 1067 naniam
1111 1003 1203 1067 malus

51 1107 107 1169 erit
127 1115 227 1190 utpote
246 1104 385 1166 malorum
404 1103 512 1180 iudex,
546 1113 632 1186 atqua
653 1103 707 1166 ltoc
729 1105 813 1167 modo
831 1115 892 1168 toto
908 1105 984 1168 illius
1002 1106 1135 1169 doctrina
1151 1126 1204 1190 per

50 1229 118 1272 sese
141 1207 256 1293 penitus
275 1206 417 1268 labefacta
435 1205 580 1268 concidet.
625 1203 715 1268 Nune
732 1205 800 1269 illud
820 1208 905 1269 velim
925 1207 992 1270 milti
1010 1208 1203 1293 respondeas,

52 1312 127 1375 uode
147 1312 201 1372 tria
218 1308 266 1371 illa
284 1305 429 1392 Principia
448 1308 569 1392 idipsum
590 1309 664 1391 qaod
683 1319 751 1370 sunt
768 1308 962 1385 obtinuerint,
996 1321 1045 1373 aut
1062 1310 1127 1394 quis
1144 1309 1204 1372 sin·

52 1414 120 1498 gula
137 1411 198 1476 suis
214 1410 318 1474 linibus
335 1432 369 1472 ac
385 1408 554 1492 regionibus
567 1409 767 1494 descripserit.
813 1409 890 1473 Nam
908 1411 932 1474 si
950 1413 1069 1476 deornm
1085 1412 1205 1497 quilibet

52 1538 107 1581 sno
129 1515 194 1579 loco
216 1514 368 1590 delinitur,
400 1533 456 1574 uon
480 1512 603 1596 amplius
627 1514 755 1597 perlecta
777 1513 826 1577 illa
849 1513 904 1577 tria
927 1526 1101 1594 censentur,
1133 1536 1205 1599 quae

52 1619 141 1684 certis
156 1617 366 1700 comprehensa
379 1625 448 1678 arant
462 1635 497 1677 ac
510 1614 729 1699 circumscripta
744 1616 857 1700 spatiis,
878 1628 979 1701 estque
993 1618 1115 1703 idipsum
1131 1618 1207 1702 quod

53 1721 184 1786 continet
200 1740 235 1782 eo
253 1719 328 1802 quod
346 1716 513 1781 continetur
528 1715 637 1796 maius,
662 1737 756 1801 neque
772 1720 846 1801 quad
865 1719 1005 1782 eiusmodi
1021 1721 1129 1783 ambitu
1145 1720 1205 1782 cin·

53 1824 149 1908 gitur,
181 1822 227 1884 dei
246 1820 467 1905 appellationem
488 1829 634 1896 meretur,
665 1820 715 1881 sed
731 1821 854 1904 spatium
873 1821 940 1884 illud
957 1822 1055 1905 utique
1072 1844 1129 1906 qno
1144 1820 1206 1886 suis

54 1929 146 2011 ipsum
164 1924 304 1988 limitibus
319 1920 530 2005 cornplectitur.
576 1919 694 1983 Atenim
713 1943 777 1984 cum
794 1923 822 1984 in
836 1945 923 1985 unum
941 1924 1098 2002 coiissent,
1122 1945 1206 2008 sepa·

54 2029 109 2093 rati
126 2037 226 2112 postea
243 2026 329 2088 sedes
347 2045 415 2087 suas
433 2029 643 2106 occuparunt,'
661 2045 694 2086 ac
713 2024 827 2108 propria
844 2025 965 2109 quisque
984 2037 1138 2090 coartantes
1155 2047 1206 2091 ne·

55 2146 196 2217 quaquam
224 2128 334 2192 invadit
357 2126 385 2188 in
410 2126 551 2204 alterum,
586 2135 636 2188 aut
656 2125 876 2210 impressionem
903 2129 982 2190 lacit.
1029 2124 1121 2213 lgitur
1148 2151 1207 2192 nou

54 2234 177 2319 amplius
195 2229 343 2295 contraria
362 2227 486 2291 invicem
507 2238 593 2291 erunt
607 2226 655 2291 illa
674 2226 838 2313 Principia,
872 2251 925 2292 nec
946 2230 1033 2295 ullum
1056 2252 1123 2296 esse
1147 2253 1207 2295 ma·
1319 2230 1323 2243 ’

56 2338 115 2400 lum
132 2335 254 2420 poterit,
280 2353 344 2395 cum
359 2351 428 2393 suas
445 2351 494 2393 res
510 2331 634 2394 comiter
647 2353 687 2394 ex
702 2353 796 2415 aequo
812 2333 945 2416 bonoque
962 2354 995 2394 ac
1010 2354 1121 2397 summa
1138 2356 1207 2398 con·

56 2438 165 2502 stantia
180 2436 364 2512 moderetur,
397 2454 452 2496 nec
467 2432 542 2497 ultra
561 2435 696 2518 progredi
715 2456 800 2519 qnam
818 2436 861 2497 las
877 2434 915 2497 sit
933 2446 1061 2521 appetat.
1108 2433 1167 2501 Sed
1182 2437 1209 2499 si

56 2538 156 2607 Malas
172 2559 190 2601 a
206 2558 343 2623 supremo
360 2535 487 2599 vincitur
503 2557 538 2598 ao
557 2537 702 2600 violenter
717 2536 905 2622 opprimitur,
930 2560 993 2600 cum
1011 2548 1040 2601 ct
1055 2539 1090 2602 ab
1108 2560 1144 2603 eo
1161 2559 1209 2602 se·

55 2647 173 2708 iunctus
190 2643 228 2705 sit
247 2651 277 2703 et
293 2639 437 2724 propriam
455 2638 555 2701 sedem
573 2638 720 2719 obtineat,
751 2661 825 2723 quae
846 2637 920 2702 Boni
937 2640 1013 2703 illius
1030 2661 1064 2703 ac
1080 2641 1209 2728 supremi

56 2746 128 2812 nibil
141 2744 271 2822 intersit,
293 2762 387 2824 neque
404 2741 556 2825 quicquam
574 2740 603 2803 in
619 2762 654 2805 ea
671 2763 744 2826 quae
762 2743 790 2804 in
808 2742 874 2806 mali
893 2743 1037 2806 domicilio
1053 2755 1121 2807 sunt
1136 2745 1209 2808 iuris

58 2849 179 2928 babeat,
211 2844 372 2931 tyrannicis
390 2844 483 2927 magia
504 2844 560 2907 erit
578 2844 708 2909 moribus
727 2867 881 2930 supremus
899 2846 948 2909 ille
965 2845 1141 2930 minimeque
1157 2846 1210 2910 bo-

59 2973 125 3030 nos,
151 2951 199 3035 qui
215 2950 303 3012 lilium
321 2968 417 3024 saum,
442 2966 544 3031 nempe
560 2941 723 3024 Christum,
747 2948 871 3026 miserit,
890 2960 921 3011 ut
934 2960 1088 3033 usurparet
1102 2949 1208 3013 aliena.

59 3052 128 3138 Quo
144 3053 259 3137 quidem
276 3049 447 3127 constituto,
469 3049 516 3111 ubi
534 3049 582 3112 ille
600 3047 741 3112 terminus
758 3050 814 3113 erit
830 3073 847 3113 a
864 3072 920 3134 quo
937 3072 977 3115 ex
993 3052 1161 3137 impostoris
1177 3052 1211 3115 il·

59 3158 115 3222 lius
129 3154 268 3255 ppinione
285 3153 341 3216 tria
359 3162 427 3215 surrt
442 3153 491 3215 illa
506 3149 654 3236 Principia
670 3154 823 3237 separata?
867 3150 1059 3234 Quaerendae
1075 3154 1211 3218 nimirum

59 3260 117 3326 erit
132 3267 251 3344 quartus
270 3255 373 3338 aliquis
389 3254 603 3338 aequissimus,
627 3276 661 3318 ac
680 3255 771 3318 tribus
789 3255 966 3340 sapientior,
991 3257 1071 3319 velut
1088 3257 1209 3320 limitum

60 3363 216 3445 dolumque
231 3358 427 3442 regundorum
444 3358 571 3440 peritus,
596 3357 643 3440 qui
660 3378 743 3419 sarum
758 3358 861 3441 cuique
880 3359 993 3421 modum
1011 3358 1152 3437 attribuit,
1176 3381 1211 3423 ac

60 3486 161 3551 pacem
185 3460 348 3525 interillos
370 3458 525 3536 stabilivit,
559 3469 588 3521 ut
611 3479 648 3522 ne
670 3459 829 3543 amplius'a
852 3481 884 3522 so
903 3471 1002 3522 mutuo
1022 3459 1209 3541 dissiderent,

60 3581 109 3634 eat
126 3568 200 3632 alter
215 3564 355 3627 satellites
379 3583 448 3625 suos
467 3561 494 3624 in
512 3561 666 3626 stationem
683 3561 803 3626 alterius
823 3561 1000 3625 immitteret.
1047 3562 1145 3647 Atque
1162 3564 1211 3627 ille

61 3672 176 3756 quidem
193 3687 264 3752 pace
280 3668 357 3728 inter
375 3665 429 3726 tria
443 3661 592 3750 Principia
607 3666 762 3728 constituta
779 3675 898 3748 quartus
915 3664 1146 3745 numerabitur,¹
1163 3687 1210 3731 oe·

62 3775 134 3838 teris
154 3767 324 3856 prudentior
345 3788 379 3830 ae
399 3766 521 3846 iustior,
552 3779 582 3830 et
602 3766 678 3831 idem
702 3778 797 3830 tamen
818 3767 881 3849 ipse
898 3767 1015 3852 proprio
1033 3787 1067 3830 ac
1083 3779 1164 3832 certo
1182 3769 1211 3832 iu

61 3878 127 3940 loco
150 3865 332 3957 quaerendus
355 3881 418 3946 est,
449 3891 465 3932 a
488 3891 544 3953 quo
568 3870 653 3933 trium
672 3870 701 3933 in
723 3870 846 3932 medium
864 3891 1038 3955 progressus
1056 3870 1211 3953 uniruique

63 3987 173 4064 partem
191 3994 270 4039 suam
290 3973 363 4037 scite
378 3995 413 4035 ac
431 3972 522 4057 perite
541 3973 691 4051 tribuerit,
716 3993 752 4034 ue
771 3983 868 4035 mutuo
884 3972 939 4034 sibi
958 3972 1090 4035 iniuriam
1105 3972 1212 4056 impor-

63 4089 171 4144 tarent.
217 4074 276 4140 lam
292 4096 364 4139 vero
380 4075 404 4137 si
419 4076 448 4137 in
467 4076 564 4153 unius,
589 4086 655 4160 putu
672 4075 825 4153 creatoris,
850 4074 1038 4159 possessione
1055 4075 1111 4137 dno
1129 4072 1213 4138 Prin·

63 4182 136 4269 cipia
155 4189 328 4256 versentur,
353 4176 444 4239 malus
460 4176 607 4254 nimirum,
632 4174 723 4260 quiin
741 4175 825 4240 buius
841 4176 1007 4262 regionibus
1022 4176 1151 4261 locisque
1165 4199 1213 4243 re·

63 4286 168 4361 sideest,
193 4293 222 4345 et
237 4303 253 4344 a
269 4281 344 4344 bono
358 4279 465 4342 missus
479 4279 642 4362 ibidemque
657 4300 839 4342 commorans
856 4275 1004 4359 Christus,
1029 4301 1212 4365 consequens

64 4397 110 4450 est
126 4407 185 4449 non
200 4384 279 4447 illum
296 4382 381 4446 modo
396 4379 520 4444 iudicem
534 4401 568 4443 ac
584 4382 781 4461 conditorem,
812 4383 863 4446 sed
879 4393 908 4446 et
924 4384 1030 4447 bonum
1048 4404 1131 4462 esse,
1163 4383 1212 4468 qui

65 4487 206 4553 ambobus
228 4486 428 4570 quodcumque
446 4484 519 4569 apud
542 4504 575 4548 se
597 4495 737 4569 cuperent
754 4506 843 4569 agere
862 4487 1043 4571 permiserit,
1074 4496 1124 4552 aut
1142 4506 1213 4550 sane

65 4612 204 4676 perquam
224 4588 281 4652 erit
295 4586 476 4666 imbecillus,
500 4585 548 4671 qui
566 4586 726 4651 alienorum
741 4587 903 4673 direptores
920 4597 1058 4654 coercere
1075 4589 1213 4675 nequive-

939 4693 1009 4760 36*
