<?xml version="1.0" encoding="UTF-8"?>
<!DOCTYPE html PUBLIC "-//W3C//DTD XHTML 1.0 Transitional//EN"
    "http://www.w3.org/TR/xhtml1/DTD/xhtml1-transitional.dtd">
<html xmlns="http://www.w3.org/1999/xhtml" xml:lang="en" lang="en">
 <head>
  <title>
</title>
<meta http-equiv="Content-Type" content="text/html;charset=utf-8" />
  <meta name='ocr-system' content='tesseract 3.04.00' />
  <meta name='ocr-capabilities' content='ocr_page ocr_carea ocr_par ocr_line ocrx_word'/>
</head>
<body>
  <div class='ocr_page' id='page_1' title='image "./corporishaerese01unkngoog_0181.png"; bbox 0 0 3046 5084; ppageno 0'>
   <div class='ocr_carea' id='block_1_1' title="bbox 142 1977 256 2051">
    <p class='ocr_par' dir='ltr' id='par_1_1' title="bbox 142 1977 256 2051">
     <span class='ocr_line' id='line_1_1' title="bbox 142 1977 256 2051; baseline -0.053 -12"><span class='ocrx_word' id='word_1_1' title='bbox 142 1985 209 2051; x_wconf 82' lang='grc' dir='ltr'><strong><em>Κιφ.</em></strong></span> <span class='ocrx_word' id='word_1_2' title='bbox 227 1977 256 2034; x_wconf 86' lang='grc' dir='ltr'><strong><em>ε’.</em></strong></span> 
     </span>
    </p>
   </div>
   <div class='ocr_carea' id='block_1_2' title="bbox 278 323 1002 383">
    <p class='ocr_par' dir='ltr' id='par_1_2' title="bbox 278 323 1002 383">
     <span class='ocr_line' id='line_1_2' title="bbox 278 323 1002 383; baseline -0.004 -1"><span class='ocrx_word' id='word_1_3' title='bbox 278 323 337 383; x_wconf 81' lang='grc'><strong><em>176</em></strong></span> <span class='ocrx_word' id='word_1_4' title='bbox 404 329 409 335; x_wconf 84' lang='grc'>’</span> <span class='ocrx_word' id='word_1_5' title='bbox 696 331 816 382; x_wconf 79' lang='lat' dir='ltr'>SANGTI</span> <span class='ocrx_word' id='word_1_6' title='bbox 835 330 1002 382; x_wconf 76' lang='lat' dir='ltr'><strong>EPIPHANH</strong></span> 
     </span>
    </p>
   </div>
   <div class='ocr_carea' id='block_1_3' title="bbox 272 440 1432 2254">
    <p class='ocr_par' dir='ltr' id='par_1_3' title="bbox 274 440 1432 1947">
     <span class='ocr_line' id='line_1_3' title="bbox 276 440 1432 530; baseline -0.002 -17"><span class='ocrx_word' id='word_1_7' title='bbox 276 475 392 525; x_wconf 89' lang='grc' dir='ltr'><strong><em>νονται,</em></strong></span> <span class='ocrx_word' id='word_1_8' title='bbox 421 451 470 513; x_wconf 73' lang='grc' dir='ltr'><strong><em>’ίνα</em></strong></span> <span class='ocrx_word' id='word_1_9' title='bbox 489 446 563 512; x_wconf 88' lang='grc' dir='ltr'><strong><em>κατά</em></strong></span> <span class='ocrx_word' id='word_1_10' title='bbox 588 445 683 510; x_wconf 89' lang='grc' dir='ltr'><strong><em>πάντα</em></strong></span> <span class='ocrx_word' id='word_1_11' title='bbox 705 445 815 530; x_wconf 98' lang='grc' dir='ltr'><strong><em>τρόπον</em></strong></span> <span class='ocrx_word' id='word_1_12' title='bbox 836 449 934 529; x_wconf 81' lang='grc' dir='ltr'><strong><em>φρίξιν</em></strong></span> <span class='ocrx_word' id='word_1_13' title='bbox 953 440 1118 529; x_wconf 85' lang='grc' dir='ltr'><strong><em>έργάσωμαι</em></strong></span> <span class='ocrx_word' id='word_1_14' title='bbox 1138 450 1201 517; x_wconf 84' lang='grc' dir='ltr'><strong><em>τοῖς</em></strong></span> <span class='ocrx_word' id='word_1_15' title='bbox 1222 440 1367 509; x_wconf 85' lang='grc' dir='ltr'><strong><em>ἀκούουσι</em></strong></span> <span class='ocrx_word' id='word_1_16' title='bbox 1390 446 1432 511; x_wconf 84' lang='grc' dir='ltr'><strong><em>τά</em></strong></span> 
     </span>
     <span class='ocr_line' id='line_1_4' title="bbox 276 542 1430 634; baseline -0.003 -20"><span class='ocrx_word' id='word_1_17' title='bbox 276 548 344 634; x_wconf 82' lang='grc' dir='ltr'><strong><em>παρ’</em></strong></span> <span class='ocrx_word' id='word_1_18' title='bbox 358 548 453 614; x_wconf 81' lang='grc' dir='ltr'><strong><em>αύτῦν</em></strong></span> <span class='ocrx_word' id='word_1_19' title='bbox 467 547 607 633; x_wconf 88' lang='grc' dir='ltr'><strong><em>γενόμενα</em></strong></span> <span class='ocrx_word' id='word_1_20' title='bbox 623 547 889 633; x_wconf 82' lang='grc' dir='ltr'><strong><em>αίσχρουργῆματα·</em></strong></span> <span class='ocrx_word' id='word_1_21' title='bbox 907 543 978 627; x_wconf 87' lang='grc' dir='ltr'><strong><em>μετά</em></strong></span> <span class='ocrx_word' id='word_1_22' title='bbox 991 543 1046 629; x_wconf 85' lang='grc' dir='ltr'><strong><em>γάρ</em></strong></span> <span class='ocrx_word' id='word_1_23' title='bbox 1061 542 1093 609; x_wconf 89' lang='grc' dir='ltr'><strong><em>τό</em></strong></span> <span class='ocrx_word' id='word_1_24' title='bbox 1109 553 1229 629; x_wconf 84' lang='grc' dir='ltr'><strong><em>μιγῆναι</em></strong></span> <span class='ocrx_word' id='word_1_25' title='bbox 1243 543 1336 611; x_wconf 89' lang='grc' dir='ltr'><strong><em>πάθει</em></strong></span> <span class='ocrx_word' id='word_1_26' title='bbox 1350 572 1430 632; x_wconf 87' lang='grc' dir='ltr'><strong><em>πορ-</em></strong></span> 
     </span>
     <span class='ocr_line' id='line_1_5' title="bbox 275 644 1429 735; baseline -0.001 -20"><span class='ocrx_word' id='word_1_27' title='bbox 275 657 354 726; x_wconf 82' lang='grc' dir='ltr'><strong><em>νείας</em></strong></span> <span class='ocrx_word' id='word_1_28' title='bbox 371 648 608 735; x_wconf 90' lang='grc' dir='ltr'><strong><em>προςεπιτούτοις</em></strong></span> <span class='ocrx_word' id='word_1_29' title='bbox 627 647 820 723; x_wconf 69' lang='grc' dir='ltr'><strong><em>ἀνατείνοντες</em></strong></span> <span class='ocrx_word' id='word_1_30' title='bbox 835 646 890 730; x_wconf 83' lang='grc' dir='ltr'><strong><em>τῆν</em></strong></span> <span class='ocrx_word' id='word_1_31' title='bbox 908 649 1017 711; x_wconf 82' lang='grc' dir='ltr'><strong><em>ἕαυτιῦν</em></strong></span> <span class='ocrx_word' id='word_1_32' title='bbox 1033 650 1221 727; x_wconf 67' lang='grc' dir='ltr'><strong><em>βλασφημίαν</em></strong></span> <span class='ocrx_word' id='word_1_33' title='bbox 1236 650 1278 721; x_wconf 86' lang='grc' dir='ltr'><strong><em>εἰς</em></strong></span> <span class='ocrx_word' id='word_1_34' title='bbox 1292 644 1429 732; x_wconf 89' lang='grc' dir='ltr'><strong><em>ούρανόν</em></strong></span> 
     </span>
     <span class='ocr_line' id='line_1_6' title="bbox 276 745 1428 835; baseline -0.002 -19"><span class='ocrx_word' id='word_1_35' title='bbox 276 755 387 834; x_wconf 91' lang='grc' dir='ltr'><strong><em>δέχεται</em></strong></span> <span class='ocrx_word' id='word_1_36' title='bbox 402 752 454 833; x_wconf 80' lang='grc' dir='ltr'><strong><em>μὲν</em></strong></span> <span class='ocrx_word' id='word_1_37' title='bbox 474 750 506 815; x_wconf 91' lang='grc' dir='ltr'><strong><em>τό</em></strong></span> <span class='ocrx_word' id='word_1_38' title='bbox 522 750 644 835; x_wconf 87' lang='grc' dir='ltr'><strong><em>γύναιον</em></strong></span> <span class='ocrx_word' id='word_1_39' title='bbox 659 752 709 814; x_wconf 86' lang='grc' dir='ltr'><strong><em>καλ</em></strong></span> <span class='ocrx_word' id='word_1_40' title='bbox 732 747 749 814; x_wconf 92' lang='grc' dir='ltr'><strong><em>ό</em></strong></span> <span class='ocrx_word' id='word_1_41' title='bbox 768 748 843 834; x_wconf 81' lang='grc' dir='ltr'><strong><em>ἀνῆρ</em></strong></span> <span class='ocrx_word' id='word_1_42' title='bbox 857 748 912 831; x_wconf 89' lang='grc' dir='ltr'><strong><em>τῆν</em></strong></span> <span class='ocrx_word' id='word_1_43' title='bbox 925 747 1010 831; x_wconf 77' lang='grc' dir='ltr'><strong><em>ῥύσιν</em></strong></span> <span class='ocrx_word' id='word_1_44' title='bbox 1025 746 1079 828; x_wconf 80' lang='grc' dir='ltr'><strong><em>τῆν</em></strong></span> <span class='ocrx_word' id='word_1_45' title='bbox 1095 745 1154 811; x_wconf 85' lang='grc' dir='ltr'><strong><em>ἀπό</em></strong></span> <span class='ocrx_word' id='word_1_46' title='bbox 1171 755 1225 811; x_wconf 88' lang='grc' dir='ltr'><strong><em>τοῦ</em></strong></span> <span class='ocrx_word' id='word_1_47' title='bbox 1244 745 1366 832; x_wconf 88' lang='grc' dir='ltr'><strong><em>άρρενος</em></strong></span> <span class='ocrx_word' id='word_1_48' title='bbox 1382 753 1428 826; x_wconf 83' lang='grc' dir='ltr'><strong><em>είς</em></strong></span> 
     </span>
     <span class='ocr_line' id='line_1_7' title="bbox 277 847 1426 935; baseline 0 -19"><span class='ocrx_word' id='word_1_49' title='bbox 277 856 354 928; x_wconf 80' lang='grc' dir='ltr'><strong><em>ἰδίας</em></strong></span> <span class='ocrx_word' id='word_1_50' title='bbox 370 850 467 917; x_wconf 80' lang='grc' dir='ltr'><strong><em>αῦτιόν</em></strong></span> <span class='ocrx_word' id='word_1_51' title='bbox 482 861 590 934; x_wconf 88' lang='grc' dir='ltr'><strong><em>χεῖρας,</em></strong></span> <span class='ocrx_word' id='word_1_52' title='bbox 612 854 663 916; x_wconf 83' lang='grc' dir='ltr'><strong><em>καὶ</em></strong></span> <span class='ocrx_word' id='word_1_53' title='bbox 677 856 808 916; x_wconf 82' lang='grc' dir='ltr'><strong><em>ἵστανται</em></strong></span> <span class='ocrx_word' id='word_1_54' title='bbox 824 855 865 925; x_wconf 88' lang='grc' dir='ltr'><strong><em>είς</em></strong></span> <span class='ocrx_word' id='word_1_55' title='bbox 879 847 1008 934; x_wconf 86' lang='grc' dir='ltr'><strong><em>ούρανόν</em></strong></span> <span class='ocrx_word' id='word_1_56' title='bbox 1023 847 1240 927; x_wconf 87' lang='grc' dir='ltr'><strong><em>ἀνανεύσαντες,</em></strong></span> <span class='ocrx_word' id='word_1_57' title='bbox 1262 851 1311 914; x_wconf 81' lang='grc' dir='ltr'><strong><em>έπλ</em></strong></span> <span class='ocrx_word' id='word_1_58' title='bbox 1325 860 1426 935; x_wconf 84' lang='grc' dir='ltr'><strong><em>χεῖρας</em></strong></span> 
     </span>
     <span class='ocr_line' id='line_1_8' title="bbox 275 949 1425 1036; baseline -0.002 -17"><span class='ocrx_word' id='word_1_59' title='bbox 275 956 307 1019; x_wconf 82' lang='grc' dir='ltr'><strong><em>δὲ</em></strong></span> <span class='ocrx_word' id='word_1_60' title='bbox 325 956 435 1036; x_wconf 74' lang='grc' dir='ltr'><strong><em>ἔχοντες</em></strong></span> <span class='ocrx_word' id='word_1_61' title='bbox 450 953 505 1036; x_wconf 90' lang='grc' dir='ltr'><strong><em>τῆν</em></strong></span> <span class='ocrx_word' id='word_1_62' title='bbox 523 952 725 1036; x_wconf 90' lang='grc' dir='ltr'><strong><em>ἀκαθαρσίαν,</em></strong></span> <span class='ocrx_word' id='word_1_63' title='bbox 747 954 797 1016; x_wconf 86' lang='grc' dir='ltr'><strong><em>καὶ</em></strong></span> <span class='ocrx_word' id='word_1_64' title='bbox 813 949 945 1034; x_wconf 86' lang='grc' dir='ltr'><strong><em>εῦχονται</em></strong></span> <span class='ocrx_word' id='word_1_65' title='bbox 960 955 1071 1032; x_wconf 88' lang='grc' dir='ltr'><strong><em>δῆθεν,</em></strong></span> <span class='ocrx_word' id='word_1_66' title='bbox 1094 953 1125 1014; x_wconf 85' lang='grc' dir='ltr'><strong><em>οἱ</em></strong></span> <span class='ocrx_word' id='word_1_67' title='bbox 1141 951 1194 1032; x_wconf 83' lang='grc' dir='ltr'><strong><em>μὲν</em></strong></span> <span class='ocrx_word' id='word_1_68' title='bbox 1210 955 1425 1034; x_wconf 81' lang='grc' dir='ltr'><strong><em>Στρατιωτικολ</em></strong></span> 
     </span>
     <span class='ocr_line' id='line_1_9' title="bbox 275 1051 1421 1140; baseline -0.003 -20"><span class='ocrx_word' id='word_1_69' title='bbox 275 1056 449 1136; x_wconf 90' lang='grc' dir='ltr'><strong><em>καλούμενοι</em></strong></span> <span class='ocrx_word' id='word_1_70' title='bbox 463 1058 513 1119; x_wconf 86' lang='grc' dir='ltr'><strong><em>καὶ</em></strong></span> <span class='ocrx_word' id='word_1_71' title='bbox 528 1056 689 1120; x_wconf 84' lang='grc' dir='ltr'><strong><em>Γνωστικολ</em></strong></span> <span class='ocrx_word' id='word_1_72' title='bbox 704 1058 744 1140; x_wconf 75' lang='grc' dir='ltr'><strong><em>τῷ</em></strong></span> <span class='ocrx_word' id='word_1_73' title='bbox 764 1058 860 1136; x_wconf 89' lang='grc' dir='ltr'><strong><em>Πατρί</em></strong></span> <span class='ocrx_word' id='word_1_74' title='bbox 873 1072 947 1133; x_wconf 85' lang='grc' dir='ltr'><strong><em>φασι</em></strong></span> <span class='ocrx_word' id='word_1_75' title='bbox 962 1060 1021 1116; x_wconf 85' lang='grc' dir='ltr'><strong><em>τῶν</em></strong></span> <span class='ocrx_word' id='word_1_76' title='bbox 1034 1051 1120 1131; x_wconf 85' lang='grc' dir='ltr'><strong><em>όλων,</em></strong></span> <span class='ocrx_word' id='word_1_77' title='bbox 1142 1054 1354 1138; x_wconf 85' lang='grc' dir='ltr'><strong><em>προςφέροντες</em></strong></span> <span class='ocrx_word' id='word_1_78' title='bbox 1366 1051 1421 1117; x_wconf 83' lang='grc' dir='ltr'><strong><em>αύ-</em></strong></span> 
     </span>
     <span class='ocr_line' id='line_1_10' title="bbox 275 1151 1419 1238; baseline -0.001 -18"><span class='ocrx_word' id='word_1_79' title='bbox 275 1155 307 1221; x_wconf 89' lang='grc' dir='ltr'><strong><em>τδ</em></strong></span> <span class='ocrx_word' id='word_1_80' title='bbox 326 1155 359 1220; x_wconf 89' lang='grc' dir='ltr'><strong><em>τό</em></strong></span> <span class='ocrx_word' id='word_1_81' title='bbox 379 1157 428 1220; x_wconf 77' lang='grc' dir='ltr'><strong><em>ἐπὶ</em></strong></span> <span class='ocrx_word' id='word_1_82' title='bbox 445 1165 508 1230; x_wconf 89' lang='grc' dir='ltr'><strong><em>ταῖς</em></strong></span> <span class='ocrx_word' id='word_1_83' title='bbox 525 1157 618 1237; x_wconf 78' lang='grc' dir='ltr'><strong><em>χερσὶ,</em></strong></span> <span class='ocrx_word' id='word_1_84' title='bbox 648 1156 699 1218; x_wconf 86' lang='grc' dir='ltr'><strong><em>καλ</em></strong></span> <span class='ocrx_word' id='word_1_85' title='bbox 714 1155 861 1237; x_wconf 87' lang='grc' dir='ltr'><strong><em>λέγουσιν,</em></strong></span> <span class='ocrx_word' id='word_1_86' title='bbox 890 1151 1089 1236; x_wconf 82' lang='grc' dir='ltr'><strong><em>Ἀναφέρομέν</em></strong></span> <span class='ocrx_word' id='word_1_87' title='bbox 1105 1175 1151 1218; x_wconf 92' lang='grc' dir='ltr'><strong><em>σοι</em></strong></span> <span class='ocrx_word' id='word_1_88' title='bbox 1168 1161 1254 1219; x_wconf 92' lang='grc' dir='ltr'><strong><em>τοῦτο</em></strong></span> <span class='ocrx_word' id='word_1_89' title='bbox 1271 1157 1367 1238; x_wconf 78' lang='grc' dir='ltr'><strong><em>δῶρον</em></strong></span> <span class='ocrx_word' id='word_1_90' title='bbox 1384 1154 1419 1220; x_wconf 88' lang='grc' dir='ltr'><strong><em>τό</em></strong></span> 
     </span>
     <span class='ocr_line' id='line_1_11' title="bbox 275 1251 1420 1338; baseline -0.002 -16"><span class='ocrx_word' id='word_1_91' title='bbox 275 1263 358 1338; x_wconf 80' lang='grc' dir='ltr'><strong><em>στῦμα</em></strong></span> <span class='ocrx_word' id='word_1_92' title='bbox 378 1264 431 1321; x_wconf 87' lang='grc' dir='ltr'><strong><em>τοῦ</em></strong></span> <span class='ocrx_word' id='word_1_93' title='bbox 452 1263 596 1338; x_wconf 83' lang='grc' dir='ltr'><strong><em>Χριστοῦ·</em></strong></span> <span class='ocrx_word' id='word_1_94' title='bbox 629 1258 679 1318; x_wconf 84' lang='grc' dir='ltr'><strong><em>καί</em></strong></span> <span class='ocrx_word' id='word_1_95' title='bbox 701 1254 796 1329; x_wconf 88' lang='grc' dir='ltr'><strong><em>οῦτως</em></strong></span> <span class='ocrx_word' id='word_1_96' title='bbox 813 1251 882 1318; x_wconf 86' lang='grc' dir='ltr'><strong><em>αότό</em></strong></span> <span class='ocrx_word' id='word_1_97' title='bbox 903 1258 1051 1331; x_wconf 77' lang='grc' dir='ltr'><strong><em>ἐσθίουσι,</em></strong></span> <span class='ocrx_word' id='word_1_98' title='bbox 1082 1254 1348 1337; x_wconf 85' lang='grc' dir='ltr'><strong><em>μεταλαμβάνοντες</em></strong></span> <span class='ocrx_word' id='word_1_99' title='bbox 1367 1254 1420 1338; x_wconf 89' lang='grc' dir='ltr'><strong><em>τῆν</em></strong></span> 
     </span>
     <span class='ocr_line' id='line_1_12' title="bbox 275 1354 1418 1440; baseline 0 -17"><span class='ocrx_word' id='word_1_100' title='bbox 275 1361 386 1423; x_wconf 81' lang='grc' dir='ltr'><strong><em>ἓαυτῦν</em></strong></span> <span class='ocrx_word' id='word_1_101' title='bbox 403 1355 600 1440; x_wconf 89' lang='grc' dir='ltr'><strong><em>ἀκαθαρσίαν,</em></strong></span> <span class='ocrx_word' id='word_1_102' title='bbox 623 1360 673 1420; x_wconf 88' lang='grc' dir='ltr'><strong><em>καί</em></strong></span> <span class='ocrx_word' id='word_1_103' title='bbox 689 1379 773 1436; x_wconf 84' lang='grc' dir='ltr'><strong><em>(μασι,</em></strong></span> <span class='ocrx_word' id='word_1_104' title='bbox 801 1354 894 1420; x_wconf 89' lang='grc' dir='ltr'><strong><em>Τοῦτό</em></strong></span> <span class='ocrx_word' id='word_1_105' title='bbox 911 1358 969 1419; x_wconf 77' lang='grc' dir='ltr'><strong><em>ἐστι</em></strong></span> <span class='ocrx_word' id='word_1_106' title='bbox 984 1354 1017 1420; x_wconf 85' lang='grc' dir='ltr'><strong><em>τό</em></strong></span> <span class='ocrx_word' id='word_1_107' title='bbox 1036 1361 1119 1437; x_wconf 78' lang='grc' dir='ltr'><strong><em>σῶμα</em></strong></span> <span class='ocrx_word' id='word_1_108' title='bbox 1135 1363 1189 1420; x_wconf 91' lang='grc' dir='ltr'><strong><em>τοῦ</em></strong></span> <span class='ocrx_word' id='word_1_109' title='bbox 1206 1364 1346 1440; x_wconf 85' lang='grc' dir='ltr'><strong><em>Χριστοῦ,</em></strong></span> <span class='ocrx_word' id='word_1_110' title='bbox 1368 1361 1418 1423; x_wconf 89' lang='grc' dir='ltr'><strong><em>καλ</em></strong></span> 
     </span>
     <span class='ocr_line' id='line_1_13' title="bbox 274 1454 1420 1543; baseline 0.001 -19"><span class='ocrx_word' id='word_1_111' title='bbox 274 1457 361 1524; x_wconf 91' lang='grc' dir='ltr'><strong><em>τοῦτό</em></strong></span> <span class='ocrx_word' id='word_1_112' title='bbox 380 1462 439 1522; x_wconf 81' lang='grc' dir='ltr'><strong><em>ἐστι</em></strong></span> <span class='ocrx_word' id='word_1_113' title='bbox 454 1456 487 1523; x_wconf 90' lang='grc' dir='ltr'><strong><em>τό</em></strong></span> <span class='ocrx_word' id='word_1_114' title='bbox 505 1455 620 1539; x_wconf 89' lang='grc' dir='ltr'><strong><em>Πάσχα,</em></strong></span> <span class='ocrx_word' id='word_1_115' title='bbox 643 1456 689 1521; x_wconf 88' lang='grc' dir='ltr'><strong><em>διό</em></strong></span> <span class='ocrx_word' id='word_1_116' title='bbox 707 1456 806 1539; x_wconf 77' lang='grc' dir='ltr'><strong><em>πάσχει</em></strong></span> <span class='ocrx_word' id='word_1_117' title='bbox 821 1454 857 1521; x_wconf 86' lang='grc' dir='ltr'><strong><em>τά</em></strong></span> <span class='ocrx_word' id='word_1_118' title='bbox 872 1455 996 1539; x_wconf 85' lang='grc' dir='ltr'><strong><em>ῆμὲτερα</em></strong></span> <span class='ocrx_word' id='word_1_119' title='bbox 1013 1456 1141 1538; x_wconf 83' lang='grc' dir='ltr'><strong><em>σάματα,</em></strong></span> <span class='ocrx_word' id='word_1_120' title='bbox 1164 1459 1215 1521; x_wconf 85' lang='grc' dir='ltr'><strong><em>καλ</em></strong></span> <span class='ocrx_word' id='word_1_121' title='bbox 1231 1456 1420 1543; x_wconf 73' lang='grc' dir='ltr'><strong><em>ἀναγκάζεται</em></strong></span> 
     </span>
     <span class='ocr_line' id='line_1_14' title="bbox 276 1555 1419 1644; baseline 0.001 -20"><span class='ocrx_word' id='word_1_122' title='bbox 276 1558 428 1643; x_wconf 77' lang='grc' dir='ltr'><strong><em>ὁμολογεῖν</em></strong></span> <span class='ocrx_word' id='word_1_123' title='bbox 442 1559 475 1624; x_wconf 91' lang='grc' dir='ltr'><strong><em>τό</em></strong></span> <span class='ocrx_word' id='word_1_124' title='bbox 490 1557 590 1634; x_wconf 87' lang='grc' dir='ltr'><strong><em>πάθος</em></strong></span> <span class='ocrx_word' id='word_1_125' title='bbox 606 1566 659 1623; x_wconf 90' lang='grc' dir='ltr'><strong><em>τοῦ</em></strong></span> <span class='ocrx_word' id='word_1_126' title='bbox 678 1566 816 1642; x_wconf 89' lang='grc' dir='ltr'><strong><em>Χριστοῦ.</em></strong></span> <span class='ocrx_word' id='word_1_127' title='bbox 857 1555 1006 1633; x_wconf 79' lang='grc' dir='ltr'><strong><em>Ὡςαύτως</em></strong></span> <span class='ocrx_word' id='word_1_128' title='bbox 1022 1559 1053 1622; x_wconf 85' lang='grc' dir='ltr'><strong><em>δέ</em></strong></span> <span class='ocrx_word' id='word_1_129' title='bbox 1068 1560 1116 1623; x_wconf 82' lang='grc' dir='ltr'><strong><em>καί</em></strong></span> <span class='ocrx_word' id='word_1_130' title='bbox 1132 1557 1164 1624; x_wconf 90' lang='grc' dir='ltr'><strong><em>τό</em></strong></span> <span class='ocrx_word' id='word_1_131' title='bbox 1182 1556 1240 1623; x_wconf 85' lang='grc' dir='ltr'><strong><em>ἀπό</em></strong></span> <span class='ocrx_word' id='word_1_132' title='bbox 1255 1568 1307 1641; x_wconf 89' lang='grc' dir='ltr'><strong><em>τῆς</em></strong></span> <span class='ocrx_word' id='word_1_133' title='bbox 1320 1587 1419 1644; x_wconf 83' lang='grc' dir='ltr'><strong><em>γυναι-</em></strong></span> 
     </span>
     <span class='ocr_line' id='line_1_15' title="bbox 274 1658 1420 1744; baseline 0.002 -20"><span class='ocrx_word' id='word_1_134' title='bbox 274 1659 337 1738; x_wconf 87' lang='grc' dir='ltr'><strong><em>κός,</em></strong></span> <span class='ocrx_word' id='word_1_135' title='bbox 360 1663 430 1725; x_wconf 86' lang='grc' dir='ltr'><strong><em>όταν</em></strong></span> <span class='ocrx_word' id='word_1_136' title='bbox 442 1663 559 1744; x_wconf 83' lang='grc' dir='ltr'><strong><em>γένηται</em></strong></span> <span class='ocrx_word' id='word_1_137' title='bbox 573 1658 665 1741; x_wconf 84' lang='grc' dir='ltr'><strong><em>αῦτῆν</em></strong></span> <span class='ocrx_word' id='word_1_138' title='bbox 680 1662 816 1743; x_wconf 86' lang='grc' dir='ltr'><strong><em>γενέσθαι</em></strong></span> <span class='ocrx_word' id='word_1_139' title='bbox 831 1662 863 1724; x_wconf 86' lang='grc' dir='ltr'><strong><em>έν</em></strong></span> <span class='ocrx_word' id='word_1_140' title='bbox 876 1659 959 1743; x_wconf 74' lang='grc' dir='ltr'><strong><em>ῥύσει</em></strong></span> <span class='ocrx_word' id='word_1_141' title='bbox 971 1667 1024 1724; x_wconf 91' lang='grc' dir='ltr'><strong><em>τοῦ</em></strong></span> <span class='ocrx_word' id='word_1_142' title='bbox 1037 1664 1169 1741; x_wconf 72' lang='grc' dir='ltr'><strong><em>α’ίματος,</em></strong></span> <span class='ocrx_word' id='word_1_143' title='bbox 1191 1659 1223 1725; x_wconf 86' lang='grc' dir='ltr'><strong><em>τό</em></strong></span> <span class='ocrx_word' id='word_1_144' title='bbox 1239 1660 1420 1744; x_wconf 85' lang='grc' dir='ltr'><strong><em>καταμήνιον</em></strong></span> 
     </span>
     <span class='ocr_line' id='line_1_16' title="bbox 276 1759 1418 1851; baseline 0.002 -25"><span class='ocrx_word' id='word_1_145' title='bbox 276 1764 421 1844; x_wconf 80' lang='grc' dir='ltr'><strong><em>συναχθὲν</em></strong></span> <span class='ocrx_word' id='word_1_146' title='bbox 435 1760 509 1851; x_wconf 85' lang='grc' dir='ltr'><strong><em>αύτῆ</em></strong></span> <span class='ocrx_word' id='word_1_147' title='bbox 522 1759 594 1843; x_wconf 83' lang='grc' dir='ltr'><strong><em>αἷμα</em></strong></span> <span class='ocrx_word' id='word_1_148' title='bbox 609 1769 661 1843; x_wconf 87' lang='grc' dir='ltr'><strong><em>τῆς</em></strong></span> <span class='ocrx_word' id='word_1_149' title='bbox 673 1759 859 1843; x_wconf 85' lang='grc' dir='ltr'><strong><em>ἀκαθαρσίας</em></strong></span> <span class='ocrx_word' id='word_1_150' title='bbox 876 1759 1012 1837; x_wconf 73' lang='grc' dir='ltr'><strong><em>οδςαύτως</em></strong></span> <span class='ocrx_word' id='word_1_151' title='bbox 1025 1760 1162 1844; x_wconf 81' lang='grc' dir='ltr'><strong><em>λαβόντες</em></strong></span> <span class='ocrx_word' id='word_1_152' title='bbox 1174 1769 1259 1851; x_wconf 85' lang='grc' dir='ltr'><strong><em>κοινῆ</em></strong></span> <span class='ocrx_word' id='word_1_153' title='bbox 1273 1765 1418 1842; x_wconf 74' lang='grc' dir='ltr'><strong><em>ἐσθίουσι,</em></strong></span> 
     </span>
     <span class='ocr_line' id='line_1_17' title="bbox 276 1860 1073 1947; baseline 0 -20"><span class='ocrx_word' id='word_1_154' title='bbox 276 1865 342 1942; x_wconf 88' lang='grc' dir='ltr'><strong><em>καλ,</em></strong></span> <span class='ocrx_word' id='word_1_155' title='bbox 369 1871 478 1941; x_wconf 87' lang='grc' dir='ltr'><strong><em>Τοῦτο,</em></strong></span> <span class='ocrx_word' id='word_1_156' title='bbox 500 1866 608 1944; x_wconf 80' lang='grc' dir='ltr'><strong><em>φασὶν,</em></strong></span> <span class='ocrx_word' id='word_1_157' title='bbox 630 1865 690 1927; x_wconf 77' lang='grc' dir='ltr'><strong><em>ἐστὶ</em></strong></span> <span class='ocrx_word' id='word_1_158' title='bbox 709 1861 742 1927; x_wconf 88' lang='grc' dir='ltr'><strong><em>τό</em></strong></span> <span class='ocrx_word' id='word_1_159' title='bbox 765 1860 838 1944; x_wconf 91' lang='grc' dir='ltr'><strong><em>αίμα</em></strong></span> <span class='ocrx_word' id='word_1_160' title='bbox 858 1871 911 1927; x_wconf 90' lang='grc' dir='ltr'><strong><em>τοῦ</em></strong></span> <span class='ocrx_word' id='word_1_161' title='bbox 935 1870 1073 1947; x_wconf 85' lang='grc' dir='ltr'><strong><em>Χριστοῦ.</em></strong></span> 
     </span>
    </p>

    <p class='ocr_par' dir='ltr' id='par_1_4' title="bbox 272 1961 1418 2254">
     <span class='ocr_line' id='line_1_18' title="bbox 359 1961 1418 2050; baseline 0.003 -23"><span class='ocrx_word' id='word_1_162' title='bbox 359 1964 414 2030; x_wconf 87' lang='grc' dir='ltr'><strong><em>Διό</em></strong></span> <span class='ocrx_word' id='word_1_163' title='bbox 429 1968 479 2029; x_wconf 86' lang='grc' dir='ltr'><strong><em>καλ</em></strong></span> <span class='ocrx_word' id='word_1_164' title='bbox 494 1970 524 2031; x_wconf 84' lang='grc' dir='ltr'><strong><em>έν</em></strong></span> <span class='ocrx_word' id='word_1_165' title='bbox 537 1963 725 2049; x_wconf 80' lang='grc' dir='ltr'><strong><em>ἀποτρόφοις</em></strong></span> <span class='ocrx_word' id='word_1_166' title='bbox 738 1962 985 2049; x_wconf 77' lang='grc' dir='ltr'><strong><em>ἀναγινώσκοντες</em></strong></span> <span class='ocrx_word' id='word_1_167' title='bbox 998 1964 1052 2042; x_wconf 84' lang='grc' dir='ltr'><strong><em>ότι,</em></strong></span> <span class='ocrx_word' id='word_1_168' title='bbox 1076 1961 1171 2030; x_wconf 85' lang='grc' dir='ltr'><strong><em>Είδον</em></strong></span> <span class='ocrx_word' id='word_1_169' title='bbox 1186 1967 1309 2050; x_wconf 78' lang='grc' dir='ltr'><strong><em>δένδρον</em></strong></span> <span class='ocrx_word' id='word_1_170' title='bbox 1324 1965 1418 2050; x_wconf 80' lang='grc' dir='ltr'><strong><em>φέρον</em></strong></span> 
     </span>
     <span class='ocr_line' id='line_1_19' title="bbox 274 2063 1417 2152; baseline 0.002 -22"><span class='ocrx_word' id='word_1_171' title='bbox 274 2066 388 2132; x_wconf 84' lang='grc' dir='ltr'><strong><em>διόδεκα</em></strong></span> <span class='ocrx_word' id='word_1_172' title='bbox 401 2065 535 2152; x_wconf 86' lang='grc' dir='ltr'><strong><em>καρπούς</em></strong></span> <span class='ocrx_word' id='word_1_173' title='bbox 551 2073 603 2131; x_wconf 91' lang='grc' dir='ltr'><strong><em>τοῦ</em></strong></span> <span class='ocrx_word' id='word_1_174' title='bbox 620 2069 772 2144; x_wconf 80' lang='grc' dir='ltr'><strong><em>ἐνιαυτοῦ,</em></strong></span> <span class='ocrx_word' id='word_1_175' title='bbox 794 2069 844 2130; x_wconf 86' lang='grc' dir='ltr'><strong><em>καλ</em></strong></span> <span class='ocrx_word' id='word_1_176' title='bbox 861 2063 923 2130; x_wconf 81' lang='grc' dir='ltr'><strong><em>ελπέ</em></strong></span> <span class='ocrx_word' id='word_1_177' title='bbox 939 2092 1000 2147; x_wconf 90' lang='grc' dir='ltr'><strong><em>μοι,</em></strong></span> <span class='ocrx_word' id='word_1_178' title='bbox 1027 2065 1121 2131; x_wconf 90' lang='grc' dir='ltr'><strong><em>Τοῦτό</em></strong></span> <span class='ocrx_word' id='word_1_179' title='bbox 1139 2070 1199 2132; x_wconf 74' lang='grc' dir='ltr'><strong><em>ἔστι</em></strong></span> <span class='ocrx_word' id='word_1_180' title='bbox 1214 2065 1247 2132; x_wconf 88' lang='grc' dir='ltr'><strong><em>τό</em></strong></span> <span class='ocrx_word' id='word_1_181' title='bbox 1265 2067 1349 2144; x_wconf 82' lang='grc' dir='ltr'><strong><em>ξύλον</em></strong></span> <span class='ocrx_word' id='word_1_182' title='bbox 1363 2075 1417 2149; x_wconf 86' lang='grc' dir='ltr'><strong><em>τῆς</em></strong></span> 
     </span>
     <span class='ocr_line' id='line_1_20' title="bbox 272 2166 1417 2254; baseline -0.003 -19"><span class='ocrx_word' id='word_1_183' title='bbox 272 2176 362 2251; x_wconf 77' lang='grc' dir='ltr'><strong><em>ζωῆς,</em></strong></span> <span class='ocrx_word' id='word_1_184' title='bbox 392 2169 409 2233; x_wconf 86' lang='grc' dir='ltr'><strong><em>δ</em></strong></span> <span class='ocrx_word' id='word_1_185' title='bbox 431 2167 515 2233; x_wconf 84' lang='grc' dir='ltr'><strong><em>αύτοί</em></strong></span> <span class='ocrx_word' id='word_1_186' title='bbox 531 2167 739 2253; x_wconf 81' lang='grc' dir='ltr'><strong><em>ἀλληγοροῦσιν</em></strong></span> <span class='ocrx_word' id='word_1_187' title='bbox 763 2171 805 2242; x_wconf 81' lang='grc' dir='ltr'><strong><em>τίς</em></strong></span> <span class='ocrx_word' id='word_1_188' title='bbox 821 2166 875 2249; x_wconf 84' lang='grc' dir='ltr'><strong><em>τῆν</em></strong></span> <span class='ocrx_word' id='word_1_189' title='bbox 892 2166 966 2231; x_wconf 88' lang='grc' dir='ltr'><strong><em>κατά</em></strong></span> <span class='ocrx_word' id='word_1_190' title='bbox 983 2175 1061 2250; x_wconf 89' lang='grc' dir='ltr'><strong><em>μῆνα</em></strong></span> <span class='ocrx_word' id='word_1_191' title='bbox 1074 2171 1230 2252; x_wconf 73' lang='grc' dir='ltr'><strong><em>γινομένην</em></strong></span> <span class='ocrx_word' id='word_1_192' title='bbox 1248 2173 1417 2254; x_wconf 87' lang='grc' dir='ltr'><strong><em>γυναικείαν</em></strong></span> 
     </span>
    </p>
   </div>
   <div class='ocr_carea' id='block_1_4' title="bbox 160 2266 1416 2356">
    <p class='ocr_par' dir='ltr' id='par_1_5' title="bbox 160 2266 1416 2356">
     <span class='ocr_line' id='line_1_21' title="bbox 160 2266 1416 2356; baseline -0.002 -21"><span class='ocrx_word' id='word_1_193' title='bbox 160 2298 211 2344; x_wconf 70' lang='grc' dir='ltr'><strong><em>τις.</em></strong></span> <span class='ocrx_word' id='word_1_194' title='bbox 224 2285 256 2328; x_wconf 68' lang='lat'><strong><em>8²·</em></strong></span> <span class='ocrx_word' id='word_1_195' title='bbox 273 2272 366 2356; x_wconf 76' lang='grc' dir='ltr'><strong><em>ῥύσιν.</em></strong></span> <span class='ocrx_word' id='word_1_196' title='bbox 410 2269 593 2355; x_wconf 89' lang='grc' dir='ltr'><strong><em>Μισγόμενοι</em></strong></span> <span class='ocrx_word' id='word_1_197' title='bbox 613 2271 645 2334; x_wconf 85' lang='grc' dir='ltr'><strong><em>δέ</em></strong></span> <span class='ocrx_word' id='word_1_198' title='bbox 663 2267 720 2351; x_wconf 92' lang='grc' dir='ltr'><strong><em>μετ’</em></strong></span> <span class='ocrx_word' id='word_1_199' title='bbox 740 2266 869 2349; x_wconf 85' lang='grc' dir='ltr'><strong><em>ἀλλῆλων</em></strong></span> <span class='ocrx_word' id='word_1_200' title='bbox 884 2274 1068 2333; x_wconf 81' lang='grc' dir='ltr'><strong><em>τεκνοποιίαν</em></strong></span> <span class='ocrx_word' id='word_1_201' title='bbox 1084 2267 1323 2355; x_wconf 87' lang='grc' dir='ltr'><strong><em>ἀπαγορεύουσιν.</em></strong></span> <span class='ocrx_word' id='word_1_202' title='bbox 1369 2268 1416 2332; x_wconf 85' lang='grc' dir='ltr'><strong><em>Οά</em></strong></span> 
     </span>
    </p>
   </div>
   <div class='ocr_carea' id='block_1_5' title="bbox 266 2367 1413 4390">
    <p class='ocr_par' dir='ltr' id='par_1_6' title="bbox 266 2367 1413 4390">
     <span class='ocr_line' id='line_1_22' title="bbox 271 2367 1413 2459; baseline -0.004 -22"><span class='ocrx_word' id='word_1_203' title='bbox 271 2371 326 2459; x_wconf 87' lang='grc' dir='ltr'><strong><em>γάρ</em></strong></span> <span class='ocrx_word' id='word_1_204' title='bbox 343 2376 384 2447; x_wconf 88' lang='grc' dir='ltr'><strong><em>είς</em></strong></span> <span class='ocrx_word' id='word_1_205' title='bbox 399 2372 433 2438; x_wconf 88' lang='grc' dir='ltr'><strong><em>τό</em></strong></span> <span class='ocrx_word' id='word_1_206' title='bbox 448 2378 655 2452; x_wconf 88' lang='grc' dir='ltr'><strong><em>τεκνοποιῆσαι</em></strong></span> <span class='ocrx_word' id='word_1_207' title='bbox 671 2369 738 2453; x_wconf 89' lang='grc' dir='ltr'><strong><em>παρ’</em></strong></span> <span class='ocrx_word' id='word_1_208' title='bbox 757 2367 856 2444; x_wconf 86' lang='grc' dir='ltr'><strong><em>αύτοῖς</em></strong></span> <span class='ocrx_word' id='word_1_209' title='bbox 872 2367 892 2451; x_wconf 91' lang='grc' dir='ltr'><strong><em>ῆ</em></strong></span> <span class='ocrx_word' id='word_1_210' title='bbox 909 2369 1014 2454; x_wconf 80' lang='grc' dir='ltr'><strong><em>φθορά</em></strong></span> <span class='ocrx_word' id='word_1_211' title='bbox 1030 2370 1243 2451; x_wconf 83' lang='grc' dir='ltr'><strong><em>έσπούδασται,</em></strong></span> <span class='ocrx_word' id='word_1_212' title='bbox 1271 2368 1328 2435; x_wconf 88' lang='grc' dir='ltr'><strong><em>ἀλλ’</em></strong></span> <span class='ocrx_word' id='word_1_213' title='bbox 1343 2367 1413 2451; x_wconf 86' lang='grc' dir='ltr'><strong><em>ῆδο-</em></strong></span> 
     </span>
     <span class='ocr_line' id='line_1_23' title="bbox 271 2468 1411 2558; baseline -0.005 -18"><span class='ocrx_word' id='word_1_214' title='bbox 271 2483 325 2556; x_wconf 90' lang='grc' dir='ltr'><strong><em>νῆς</em></strong></span> <span class='ocrx_word' id='word_1_215' title='bbox 344 2473 444 2558; x_wconf 89' lang='grc' dir='ltr'><strong><em>χάριν,</em></strong></span> <span class='ocrx_word' id='word_1_216' title='bbox 474 2480 528 2537; x_wconf 86' lang='grc' dir='ltr'><strong><em>τοῦ</em></strong></span> <span class='ocrx_word' id='word_1_217' title='bbox 547 2472 688 2554; x_wconf 82' lang='grc' dir='ltr'><strong><em>διαβόλου</em></strong></span> <span class='ocrx_word' id='word_1_218' title='bbox 706 2475 896 2553; x_wconf 79' lang='grc' dir='ltr'><strong><em>ἐμπαίζοντας</em></strong></span> <span class='ocrx_word' id='word_1_219' title='bbox 912 2481 973 2547; x_wconf 86' lang='grc' dir='ltr'><strong><em>τοῖς</em></strong></span> <span class='ocrx_word' id='word_1_220' title='bbox 988 2470 1149 2552; x_wconf 88' lang='grc' dir='ltr'><strong><em>τοιούτοις,</em></strong></span> <span class='ocrx_word' id='word_1_221' title='bbox 1176 2475 1226 2538; x_wconf 83' lang='grc' dir='ltr'><strong><em>καλ</em></strong></span> <span class='ocrx_word' id='word_1_222' title='bbox 1241 2468 1411 2553; x_wconf 84' lang='grc' dir='ltr'><strong><em>καταχλευά-</em></strong></span> 
     </span>
     <span class='ocr_line' id='line_1_24' title="bbox 270 2571 1410 2657; baseline -0.004 -16"><span class='ocrx_word' id='word_1_223' title='bbox 270 2585 369 2655; x_wconf 83' lang='grc' dir='ltr'><strong><em>ζοντος</em></strong></span> <span class='ocrx_word' id='word_1_224' title='bbox 383 2573 416 2639; x_wconf 86' lang='grc' dir='ltr'><strong><em>τό</em></strong></span> <span class='ocrx_word' id='word_1_225' title='bbox 433 2578 465 2639; x_wconf 77' lang='grc' dir='ltr'><strong><em>ἐκ</em></strong></span> <span class='ocrx_word' id='word_1_226' title='bbox 478 2581 553 2638; x_wconf 84' lang='grc' dir='ltr'><strong><em>θεοῦ</em></strong></span> <span class='ocrx_word' id='word_1_227' title='bbox 569 2572 687 2654; x_wconf 89' lang='grc' dir='ltr'><strong><em>πλάσμα</em></strong></span> <span class='ocrx_word' id='word_1_228' title='bbox 699 2575 926 2654; x_wconf 78' lang='grc' dir='ltr'><strong><em>πεπλανημένον.</em></strong></span> <span class='ocrx_word' id='word_1_229' title='bbox 962 2571 1045 2637; x_wconf 84' lang='grc' dir='ltr'><strong><em>Ἀλλά</em></strong></span> <span class='ocrx_word' id='word_1_230' title='bbox 1059 2571 1113 2656; x_wconf 87' lang='grc' dir='ltr'><strong><em>τῆν</em></strong></span> <span class='ocrx_word' id='word_1_231' title='bbox 1128 2575 1180 2656; x_wconf 79' lang='grc' dir='ltr'><strong><em>μέν</em></strong></span> <span class='ocrx_word' id='word_1_232' title='bbox 1193 2571 1305 2657; x_wconf 80' lang='grc' dir='ltr'><strong><em>ῆδονῆν</em></strong></span> <span class='ocrx_word' id='word_1_233' title='bbox 1320 2575 1410 2637; x_wconf 82' lang='grc' dir='ltr'><strong><em>ἐπιτε-</em></strong></span> 
     </span>
     <span class='ocr_line' id='line_1_25' title="bbox 269 2672 1409 2760; baseline -0.004 -17"><span class='ocrx_word' id='word_1_234' title='bbox 269 2686 380 2756; x_wconf 87' lang='grc' dir='ltr'><strong><em>λοῦσιν,</em></strong></span> <span class='ocrx_word' id='word_1_235' title='bbox 403 2679 443 2750; x_wconf 81' lang='grc' dir='ltr'><strong><em>είς</em></strong></span> <span class='ocrx_word' id='word_1_236' title='bbox 457 2674 579 2749; x_wconf 87' lang='grc' dir='ltr'><strong><em>έαυτοῦς</em></strong></span> <span class='ocrx_word' id='word_1_237' title='bbox 592 2676 624 2738; x_wconf 78' lang='grc' dir='ltr'><strong><em>δὲ</em></strong></span> <span class='ocrx_word' id='word_1_238' title='bbox 640 2672 882 2756; x_wconf 78' lang='grc' dir='ltr'><strong><em>ἀπολαμβάνουσι</em></strong></span> <span class='ocrx_word' id='word_1_239' title='bbox 897 2674 933 2738; x_wconf 81' lang='grc' dir='ltr'><strong><em>τά</em></strong></span> <span class='ocrx_word' id='word_1_240' title='bbox 946 2682 1000 2756; x_wconf 87' lang='grc' dir='ltr'><strong><em>τῆς</em></strong></span> <span class='ocrx_word' id='word_1_241' title='bbox 1014 2673 1198 2760; x_wconf 87' lang='grc' dir='ltr'><strong><em>ἀκαθαρσίας</em></strong></span> <span class='ocrx_word' id='word_1_242' title='bbox 1213 2673 1311 2739; x_wconf 75' lang='grc' dir='ltr'><strong><em>αύτοῑν</em></strong></span> <span class='ocrx_word' id='word_1_243' title='bbox 1325 2675 1409 2756; x_wconf 83' lang='grc' dir='ltr'><strong><em>σπέρ·</em></strong></span> 
     </span>
     <span class='ocr_line' id='line_1_26' title="bbox 271 2773 1412 2861; baseline -0.002 -19"><span class='ocrx_word' id='word_1_244' title='bbox 271 2805 362 2861; x_wconf 85' lang='grc' dir='ltr'><strong><em>ματα,</em></strong></span> <span class='ocrx_word' id='word_1_245' title='bbox 391 2774 430 2859; x_wconf 83' lang='grc' dir='ltr'><strong><em>μῆ</em></strong></span> <span class='ocrx_word' id='word_1_246' title='bbox 447 2779 489 2851; x_wconf 86' lang='grc' dir='ltr'><strong><em>είς</em></strong></span> <span class='ocrx_word' id='word_1_247' title='bbox 504 2780 689 2859; x_wconf 90' lang='grc' dir='ltr'><strong><em>τεκνογονίαν</em></strong></span> <span class='ocrx_word' id='word_1_248' title='bbox 705 2775 963 2858; x_wconf 88' lang='grc' dir='ltr'><strong><em>καταβαλλόμενοι,</em></strong></span> <span class='ocrx_word' id='word_1_249' title='bbox 990 2774 1061 2841; x_wconf 84' lang='grc' dir='ltr'><strong><em>ἀλλά</em></strong></span> <span class='ocrx_word' id='word_1_250' title='bbox 1078 2776 1164 2844; x_wconf 86' lang='grc' dir='ltr'><strong><em>αύτολ</em></strong></span> <span class='ocrx_word' id='word_1_251' title='bbox 1180 2774 1213 2843; x_wconf 92' lang='grc' dir='ltr'><strong><em>τό</em></strong></span> <span class='ocrx_word' id='word_1_252' title='bbox 1230 2783 1282 2859; x_wconf 90' lang='grc' dir='ltr'><strong><em>τῆς</em></strong></span> <span class='ocrx_word' id='word_1_253' title='bbox 1297 2773 1412 2860; x_wconf 79' lang='grc' dir='ltr'><strong><em>αἰσχρό-</em></strong></span> 
     </span>
     <span class='ocr_line' id='line_1_27' title="bbox 270 2875 1413 2966; baseline 0 -24"><span class='ocrx_word' id='word_1_254' title='bbox 270 2904 356 2960; x_wconf 81' lang='grc' dir='ltr'><strong><em>τητος</em></strong></span> <span class='ocrx_word' id='word_1_255' title='bbox 373 2881 530 2953; x_wconf 79' lang='grc' dir='ltr'><strong><em>ἐσθίοντες.</em></strong></span> <span class='ocrx_word' id='word_1_256' title='bbox 570 2876 640 2942; x_wconf 81' lang='grc' dir='ltr'><strong><em>Ἐάν</em></strong></span> <span class='ocrx_word' id='word_1_257' title='bbox 659 2879 690 2942; x_wconf 77' lang='grc' dir='ltr'><strong><em>δὲ</em></strong></span> <span class='ocrx_word' id='word_1_258' title='bbox 703 2880 750 2942; x_wconf 89' lang='grc' dir='ltr'><strong><em>καλ</em></strong></span> <span class='ocrx_word' id='word_1_259' title='bbox 767 2885 931 2966; x_wconf 80' lang='grc' dir='ltr'><strong><em>προληφθῆ</em></strong></span> <span class='ocrx_word' id='word_1_260' title='bbox 947 2904 992 2952; x_wconf 88' lang='grc' dir='ltr'><strong><em>τις</em></strong></span> <span class='ocrx_word' id='word_1_261' title='bbox 1007 2875 1104 2943; x_wconf 85' lang='grc' dir='ltr'><strong><em>αύτῶν</em></strong></span> <span class='ocrx_word' id='word_1_262' title='bbox 1121 2881 1343 2964; x_wconf 75' lang='grc' dir='ltr'><strong><em>ἐγκατασπεῖραι</em></strong></span> <span class='ocrx_word' id='word_1_263' title='bbox 1359 2876 1413 2960; x_wconf 83' lang='grc' dir='ltr'><strong><em>τῆν</em></strong></span> 
     </span>
     <span class='ocr_line' id='line_1_28' title="bbox 269 2977 1411 3071; baseline -0.002 -25"><span class='ocrx_word' id='word_1_264' title='bbox 269 2978 433 3062; x_wconf 88' lang='grc' dir='ltr'><strong><em>καταβολῆν</em></strong></span> <span class='ocrx_word' id='word_1_265' title='bbox 450 2987 501 3061; x_wconf 89' lang='grc' dir='ltr'><strong><em>τῆς</em></strong></span> <span class='ocrx_word' id='word_1_266' title='bbox 516 2978 591 3044; x_wconf 85' lang='grc' dir='ltr'><strong><em>κατά</em></strong></span> <span class='ocrx_word' id='word_1_267' title='bbox 604 2979 694 3058; x_wconf 85' lang='grc' dir='ltr'><strong><em>φύσιν</em></strong></span> <span class='ocrx_word' id='word_1_268' title='bbox 709 2978 807 3044; x_wconf 83' lang='grc' dir='ltr'><strong><em>αῦτῦν</em></strong></span> <span class='ocrx_word' id='word_1_269' title='bbox 823 2977 1002 3065; x_wconf 88' lang='grc' dir='ltr'><strong><em>ἀπορροίας,</em></strong></span> <span class='ocrx_word' id='word_1_270' title='bbox 1024 2982 1075 3044; x_wconf 89' lang='grc' dir='ltr'><strong><em>καλ</em></strong></span> <span class='ocrx_word' id='word_1_271' title='bbox 1089 2980 1275 3071; x_wconf 79' lang='grc' dir='ltr'><strong><em>ίγκυμονῆσῆ</em></strong></span> <span class='ocrx_word' id='word_1_272' title='bbox 1290 2978 1310 3063; x_wconf 83' lang='grc' dir='ltr'><strong><em>ῆ</em></strong></span> <span class='ocrx_word' id='word_1_273' title='bbox 1326 2977 1411 3066; x_wconf 81' lang='grc' dir='ltr'><strong><em>γυνῆ,</em></strong></span> 
     </span>
     <span class='ocr_line' id='line_1_29' title="bbox 269 3079 1413 3168; baseline 0.002 -22"><span class='ocrx_word' id='word_1_274' title='bbox 269 3085 297 3146; x_wconf 89' lang='grc' dir='ltr'><strong><em>τί</em></strong></span> <span class='ocrx_word' id='word_1_275' title='bbox 312 3079 474 3166; x_wconf 88' lang='grc' dir='ltr'><strong><em>δεινότερον</em></strong></span> <span class='ocrx_word' id='word_1_276' title='bbox 490 3089 632 3163; x_wconf 80' lang='grc' dir='ltr'><strong><em>τολμῶσιν</em></strong></span> <span class='ocrx_word' id='word_1_277' title='bbox 650 3086 680 3146; x_wconf 91' lang='grc' dir='ltr'><strong><em>οί</em></strong></span> <span class='ocrx_word' id='word_1_278' title='bbox 691 3089 819 3146; x_wconf 91' lang='grc' dir='ltr'><strong><em>τοιοῦτοι</em></strong></span> <span class='ocrx_word' id='word_1_279' title='bbox 834 3080 932 3146; x_wconf 84' lang='grc' dir='ltr'><strong><em>ἀκονε.</em></strong></span> <span class='ocrx_word' id='word_1_280' title='bbox 977 3081 1225 3158; x_wconf 85' lang='grc' dir='ltr'><strong><em>Κατασπάσαντες</em></strong></span> <span class='ocrx_word' id='word_1_281' title='bbox 1240 3082 1295 3168; x_wconf 81' lang='grc' dir='ltr'><strong><em>γάρ</em></strong></span> <span class='ocrx_word' id='word_1_282' title='bbox 1312 3081 1345 3148; x_wconf 92' lang='grc' dir='ltr'><strong><em>τό</em></strong></span> <span class='ocrx_word' id='word_1_283' title='bbox 1362 3085 1413 3164; x_wconf 79' lang='grc' dir='ltr'><strong><em>έμ·</em></strong></span> 
     </span>
     <span class='ocr_line' id='line_1_30' title="bbox 269 3181 1412 3271; baseline -0.002 -23"><span class='ocrx_word' id='word_1_284' title='bbox 269 3188 373 3268; x_wconf 89' lang='grc' dir='ltr'><strong><em>βρυον,</em></strong></span> <span class='ocrx_word' id='word_1_285' title='bbox 393 3191 487 3271; x_wconf 77' lang='grc' dir='ltr'><strong><em>καιρῷ</em></strong></span> <span class='ocrx_word' id='word_1_286' title='bbox 502 3187 554 3271; x_wconf 75' lang='grc' dir='ltr'><strong><em>οἵῳ</em></strong></span> <span class='ocrx_word' id='word_1_287' title='bbox 571 3182 596 3247; x_wconf 82' lang='grc' dir='ltr'><strong><em>δ’</em></strong></span> <span class='ocrx_word' id='word_1_288' title='bbox 611 3182 649 3247; x_wconf 82' lang='grc' dir='ltr'><strong><em>ἀν</em></strong></span> <span class='ocrx_word' id='word_1_289' title='bbox 664 3182 877 3267; x_wconf 76' lang='grc' dir='ltr'><strong><em>ἐπιχειρήσωσι,</em></strong></span> <span class='ocrx_word' id='word_1_290' title='bbox 898 3182 1097 3266; x_wconf 84' lang='grc' dir='ltr'><strong><em>λαμβάνουσιν</em></strong></span> <span class='ocrx_word' id='word_1_291' title='bbox 1112 3185 1261 3266; x_wconf 78' lang='grc' dir='ltr'><strong><em>ἐκτρωθέν</em></strong></span> <span class='ocrx_word' id='word_1_292' title='bbox 1276 3191 1362 3249; x_wconf 88' lang='grc' dir='ltr'><strong><em>τοῦτο</em></strong></span> <span class='ocrx_word' id='word_1_293' title='bbox 1378 3181 1412 3247; x_wconf 89' lang='grc' dir='ltr'><strong><em>τό</em></strong></span> 
     </span>
     <span class='ocr_line' id='line_1_31' title="bbox 268 3283 1411 3374; baseline -0.003 -23"><span class='ocrx_word' id='word_1_294' title='bbox 268 3289 395 3372; x_wconf 84' lang='grc' dir='ltr'><strong><em>βρέφος,</em></strong></span> <span class='ocrx_word' id='word_1_295' title='bbox 417 3288 447 3350; x_wconf 82' lang='grc' dir='ltr'><strong><em>έν</em></strong></span> <span class='ocrx_word' id='word_1_296' title='bbox 468 3284 569 3373; x_wconf 77' lang='grc' dir='ltr'><strong><em>Ιόλμῳ</em></strong></span> <span class='ocrx_word' id='word_1_297' title='bbox 586 3286 642 3349; x_wconf 84' lang='grc' dir='ltr'><strong><em>τινὶ</em></strong></span> <span class='ocrx_word' id='word_1_298' title='bbox 656 3284 817 3350; x_wconf 88' lang='grc' dir='ltr'><strong><em>κόπτουσιν</em></strong></span> <span class='ocrx_word' id='word_1_299' title='bbox 833 3283 944 3374; x_wconf 80' lang='grc' dir='ltr'><strong><em>ῦπέρῳ,</em></strong></span> <span class='ocrx_word' id='word_1_300' title='bbox 966 3288 1016 3349; x_wconf 81' lang='grc' dir='ltr'><strong><em>καί</em></strong></span> <span class='ocrx_word' id='word_1_301' title='bbox 1032 3288 1268 3370; x_wconf 80' lang='grc' dir='ltr'><strong><em>έγκαταμίξαντες</em></strong></span> <span class='ocrx_word' id='word_1_302' title='bbox 1283 3286 1345 3366; x_wconf 88' lang='grc' dir='ltr'><strong><em>μέλι</em></strong></span> <span class='ocrx_word' id='word_1_303' title='bbox 1360 3284 1411 3348; x_wconf 78' lang='grc' dir='ltr'><strong><em>καί</em></strong></span> 
     </span>
     <span class='ocr_line' id='line_1_32' title="bbox 268 3381 1410 3472; baseline -0.003 -21"><span class='ocrx_word' id='word_1_304' title='bbox 268 3389 371 3472; x_wconf 89' lang='grc' dir='ltr'><strong><em>πέπερι</em></strong></span> <span class='ocrx_word' id='word_1_305' title='bbox 387 3389 437 3453; x_wconf 85' lang='grc' dir='ltr'><strong><em>καὶ</em></strong></span> <span class='ocrx_word' id='word_1_306' title='bbox 455 3385 524 3451; x_wconf 81' lang='grc' dir='ltr'><strong><em>ἀλλα</em></strong></span> <span class='ocrx_word' id='word_1_307' title='bbox 539 3384 603 3451; x_wconf 87' lang='grc' dir='ltr'><strong><em>τινά</em></strong></span> <span class='ocrx_word' id='word_1_308' title='bbox 620 3384 759 3471; x_wconf 77' lang='grc' dir='ltr'><strong><em>ἀρώματα</em></strong></span> <span class='ocrx_word' id='word_1_309' title='bbox 775 3388 824 3451; x_wconf 79' lang='grc' dir='ltr'><strong><em>καί</em></strong></span> <span class='ocrx_word' id='word_1_310' title='bbox 842 3396 936 3472; x_wconf 91' lang='grc' dir='ltr'><strong><em>μῦρα,</em></strong></span> <span class='ocrx_word' id='word_1_311' title='bbox 959 3385 1035 3472; x_wconf 90' lang='grc' dir='ltr'><strong><em>πρός</em></strong></span> <span class='ocrx_word' id='word_1_312' title='bbox 1049 3386 1082 3453; x_wconf 87' lang='grc' dir='ltr'><strong><em>τό</em></strong></span> <span class='ocrx_word' id='word_1_313' title='bbox 1100 3385 1140 3470; x_wconf 90' lang='grc' dir='ltr'><strong><em>μῆ</em></strong></span> <span class='ocrx_word' id='word_1_314' title='bbox 1157 3392 1277 3451; x_wconf 81' lang='grc' dir='ltr'><strong><em>ναυτιᾶν</em></strong></span> <span class='ocrx_word' id='word_1_315' title='bbox 1291 3381 1410 3463; x_wconf 84' lang='grc' dir='ltr'><strong><em>αύτούς,</em></strong></span> 
     </span>
     <span class='ocr_line' id='line_1_33' title="bbox 270 3486 1411 3574; baseline -0.002 -22"><span class='ocrx_word' id='word_1_316' title='bbox 270 3486 363 3565; x_wconf 86' lang='grc' dir='ltr'><strong><em>οῦτως</em></strong></span> <span class='ocrx_word' id='word_1_317' title='bbox 381 3491 573 3573; x_wconf 85' lang='grc' dir='ltr'><strong><em>συναχθέντες</em></strong></span> <span class='ocrx_word' id='word_1_318' title='bbox 588 3486 694 3564; x_wconf 87' lang='grc' dir='ltr'><strong><em>πάντες</em></strong></span> <span class='ocrx_word' id='word_1_319' title='bbox 717 3491 772 3553; x_wconf 64' lang='grc' dir='ltr'><strong><em>2οί</em></strong></span> <span class='ocrx_word' id='word_1_320' title='bbox 785 3496 898 3571; x_wconf 85' lang='grc' dir='ltr'><strong><em>τελετῆς</em></strong></span> <span class='ocrx_word' id='word_1_321' title='bbox 916 3497 975 3554; x_wconf 83' lang='grc' dir='ltr'><strong><em>τῶν</em></strong></span> <span class='ocrx_word' id='word_1_322' title='bbox 991 3494 1099 3574; x_wconf 82' lang='grc' dir='ltr'><strong><em>χοίρων</em></strong></span> <span class='ocrx_word' id='word_1_323' title='bbox 1112 3487 1224 3554; x_wconf 87' lang='grc' dir='ltr'><strong><em>τούτων</em></strong></span> <span class='ocrx_word' id='word_1_324' title='bbox 1244 3487 1295 3553; x_wconf 85' lang='grc' dir='ltr'><strong><em>καλ</em></strong></span> <span class='ocrx_word' id='word_1_325' title='bbox 1311 3492 1411 3551; x_wconf 82' lang='grc' dir='ltr'><strong><em>κυνῦν</em></strong></span> 
     </span>
     <span class='ocr_line' id='line_1_34' title="bbox 268 3588 1412 3680; baseline 0.002 -28"><span class='ocrx_word' id='word_1_326' title='bbox 268 3598 412 3657; x_wconf 82' lang='grc' dir='ltr'><strong><em>θιασῶται</em></strong></span> <span class='ocrx_word' id='word_1_327' title='bbox 427 3589 697 3675; x_wconf 86' lang='grc' dir='ltr'><strong><em>μεταλαμβάνουσιν</em></strong></span> <span class='ocrx_word' id='word_1_328' title='bbox 708 3592 829 3666; x_wconf 76' lang='grc' dir='ltr'><strong><em>ἕκαστος</em></strong></span> <span class='ocrx_word' id='word_1_329' title='bbox 843 3599 883 3678; x_wconf 79' lang='grc' dir='ltr'><strong><em>τῷ</em></strong></span> <span class='ocrx_word' id='word_1_330' title='bbox 899 3590 1032 3680; x_wconf 79' lang='grc' dir='ltr'><strong><em>δακτύλῳ</em></strong></span> <span class='ocrx_word' id='word_1_331' title='bbox 1051 3588 1110 3656; x_wconf 85' lang='grc' dir='ltr'><strong><em>ἀπό</em></strong></span> <span class='ocrx_word' id='word_1_332' title='bbox 1126 3597 1180 3655; x_wconf 89' lang='grc' dir='ltr'><strong><em>τοῦ</em></strong></span> <span class='ocrx_word' id='word_1_333' title='bbox 1195 3589 1412 3664; x_wconf 81' lang='grc' dir='ltr'><strong><em>κατακοπέντας</em></strong></span> 
     </span>
     <span class='ocr_line' id='line_1_35' title="bbox 269 3689 1411 3778; baseline 0.004 -27"><span class='ocrx_word' id='word_1_334' title='bbox 269 3694 401 3759; x_wconf 85' lang='grc' dir='ltr'><strong><em>παιδίου.</em></strong></span> <span class='ocrx_word' id='word_1_335' title='bbox 448 3697 508 3760; x_wconf 87' lang='grc' dir='ltr'><strong><em>Καλ</em></strong></span> <span class='ocrx_word' id='word_1_336' title='bbox 524 3691 617 3767; x_wconf 86' lang='grc' dir='ltr'><strong><em>οῦτως</em></strong></span> <span class='ocrx_word' id='word_1_337' title='bbox 630 3690 684 3774; x_wconf 90' lang='grc' dir='ltr'><strong><em>τῆν</em></strong></span> <span class='ocrx_word' id='word_1_338' title='bbox 696 3689 943 3778; x_wconf 85' lang='grc' dir='ltr'><strong><em>άνθρωποβορίαν</em></strong></span> <span class='ocrx_word' id='word_1_339' title='bbox 957 3691 1193 3778; x_wconf 85' lang='grc' dir='ltr'><strong><em>ἀπεργασάμενοι</em></strong></span> <span class='ocrx_word' id='word_1_340' title='bbox 1206 3689 1338 3775; x_wconf 87' lang='grc' dir='ltr'><strong><em>εῦχονται</em></strong></span> <span class='ocrx_word' id='word_1_341' title='bbox 1352 3699 1411 3756; x_wconf 81' lang='grc' dir='ltr'><strong><em>λοι·</em></strong></span> 
     </span>
     <span class='ocr_line' id='line_1_36' title="bbox 268 3786 1412 3882; baseline 0.003 -29"><span class='ocrx_word' id='word_1_342' title='bbox 268 3786 328 3853; x_wconf 88' lang='grc' dir='ltr'><strong><em>πόν</em></strong></span> <span class='ocrx_word' id='word_1_343' title='bbox 344 3799 383 3877; x_wconf 80' lang='grc' dir='ltr'><strong><em>τῷ</em></strong></span> <span class='ocrx_word' id='word_1_344' title='bbox 397 3801 474 3881; x_wconf 78' lang='grc' dir='ltr'><strong><em>θεῷ,</em></strong></span> <span class='ocrx_word' id='word_1_345' title='bbox 503 3795 563 3874; x_wconf 85' lang='grc' dir='ltr'><strong><em>ότι,</em></strong></span> <span class='ocrx_word' id='word_1_346' title='bbox 594 3791 657 3858; x_wconf 87' lang='grc' dir='ltr'><strong><em>Οῦιι</em></strong></span> <span class='ocrx_word' id='word_1_347' title='bbox 674 3797 902 3877; x_wconf 79' lang='grc' dir='ltr'><strong><em>ένεπαίχθῆμεν,</em></strong></span> <span class='ocrx_word' id='word_1_348' title='bbox 924 3796 1030 3875; x_wconf 84' lang='grc' dir='ltr'><strong><em>φασίν,</em></strong></span> <span class='ocrx_word' id='word_1_349' title='bbox 1051 3792 1111 3859; x_wconf 87' lang='grc' dir='ltr'><strong><em>ἀπό</em></strong></span> <span class='ocrx_word' id='word_1_350' title='bbox 1127 3792 1348 3882; x_wconf 80' lang='grc' dir='ltr'><strong><em>τοῦ”Αρχοντος</em></strong></span> <span class='ocrx_word' id='word_1_351' title='bbox 1360 3800 1412 3876; x_wconf 86' lang='grc' dir='ltr'><strong><em>τῆς</em></strong></span> 
     </span>
     <span class='ocr_line' id='line_1_37' title="bbox 269 3893 1413 3980; baseline 0.004 -25"><span class='ocrx_word' id='word_1_352' title='bbox 269 3893 443 3971; x_wconf 74' lang='grc' dir='ltr'><strong><em>ἐπιθυμίας,</em></strong></span> <span class='ocrx_word' id='word_1_353' title='bbox 465 3893 535 3960; x_wconf 83' lang='grc' dir='ltr'><strong><em>ἀλλά</em></strong></span> <span class='ocrx_word' id='word_1_354' title='bbox 553 3897 738 3979; x_wconf 82' lang='grc' dir='ltr'><strong><em>σννελέξαμεν</em></strong></span> <span class='ocrx_word' id='word_1_355' title='bbox 755 3894 991 3980; x_wconf 83' lang='grc' dir='ltr'><strong><em>τόπαρόπτωμα</em></strong></span> <span class='ocrx_word' id='word_1_356' title='bbox 1008 3903 1063 3961; x_wconf 89' lang='grc' dir='ltr'><strong><em>τοῦ</em></strong></span> <span class='ocrx_word' id='word_1_357' title='bbox 1081 3893 1224 3978; x_wconf 81' lang='grc' dir='ltr'><strong><em>ἀδελφοῦ·</em></strong></span> <span class='ocrx_word' id='word_1_358' title='bbox 1250 3899 1302 3963; x_wconf 85' lang='grc' dir='ltr'><strong><em>καλ</em></strong></span> <span class='ocrx_word' id='word_1_359' title='bbox 1318 3900 1413 3978; x_wconf 82' lang='grc' dir='ltr'><strong><em>δῆθεν</em></strong></span> 
     </span>
     <span class='ocr_line' id='line_1_38' title="bbox 267 3989 1410 4083; baseline 0.004 -26"><span class='ocrx_word' id='word_1_360' title='bbox 267 3998 353 4058; x_wconf 91' lang='grc' dir='ltr'><strong><em>τοῦτο</em></strong></span> <span class='ocrx_word' id='word_1_361' title='bbox 370 3989 403 4055; x_wconf 87' lang='grc' dir='ltr'><strong><em>τό</em></strong></span> <span class='ocrx_word' id='word_1_362' title='bbox 421 3994 524 4059; x_wconf 88' lang='grc' dir='ltr'><strong><em>τέλειον</em></strong></span> <span class='ocrx_word' id='word_1_363' title='bbox 541 3995 647 4079; x_wconf 88' lang='grc' dir='ltr'><strong><em>Πάσχα</em></strong></span> <span class='ocrx_word' id='word_1_364' title='bbox 663 3996 811 4083; x_wconf 91' lang='grc' dir='ltr'><strong><em>ῆγοῦνται.</em></strong></span> <span class='ocrx_word' id='word_1_365' title='bbox 845 3995 935 4061; x_wconf 77' lang='grc' dir='ltr'><strong><em>’Ἀλλα</em></strong></span> <span class='ocrx_word' id='word_1_366' title='bbox 949 3999 981 4062; x_wconf 81' lang='grc' dir='ltr'><strong><em>δέ</em></strong></span> <span class='ocrx_word' id='word_1_367' title='bbox 996 3997 1050 4063; x_wconf 79' lang='grc' dir='ltr'><strong><em>ὅσα</em></strong></span> <span class='ocrx_word' id='word_1_368' title='bbox 1064 3996 1146 4063; x_wconf 81' lang='grc' dir='ltr'><strong><em>δεινά</em></strong></span> <span class='ocrx_word' id='word_1_369' title='bbox 1161 3996 1263 4075; x_wconf 85' lang='grc' dir='ltr'><strong><em>αύτοῖς</em></strong></span> <span class='ocrx_word' id='word_1_370' title='bbox 1276 3995 1410 4075; x_wconf 78' lang='grc' dir='ltr'><strong><em>τετόλμη-</em></strong></span> 
     </span>
     <span class='ocr_line' id='line_1_39' title="bbox 266 4092 1411 4184; baseline 0 -26"><span class='ocrx_word' id='word_1_371' title='bbox 266 4121 322 4159; x_wconf 90' lang='grc' dir='ltr'><strong><em>ται.</em></strong></span> <span class='ocrx_word' id='word_1_372' title='bbox 357 4092 452 4159; x_wconf 85' lang='grc' dir='ltr'><strong><em>Ὅταν</em></strong></span> <span class='ocrx_word' id='word_1_373' title='bbox 467 4094 522 4180; x_wconf 82' lang='grc' dir='ltr'><strong><em>γάρ</em></strong></span> <span class='ocrx_word' id='word_1_374' title='bbox 537 4095 626 4162; x_wconf 86' lang='grc' dir='ltr'><strong><em>πόλιν</em></strong></span> <span class='ocrx_word' id='word_1_375' title='bbox 639 4101 778 4181; x_wconf 76' lang='grc' dir='ltr'><strong><em>ἐμμανεῖς</em></strong></span> <span class='ocrx_word' id='word_1_376' title='bbox 792 4101 824 4164; x_wconf 78' lang='grc' dir='ltr'><strong><em>ἐν</em></strong></span> <span class='ocrx_word' id='word_1_377' title='bbox 838 4099 952 4174; x_wconf 77' lang='grc' dir='ltr'><strong><em>ἑαυτοῖς</em></strong></span> <span class='ocrx_word' id='word_1_378' title='bbox 965 4100 1121 4184; x_wconf 86' lang='grc' dir='ltr'><strong><em>γένωνται,</em></strong></span> <span class='ocrx_word' id='word_1_379' title='bbox 1143 4098 1287 4184; x_wconf 86' lang='grc' dir='ltr'><strong><em>φύραντες</em></strong></span> <span class='ocrx_word' id='word_1_380' title='bbox 1300 4099 1411 4162; x_wconf 82' lang='grc' dir='ltr'><strong><em>ἕαυτιῦν</em></strong></span> 
     </span>
     <span class='ocr_line' id='line_1_40' title="bbox 266 4191 1409 4289; baseline -0.002 -29"><span class='ocrx_word' id='word_1_381' title='bbox 266 4195 319 4272; x_wconf 86' lang='grc' dir='ltr'><strong><em>τάς</em></strong></span> <span class='ocrx_word' id='word_1_382' title='bbox 338 4206 434 4282; x_wconf 83' lang='grc' dir='ltr'><strong><em>χεῖρας</em></strong></span> <span class='ocrx_word' id='word_1_383' title='bbox 452 4203 504 4278; x_wconf 87' lang='grc' dir='ltr'><strong><em>τῆς</em></strong></span> <span class='ocrx_word' id='word_1_384' title='bbox 523 4200 638 4263; x_wconf 77' lang='grc' dir='ltr'><strong><em>ἕαντοῖν</em></strong></span> <span class='ocrx_word' id='word_1_385' title='bbox 658 4199 846 4284; x_wconf 86' lang='grc' dir='ltr'><strong><em>αίσχρότητος</em></strong></span> <span class='ocrx_word' id='word_1_386' title='bbox 864 4207 902 4289; x_wconf 82' lang='grc' dir='ltr'><strong><em>τῆ</em></strong></span> <span class='ocrx_word' id='word_1_387' title='bbox 918 4198 1065 4289; x_wconf 81' lang='grc' dir='ltr'><strong><em>ἀπορροίμ</em></strong></span> <span class='ocrx_word' id='word_1_388' title='bbox 1082 4203 1255 4287; x_wconf 71' lang='grc' dir='ltr'><strong><em>ἐγείρονται,</em></strong></span> <span class='ocrx_word' id='word_1_389' title='bbox 1282 4198 1334 4262; x_wconf 86' lang='grc' dir='ltr'><strong><em>καλ</em></strong></span> <span class='ocrx_word' id='word_1_390' title='bbox 1355 4191 1409 4271; x_wconf 85' lang='grc' dir='ltr'><strong><em>τός</em></strong></span> 
     </span>
     <span class='ocr_line' id='line_1_41' title="bbox 267 4295 1408 4390; baseline 0.003 -29"><span class='ocrx_word' id='word_1_391' title='bbox 267 4298 379 4362; x_wconf 84' lang='grc' dir='ltr'><strong><em>έαυτῦν</em></strong></span> <span class='ocrx_word' id='word_1_392' title='bbox 397 4301 612 4381; x_wconf 82' lang='grc' dir='ltr'><strong><em>μεμολυσμένας</em></strong></span> <span class='ocrx_word' id='word_1_393' title='bbox 629 4311 726 4386; x_wconf 85' lang='grc' dir='ltr'><strong><em>χεῖρας</em></strong></span> <span class='ocrx_word' id='word_1_394' title='bbox 742 4304 855 4385; x_wconf 72' lang='grc' dir='ltr'><strong><em>ἔχοντες</em></strong></span> <span class='ocrx_word' id='word_1_395' title='bbox 872 4300 1005 4386; x_wconf 87' lang='grc' dir='ltr'><strong><em>εῦχονται</em></strong></span> <span class='ocrx_word' id='word_1_396' title='bbox 1022 4305 1128 4388; x_wconf 83' lang='grc' dir='ltr'><strong><em>γυμνοί</em></strong></span> <span class='ocrx_word' id='word_1_397' title='bbox 1147 4302 1206 4390; x_wconf 77' lang='grc' dir='ltr'><strong><em>ὅλμ</em></strong></span> <span class='ocrx_word' id='word_1_398' title='bbox 1227 4306 1268 4388; x_wconf 77' lang='grc' dir='ltr'><strong><em>τῷ</em></strong></span> <span class='ocrx_word' id='word_1_399' title='bbox 1284 4295 1408 4379; x_wconf 84' lang='grc' dir='ltr'><strong><em>σάματι,</em></strong></span> 
     </span>
    </p>
   </div>
   <div class='ocr_carea' id='block_1_6' title="bbox 265 4449 1408 4591">
    <p class='ocr_par' dir='ltr' id='par_1_7' title="bbox 265 4449 1408 4591">
     <span class='ocr_line' id='line_1_42' title="bbox 301 4449 1407 4524; baseline 0.008 -23"><span class='ocrx_word' id='word_1_400' title='bbox 301 4451 358 4501; x_wconf 66' lang='grc' dir='ltr'><strong><em>(λιι.</em></strong></span> <span class='ocrx_word' id='word_1_401' title='bbox 376 4453 406 4502; x_wconf 81' lang='lat' dir='ltr'><strong><em>V.</em></strong></span> <span class='ocrx_word' id='word_1_402' title='bbox 424 4484 455 4494; x_wconf 93' lang='lat'><em>-</em></span> <span class='ocrx_word' id='word_1_403' title='bbox 482 4454 505 4506; x_wconf 89' lang='lat'><strong><em>1.</em></strong></span> <span class='ocrx_word' id='word_1_404' title='bbox 525 4449 596 4521; x_wconf 83' lang='grc' dir='ltr'><strong><em>όλμῷ</em></strong></span> <span class='ocrx_word' id='word_1_405' title='bbox 618 4458 667 4506; x_wconf 81' lang='grc' dir='ltr'><strong><em>ωδ.</em></strong></span> <span class='ocrx_word' id='word_1_406' title='bbox 684 4459 779 4521; x_wconf 76' lang='grc' dir='ltr'><strong><em>Ιλλτδίμ.</em></strong></span> <span class='ocrx_word' id='word_1_407' title='bbox 798 4462 819 4507; x_wconf 79' lang='grc' dir='ltr'><strong><em>τι</em></strong></span> <span class='ocrx_word' id='word_1_408' title='bbox 884 4460 909 4510; x_wconf 77' lang='lat'><strong><em>⁴2.</em></strong></span> <span class='ocrx_word' id='word_1_409' title='bbox 927 4459 951 4512; x_wconf 75' lang='grc' dir='ltr'><strong><em>οἱ</em></strong></span> <span class='ocrx_word' id='word_1_410' title='bbox 967 4461 1073 4524; x_wconf 82' lang='grc' dir='ltr'><strong><em>τελετῆς</em></strong></span> <span class='ocrx_word' id='word_1_411' title='bbox 1087 4459 1137 4510; x_wconf 78' lang='grc' dir='ltr'><strong><em>τῶν</em></strong></span> <span class='ocrx_word' id='word_1_412' title='bbox 1152 4469 1205 4505; x_wconf 79' lang='grc' dir='ltr'><strong><em>υισσ</em></strong></span> <span class='ocrx_word' id='word_1_413' title='bbox 1221 4460 1253 4506; x_wconf 66' lang='lat' dir='ltr'><strong><em>ed</em></strong></span> <span class='ocrx_word' id='word_1_414' title='bbox 1267 4456 1407 4506; x_wconf 67' lang='lat' dir='ltr'><strong><em>mendatio·</em></strong></span> 
     </span>
     <span class='ocr_line' id='line_1_43' title="bbox 265 4522 1408 4591; baseline 0.003 -20"><span class='ocrx_word' id='word_1_415' title='bbox 265 4522 318 4571; x_wconf 72' lang='grc' dir='ltr'><strong><em>ισιλ.</em></strong></span> <span class='ocrx_word' id='word_1_416' title='bbox 332 4524 407 4583; x_wconf 73' lang='grc' dir='ltr'><strong><em>μήτι.</em></strong></span> <span class='ocrx_word' id='word_1_417' title='bbox 850 4526 916 4577; x_wconf 76' lang='grc' dir='ltr'><strong><em>Ιλυιτ·</em></strong></span> <span class='ocrx_word' id='word_1_418' title='bbox 931 4530 1015 4578; x_wconf 76' lang='grc' dir='ltr'><strong><em>λυσαν</em></strong></span> <span class='ocrx_word' id='word_1_419' title='bbox 1030 4527 1054 4580; x_wconf 86' lang='grc' dir='ltr'><strong><em>αἱ</em></strong></span> <span class='ocrx_word' id='word_1_420' title='bbox 1070 4526 1119 4591; x_wconf 76' lang='grc' dir='ltr'><strong><em>τῆς</em></strong></span> <span class='ocrx_word' id='word_1_421' title='bbox 1130 4524 1189 4577; x_wconf 61' lang='lat' dir='ltr'><strong><em>ran.</em></strong></span> <span class='ocrx_word' id='word_1_422' title='bbox 1222 4525 1335 4576; x_wconf 80' lang='grc' dir='ltr'><strong><em>Ριλσυλιιι</em></strong></span> <span class='ocrx_word' id='word_1_423' title='bbox 1346 4525 1408 4575; x_wconf 68' lang='lat' dir='ltr'><strong><em>{M</em></strong></span> 
     </span>
    </p>
   </div>
   <div class='ocr_carea' id='block_1_7' title="bbox 0 0 1528 5084">
    <p class='ocr_par' dir='ltr' id='par_1_8' title="bbox 0 0 1528 5084">
     <span class='ocr_line' id='line_1_44' title="bbox 0 0 1528 5084; baseline 0 3"><span class='ocrx_word' id='word_1_424' title='bbox 0 0 1528 5084; x_wconf 95' lang='lat' dir='ltr'><strong><em> </em></strong></span> 
     </span>
    </p>
   </div>
  </div>
 </body>
</html>
