<?xml version="1.0" encoding="UTF-8"?>
<!DOCTYPE html PUBLIC "-//W3C//DTD XHTML 1.0 Transitional//EN"
    "http://www.w3.org/TR/xhtml1/DTD/xhtml1-transitional.dtd">
<html xmlns="http://www.w3.org/1999/xhtml" xml:lang="en" lang="en">
 <head>
  <title>
</title>
<meta http-equiv="Content-Type" content="text/html;charset=utf-8" />
  <meta name='ocr-system' content='tesseract 3.04.00' />
  <meta name='ocr-capabilities' content='ocr_page ocr_carea ocr_par ocr_line ocrx_word'/>
</head>
<body>
  <div class='ocr_page' id='page_1' title='image "./corporishaerese01unkngoog_0376.png"; bbox 0 0 3046 5084; ppageno 0'>
   <div class='ocr_carea' id='block_1_1' title="bbox 385 364 1269 427">
    <p class='ocr_par' dir='ltr' id='par_1_1' title="bbox 385 364 1269 427">
     <span class='ocr_line' id='line_1_1' title="bbox 385 364 1269 427; baseline 0.006 -7"><span class='ocrx_word' id='word_1_1' title='bbox 385 370 517 422; x_wconf 71' lang='lat' dir='ltr'><strong>sennan</strong></span> <span class='ocrx_word' id='word_1_2' title='bbox 537 371 598 421; x_wconf 81' lang='lat' dir='ltr'><strong>cro.</strong></span> <span class='ocrx_word' id='word_1_3' title='bbox 613 372 632 421; x_wconf 89' lang='lat' dir='ltr'><strong>r.</strong></span> <span class='ocrx_word' id='word_1_4' title='bbox 650 373 730 425; x_wconf 85' lang='lat' dir='ltr'><strong>rou.</strong></span> <span class='ocrx_word' id='word_1_5' title='bbox 749 374 780 424; x_wconf 90' lang='lat' dir='ltr'><strong>n.</strong></span> <span class='ocrx_word' id='word_1_6' title='bbox 798 374 896 425; x_wconf 79' lang='lat' dir='ltr'><strong>naus.</strong></span> <span class='ocrx_word' id='word_1_7' title='bbox 910 376 1012 426; x_wconf 77' lang='lat' dir='ltr'><strong>xxxi.</strong></span> <span class='ocrx_word' id='word_1_8' title='bbox 1213 364 1269 427; x_wconf 81' lang='lat'><strong>371</strong></span> 
     </span>
    </p>
   </div>
   <div class='ocr_carea' id='block_1_2' title="bbox 125 486 1399 4371">
    <p class='ocr_par' dir='ltr' id='par_1_2' title="bbox 125 486 1381 3341">
     <span class='ocr_line' id='line_1_2' title="bbox 128 486 1274 574; baseline 0.006 -23"><span class='ocrx_word' id='word_1_9' title='bbox 128 500 241 574; x_wconf 87' lang='lat' dir='ltr'><strong>temque</strong></span> <span class='ocrx_word' id='word_1_10' title='bbox 263 500 408 553; x_wconf 73' lang='lat' dir='ltr'><strong>servaret.</strong></span> <span class='ocrx_word' id='word_1_11' title='bbox 455 486 511 552; x_wconf 90' lang='lat' dir='ltr'><strong>Vel</strong></span> <span class='ocrx_word' id='word_1_12' title='bbox 537 491 563 553; x_wconf 93' lang='lat' dir='ltr'><strong>si</strong></span> <span class='ocrx_word' id='word_1_13' title='bbox 585 490 763 574; x_wconf 89' lang='lat' dir='ltr'><strong>reliquorum</strong></span> <span class='ocrx_word' id='word_1_14' title='bbox 786 493 926 574; x_wconf 83' lang='lat' dir='ltr'><strong>coniuges</strong></span> <span class='ocrx_word' id='word_1_15' title='bbox 953 505 1154 573; x_wconf 75' lang='lat' dir='ltr'><strong>enumeraret,</strong></span> <span class='ocrx_word' id='word_1_16' title='bbox 1187 495 1274 558; x_wconf 84' lang='lat' dir='ltr'><strong>etiem</strong></span> 
     </span>
     <span class='ocr_line' id='line_1_3' title="bbox 127 588 1276 676; baseline 0.004 -22"><span class='ocrx_word' id='word_1_17' title='bbox 127 588 263 655; x_wconf 82' lang='lat' dir='ltr'>Hominis</span> <span class='ocrx_word' id='word_1_18' title='bbox 278 592 436 676; x_wconf 81' lang='lat' dir='ltr'><strong>attigisset,</strong></span> <span class='ocrx_word' id='word_1_19' title='bbox 461 612 556 676; x_wconf 87' lang='lat' dir='ltr'><strong>neque</strong></span> <span class='ocrx_word' id='word_1_20' title='bbox 572 590 719 656; x_wconf 76' lang='lat' dir='ltr'><strong>divinandi</strong></span> <span class='ocrx_word' id='word_1_21' title='bbox 736 593 815 656; x_wconf 91' lang='lat' dir='ltr'><strong>illins</strong></span> <span class='ocrx_word' id='word_1_22' title='bbox 831 593 955 657; x_wconf 89' lang='lat' dir='ltr'><strong>nominis</strong></span> <span class='ocrx_word' id='word_1_23' title='bbox 972 596 1176 658; x_wconf 86' lang='lat' dir='ltr'><strong>necessitatem</strong></span> <span class='ocrx_word' id='word_1_24' title='bbox 1191 595 1276 660; x_wconf 90' lang='lat' dir='ltr'><strong>nobis</strong></span> 
     </span>
     <span class='ocr_line' id='line_1_4' title="bbox 127 691 1273 781; baseline 0.003 -24"><span class='ocrx_word' id='word_1_25' title='bbox 127 694 283 757; x_wconf 75' lang='lat' dir='ltr'><strong>attulisset.</strong></span> <span class='ocrx_word' id='word_1_26' title='bbox 318 691 375 756; x_wconf 82' lang='lat' dir='ltr'><strong>Est</strong></span> <span class='ocrx_word' id='word_1_27' title='bbox 388 693 478 778; x_wconf 85' lang='lat' dir='ltr'><strong>igitur</strong></span> <span class='ocrx_word' id='word_1_28' title='bbox 491 693 610 757; x_wconf 89' lang='lat' dir='ltr'><strong>minime</strong></span> <span class='ocrx_word' id='word_1_29' title='bbox 625 694 750 759; x_wconf 86' lang='lat' dir='ltr'><strong>obscura</strong></span> <span class='ocrx_word' id='word_1_30' title='bbox 764 696 842 759; x_wconf 91' lang='lat' dir='ltr'><strong>illins</strong></span> <span class='ocrx_word' id='word_1_31' title='bbox 856 697 1105 781; x_wconf 77' lang='lat' dir='ltr'><strong>interpretationis</strong></span> <span class='ocrx_word' id='word_1_32' title='bbox 1119 698 1273 761; x_wconf 91' lang='lat' dir='ltr'><strong>calumnia.</strong></span> 
     </span>
     <span class='ocr_line' id='line_1_5' title="bbox 128 791 1277 883; baseline 0.003 -24"><span class='ocrx_word' id='word_1_33' title='bbox 128 791 202 859; x_wconf 90' lang='lat' dir='ltr'><strong>Cum</strong></span> <span class='ocrx_word' id='word_1_34' title='bbox 219 796 296 859; x_wconf 89' lang='lat' dir='ltr'><strong>enim</strong></span> <span class='ocrx_word' id='word_1_35' title='bbox 316 795 462 859; x_wconf 88' lang='lat' dir='ltr'><strong>lohannes</strong></span> <span class='ocrx_word' id='word_1_36' title='bbox 479 816 567 859; x_wconf 91' lang='lat' dir='ltr'><strong>unum</strong></span> <span class='ocrx_word' id='word_1_37' title='bbox 588 797 673 860; x_wconf 88' lang='lat' dir='ltr'><strong>doum</strong></span> <span class='ocrx_word' id='word_1_38' title='bbox 689 798 934 882; x_wconf 90' lang='lat' dir='ltr'><strong>omnipotentem,</strong></span> <span class='ocrx_word' id='word_1_39' title='bbox 966 820 1111 883; x_wconf 88' lang='lat' dir='ltr'><strong>unumque</strong></span> <span class='ocrx_word' id='word_1_40' title='bbox 1127 795 1277 863; x_wconf 84' lang='lat' dir='ltr'><strong>Christum</strong></span> 
     </span>
     <span class='ocr_line' id='line_1_6' title="bbox 128 895 1278 984; baseline 0.004 -24"><span class='ocrx_word' id='word_1_41' title='bbox 128 895 224 961; x_wconf 88' lang='lat' dir='ltr'><strong>lesum</strong></span> <span class='ocrx_word' id='word_1_42' title='bbox 240 898 319 962; x_wconf 90' lang='lat' dir='ltr'><strong>illius</strong></span> <span class='ocrx_word' id='word_1_43' title='bbox 334 897 513 982; x_wconf 84' lang='lat' dir='ltr'><strong>unigenitum</strong></span> <span class='ocrx_word' id='word_1_44' title='bbox 528 899 693 984; x_wconf 89' lang='lat' dir='ltr'><strong>praedicet,</strong></span> <span class='ocrx_word' id='word_1_45' title='bbox 718 921 770 984; x_wconf 92' lang='lat' dir='ltr'><strong>pcr</strong></span> <span class='ocrx_word' id='word_1_46' title='bbox 785 922 869 984; x_wconf 91' lang='lat' dir='ltr'><strong>quem</strong></span> <span class='ocrx_word' id='word_1_47' title='bbox 884 902 959 964; x_wconf 87' lang='lat' dir='ltr'><strong>lacta</strong></span> <span class='ocrx_word' id='word_1_48' title='bbox 978 922 1045 965; x_wconf 89' lang='lat' dir='ltr'><strong>esse</strong></span> <span class='ocrx_word' id='word_1_49' title='bbox 1061 902 1157 965; x_wconf 90' lang='lat' dir='ltr'><strong>omnia</strong></span> <span class='ocrx_word' id='word_1_50' title='bbox 1174 902 1278 966; x_wconf 86' lang='lat' dir='ltr'><strong>conltr·</strong></span> 
     </span>
     <span class='ocr_line' id='line_1_7' title="bbox 127 1000 1277 1084; baseline 0.003 -21"><span class='ocrx_word' id='word_1_51' title='bbox 127 1011 204 1078; x_wconf 86' lang='lat' dir='ltr'><strong>mat,</strong></span> <span class='ocrx_word' id='word_1_52' title='bbox 236 1012 322 1084; x_wconf 83' lang='lat' dir='ltr'><strong>atque</strong></span> <span class='ocrx_word' id='word_1_53' title='bbox 344 1000 419 1063; x_wconf 91' lang='lat' dir='ltr'><strong>hune</strong></span> <span class='ocrx_word' id='word_1_54' title='bbox 439 1020 506 1064; x_wconf 87' lang='lat' dir='ltr'><strong>esse</strong></span> <span class='ocrx_word' id='word_1_55' title='bbox 525 1002 693 1082; x_wconf 76' lang='lat' dir='ltr'><strong>delfidius,</strong></span> <span class='ocrx_word' id='word_1_56' title='bbox 720 1001 796 1065; x_wconf 91' lang='lat' dir='ltr'><strong>hunc</strong></span> <span class='ocrx_word' id='word_1_57' title='bbox 818 1007 987 1083; x_wconf 80' lang='lat' dir='ltr'><strong>Unr&#39;genom,</strong></span> <span class='ocrx_word' id='word_1_58' title='bbox 1013 1004 1089 1067; x_wconf 87' lang='lat' dir='ltr'><strong>hunc</strong></span> <span class='ocrx_word' id='word_1_59' title='bbox 1108 1009 1277 1067; x_wconf 79' lang='lat' dir='ltr'><strong>conditorem</strong></span> 
     </span>
     <span class='ocr_line' id='line_1_8' title="bbox 127 1101 1278 1185; baseline 0.004 -20"><span class='ocrx_word' id='word_1_60' title='bbox 127 1108 265 1176; x_wconf 80' lang='lat' dir='ltr'><strong>omnium,</strong></span> <span class='ocrx_word' id='word_1_61' title='bbox 301 1101 376 1165; x_wconf 88' lang='lat' dir='ltr'><strong>hunc</strong></span> <span class='ocrx_word' id='word_1_62' title='bbox 396 1124 489 1163; x_wconf 80' lang='lat' dir='ltr'><strong>omum</strong></span> <span class='ocrx_word' id='word_1_63' title='bbox 508 1106 611 1178; x_wconf 82' lang='lat' dir='ltr'><strong>dorma,</strong></span> <span class='ocrx_word' id='word_1_64' title='bbox 646 1122 717 1185; x_wconf 85' lang='lat' dir='ltr'><strong>qnae</strong></span> <span class='ocrx_word' id='word_1_65' title='bbox 733 1108 876 1167; x_wconf 79' lang='lat' dir='ltr'><strong>illuminat</strong></span> <span class='ocrx_word' id='word_1_66' title='bbox 892 1127 997 1167; x_wconf 84' lang='lat' dir='ltr'><strong>ornnem</strong></span> <span class='ocrx_word' id='word_1_67' title='bbox 1015 1110 1166 1181; x_wconf 72' lang='lat' dir='ltr'><strong>homonem,</strong></span> <span class='ocrx_word' id='word_1_68' title='bbox 1203 1107 1278 1170; x_wconf 90' lang='lat' dir='ltr'><strong>hunc</strong></span> 
     </span>
     <span class='ocr_line' id='line_1_9' title="bbox 129 1205 1275 1292; baseline 0.005 -28"><span class='ocrx_word' id='word_1_69' title='bbox 129 1207 456 1286; x_wconf 72' lang='lat' dir='ltr'><strong>›nundisnbrr‘ratnrem,</strong></span> <span class='ocrx_word' id='word_1_70' title='bbox 490 1205 565 1268; x_wconf 87' lang='lat' dir='ltr'><strong>hunc</strong></span> <span class='ocrx_word' id='word_1_71' title='bbox 584 1211 636 1287; x_wconf 83' lang='lat' dir='ltr'><strong>qni</strong></span> <span class='ocrx_word' id='word_1_72' title='bbox 651 1211 680 1267; x_wconf 83' lang='lat' dir='ltr'><strong>r’n</strong></span> <span class='ocrx_word' id='word_1_73' title='bbox 696 1213 816 1288; x_wconf 82' lang='lat' dir='ltr'><strong>proprrir</strong></span> <span class='ocrx_word' id='word_1_74' title='bbox 836 1213 927 1282; x_wconf 81' lang='lat' dir='ltr'><strong>oenr‘t,</strong></span> <span class='ocrx_word' id='word_1_75' title='bbox 960 1213 1011 1290; x_wconf 80' lang='lat' dir='ltr'><strong>poi</strong></span> <span class='ocrx_word' id='word_1_76' title='bbox 1027 1231 1094 1272; x_wconf 84' lang='lat' dir='ltr'><strong>coro</strong></span> <span class='ocrx_word' id='word_1_77' title='bbox 1104 1212 1206 1292; x_wconf 81' lang='lat' dir='ltr'><strong>foetus</strong></span> <span class='ocrx_word' id='word_1_78' title='bbox 1223 1221 1275 1283; x_wconf 81' lang='lat' dir='ltr'><strong>eet,</strong></span> 
     </span>
     <span class='ocr_line' id='line_1_10' title="bbox 128 1308 1278 1395; baseline 0.006 -28"><span class='ocrx_word' id='word_1_79' title='bbox 128 1319 158 1367; x_wconf 88' lang='lat' dir='ltr'><strong>et</strong></span> <span class='ocrx_word' id='word_1_80' title='bbox 171 1308 308 1368; x_wconf 78' lang='lat' dir='ltr'><strong>habitavit</strong></span> <span class='ocrx_word' id='word_1_81' title='bbox 322 1312 351 1369; x_wconf 78' lang='lat' dir='ltr'><strong>in</strong></span> <span class='ocrx_word' id='word_1_82' title='bbox 369 1309 463 1380; x_wconf 76' lang='lat' dir='ltr'><strong>nodis,</strong></span> <span class='ocrx_word' id='word_1_83' title='bbox 488 1328 555 1372; x_wconf 89' lang='lat' dir='ltr'><strong>esse</strong></span> <span class='ocrx_word' id='word_1_84' title='bbox 573 1319 713 1389; x_wconf 86' lang='lat' dir='ltr'><strong>testetur,</strong></span> <span class='ocrx_word' id='word_1_85' title='bbox 737 1308 785 1372; x_wconf 85' lang='lat' dir='ltr'><strong>isti</strong></span> <span class='ocrx_word' id='word_1_86' title='bbox 804 1310 906 1373; x_wconf 80' lang='lat' dir='ltr'><strong>callida</strong></span> <span class='ocrx_word' id='word_1_87' title='bbox 925 1332 959 1374; x_wconf 87' lang='lat' dir='ltr'><strong>ac</strong></span> <span class='ocrx_word' id='word_1_88' title='bbox 976 1310 1118 1375; x_wconf 87' lang='lat' dir='ltr'><strong>malitiosa</strong></span> <span class='ocrx_word' id='word_1_89' title='bbox 1135 1311 1278 1395; x_wconf 90' lang='lat' dir='ltr'><strong>interpre-</strong></span> 
     </span>
     <span class='ocr_line' id='line_1_11' title="bbox 130 1409 1275 1498; baseline 0.006 -27"><span class='ocrx_word' id='word_1_90' title='bbox 130 1409 240 1472; x_wconf 79' lang='lat' dir='ltr'><strong>tatione</strong></span> <span class='ocrx_word' id='word_1_91' title='bbox 263 1410 469 1494; x_wconf 79' lang='lat' dir='ltr'><strong>detorquentes</strong></span> <span class='ocrx_word' id='word_1_92' title='bbox 489 1410 575 1473; x_wconf 88' lang='lat' dir='ltr'><strong>alinm</strong></span> <span class='ocrx_word' id='word_1_93' title='bbox 602 1411 793 1496; x_wconf 90' lang='lat' dir='ltr'><strong>productione</strong></span> <span class='ocrx_word' id='word_1_94' title='bbox 814 1413 927 1496; x_wconf 79' lang='lat' dir='ltr'><strong>lirrgnnt</strong></span> <span class='ocrx_word' id='word_1_95' title='bbox 947 1410 1109 1498; x_wconf 77' lang='lat' dir='ltr'><strong>Unigenam</strong></span> <span class='ocrx_word' id='word_1_96' title='bbox 1128 1415 1275 1493; x_wconf 76' lang='lat' dir='ltr'><strong>extitisse,</strong></span> 
     </span>
     <span class='ocr_line' id='line_1_12' title="bbox 128 1509 1278 1598; baseline 0.005 -25"><span class='ocrx_word' id='word_1_97' title='bbox 128 1523 259 1595; x_wconf 88' lang='lat' dir='ltr'><strong>quem-et</strong></span> <span class='ocrx_word' id='word_1_98' title='bbox 275 1509 451 1598; x_wconf 90' lang='lat' dir='ltr'><strong>Principium</strong></span> <span class='ocrx_word' id='word_1_99' title='bbox 468 1524 591 1592; x_wconf 80' lang='lat' dir='ltr'><strong>vocant,</strong></span> <span class='ocrx_word' id='word_1_100' title='bbox 623 1515 710 1576; x_wconf 89' lang='lat' dir='ltr'><strong>alium</strong></span> <span class='ocrx_word' id='word_1_101' title='bbox 727 1512 931 1592; x_wconf 84' lang='lat' dir='ltr'><strong>Salvatorem,</strong></span> <span class='ocrx_word' id='word_1_102' title='bbox 963 1515 1039 1580; x_wconf 91' lang='lat' dir='ltr'><strong>aliud</strong></span> <span class='ocrx_word' id='word_1_103' title='bbox 1059 1514 1188 1580; x_wconf 85' lang='lat' dir='ltr'><strong>Verbum</strong></span> <span class='ocrx_word' id='word_1_104' title='bbox 1205 1514 1278 1583; x_wconf 90' lang='lat' dir='ltr'><strong>Uni-</strong></span> 
     </span>
     <span class='ocr_line' id='line_1_13' title="bbox 127 1612 1275 1700; baseline 0.004 -22"><span class='ocrx_word' id='word_1_105' title='bbox 127 1634 221 1697; x_wconf 79' lang='lat' dir='ltr'><strong>genae</strong></span> <span class='ocrx_word' id='word_1_106' title='bbox 236 1614 341 1695; x_wconf 90' lang='lat' dir='ltr'><strong>lilium,</strong></span> <span class='ocrx_word' id='word_1_107' title='bbox 364 1614 452 1679; x_wconf 86' lang='lat' dir='ltr'><strong>alium</strong></span> <span class='ocrx_word' id='word_1_108' title='bbox 468 1612 619 1679; x_wconf 79' lang='lat' dir='ltr'><strong>Christum</strong></span> <span class='ocrx_word' id='word_1_109' title='bbox 633 1616 799 1700; x_wconf 77' lang='lat' dir='ltr'><strong>corrigendi</strong></span> <span class='ocrx_word' id='word_1_110' title='bbox 815 1637 919 1681; x_wconf 88' lang='lat' dir='ltr'><strong>caussa</strong></span> <span class='ocrx_word' id='word_1_111' title='bbox 934 1615 1109 1681; x_wconf 84' lang='lat' dir='ltr'><strong>Pleromatis</strong></span> <span class='ocrx_word' id='word_1_112' title='bbox 1127 1630 1275 1683; x_wconf 77' lang='lat' dir='ltr'><strong>exortum.</strong></span> 
     </span>
     <span class='ocr_line' id='line_1_14' title="bbox 127 1714 1278 1805; baseline 0.001 -24"><span class='ocrx_word' id='word_1_113' title='bbox 127 1714 236 1802; x_wconf 89' lang='lat' dir='ltr'><strong>Sicqoc</strong></span> <span class='ocrx_word' id='word_1_114' title='bbox 253 1739 354 1782; x_wconf 91' lang='lat' dir='ltr'><strong>eornm</strong></span> <span class='ocrx_word' id='word_1_115' title='bbox 371 1739 445 1802; x_wconf 92' lang='lat' dir='ltr'><strong>qnae</strong></span> <span class='ocrx_word' id='word_1_116' title='bbox 462 1719 598 1781; x_wconf 88' lang='lat' dir='ltr'><strong>dicuntur</strong></span> <span class='ocrx_word' id='word_1_117' title='bbox 613 1717 726 1801; x_wconf 82' lang='lat' dir='ltr'><strong>singula</strong></span> <span class='ocrx_word' id='word_1_118' title='bbox 744 1739 760 1781; x_wconf 93' lang='lat' dir='ltr'><strong>a</strong></span> <span class='ocrx_word' id='word_1_119' title='bbox 778 1719 902 1783; x_wconf 89' lang='lat' dir='ltr'><strong>veritate</strong></span> <span class='ocrx_word' id='word_1_120' title='bbox 920 1732 1086 1805; x_wconf 86' lang='lat' dir='ltr'><strong>promentes</strong></span> <span class='ocrx_word' id='word_1_121' title='bbox 1103 1742 1136 1782; x_wconf 88' lang='lat' dir='ltr'><strong>ac</strong></span> <span class='ocrx_word' id='word_1_122' title='bbox 1155 1721 1278 1783; x_wconf 91' lang='lat' dir='ltr'><strong>nomini-</strong></span> 
     </span>
     <span class='ocr_line' id='line_1_15' title="bbox 126 1819 1279 1907; baseline 0.003 -26"><span class='ocrx_word' id='word_1_123' title='bbox 126 1819 180 1883; x_wconf 94' lang='lat' dir='ltr'><strong>bus</strong></span> <span class='ocrx_word' id='word_1_124' title='bbox 195 1820 348 1885; x_wconf 84' lang='lat' dir='ltr'><strong>abutentes</strong></span> <span class='ocrx_word' id='word_1_125' title='bbox 364 1821 399 1882; x_wconf 89' lang='lat' dir='ltr'><strong>ad</strong></span> <span class='ocrx_word' id='word_1_126' title='bbox 416 1842 499 1884; x_wconf 90' lang='lat' dir='ltr'><strong>nsum</strong></span> <span class='ocrx_word' id='word_1_127' title='bbox 516 1841 599 1883; x_wconf 89' lang='lat' dir='ltr'><strong>soum</strong></span> <span class='ocrx_word' id='word_1_128' title='bbox 616 1819 839 1904; x_wconf 86' lang='lat' dir='ltr'><strong>opinionemque</strong></span> <span class='ocrx_word' id='word_1_129' title='bbox 855 1824 1046 1885; x_wconf 82' lang='lat' dir='ltr'><strong>trarrslernnt.</strong></span> <span class='ocrx_word' id='word_1_130' title='bbox 1082 1820 1131 1885; x_wconf 77' lang='lat' dir='ltr'><strong>Ex</strong></span> <span class='ocrx_word' id='word_1_131' title='bbox 1144 1843 1200 1907; x_wconf 91' lang='lat' dir='ltr'><strong>qua</strong></span> <span class='ocrx_word' id='word_1_132' title='bbox 1215 1823 1279 1886; x_wconf 94' lang='lat' dir='ltr'><strong>illo-</strong></span> 
     </span>
     <span class='ocr_line' id='line_1_16' title="bbox 127 1919 1279 2007; baseline 0.002 -22"><span class='ocrx_word' id='word_1_133' title='bbox 127 1944 189 1986; x_wconf 92' lang='lat' dir='ltr'><strong>rnm</strong></span> <span class='ocrx_word' id='word_1_134' title='bbox 212 1923 359 1987; x_wconf 85' lang='lat' dir='ltr'><strong>sententia</strong></span> <span class='ocrx_word' id='word_1_135' title='bbox 382 1922 531 2007; x_wconf 91' lang='lat' dir='ltr'><strong>seqnitur,</strong></span> <span class='ocrx_word' id='word_1_136' title='bbox 566 1930 611 1984; x_wconf 91' lang='lat' dir='ltr'><strong>tot</strong></span> <span class='ocrx_word' id='word_1_137' title='bbox 638 1923 666 1983; x_wconf 94' lang='lat' dir='ltr'><strong>in</strong></span> <span class='ocrx_word' id='word_1_138' title='bbox 690 1921 789 1984; x_wconf 87' lang='lat' dir='ltr'><strong>verbis</strong></span> <span class='ocrx_word' id='word_1_139' title='bbox 812 1919 951 1986; x_wconf 89' lang='lat' dir='ltr'><strong>loannem</strong></span> <span class='ocrx_word' id='word_1_140' title='bbox 973 1920 1041 1986; x_wconf 91' lang='lat' dir='ltr'><strong>lesu</strong></span> <span class='ocrx_word' id='word_1_141' title='bbox 1066 1920 1176 1987; x_wconf 86' lang='lat' dir='ltr'><strong>Christi</strong></span> <span class='ocrx_word' id='word_1_142' title='bbox 1197 1944 1279 1987; x_wconf 91' lang='lat' dir='ltr'><strong>men·</strong></span> 
     </span>
     <span class='ocr_line' id='line_1_17' title="bbox 128 2021 1281 2111; baseline 0 -23"><span class='ocrx_word' id='word_1_143' title='bbox 128 2025 235 2089; x_wconf 90' lang='lat' dir='ltr'><strong>tionem</strong></span> <span class='ocrx_word' id='word_1_144' title='bbox 251 2046 289 2090; x_wconf 91' lang='lat' dir='ltr'><strong>ne</strong></span> <span class='ocrx_word' id='word_1_145' title='bbox 303 2027 388 2090; x_wconf 89' lang='lat' dir='ltr'><strong>litera</strong></span> <span class='ocrx_word' id='word_1_146' title='bbox 404 2025 519 2110; x_wconf 86' lang='lat' dir='ltr'><strong>quidem</strong></span> <span class='ocrx_word' id='word_1_147' title='bbox 536 2023 682 2111; x_wconf 79' lang='lat' dir='ltr'><strong>attigisse.</strong></span> <span class='ocrx_word' id='word_1_148' title='bbox 728 2021 814 2086; x_wconf 90' lang='lat' dir='ltr'><strong>Licet</strong></span> <span class='ocrx_word' id='word_1_149' title='bbox 830 2025 906 2086; x_wconf 85' lang='lat' dir='ltr'><strong>eninr</strong></span> <span class='ocrx_word' id='word_1_150' title='bbox 921 2021 1039 2089; x_wconf 88' lang='lat' dir='ltr'><strong>Patrem</strong></span> <span class='ocrx_word' id='word_1_151' title='bbox 1059 2025 1225 2104; x_wconf 89' lang='lat' dir='ltr'><strong>nominarit,</strong></span> <span class='ocrx_word' id='word_1_152' title='bbox 1250 2036 1281 2088; x_wconf 93' lang='lat' dir='ltr'><strong>et</strong></span> 
     </span>
     <span class='ocr_line' id='line_1_18' title="bbox 127 2123 1280 2213; baseline -0.002 -21"><span class='ocrx_word' id='word_1_153' title='bbox 127 2126 277 2207; x_wconf 83' lang='lat' dir='ltr'><strong>Gratiam,</strong></span> <span class='ocrx_word' id='word_1_154' title='bbox 305 2126 512 2213; x_wconf 83' lang='lat' dir='ltr'><strong>Unigenitum,</strong></span> <span class='ocrx_word' id='word_1_155' title='bbox 543 2137 573 2189; x_wconf 91' lang='lat' dir='ltr'><strong>et</strong></span> <span class='ocrx_word' id='word_1_156' title='bbox 590 2123 770 2204; x_wconf 86' lang='lat' dir='ltr'><strong>Veritatem,</strong></span> <span class='ocrx_word' id='word_1_157' title='bbox 800 2146 834 2188; x_wconf 89' lang='lat' dir='ltr'><strong>ae</strong></span> <span class='ocrx_word' id='word_1_158' title='bbox 851 2123 999 2203; x_wconf 90' lang='lat' dir='ltr'><strong>Verbum,</strong></span> <span class='ocrx_word' id='word_1_159' title='bbox 1031 2125 1147 2205; x_wconf 88' lang='lat' dir='ltr'><strong>Vitam,</strong></span> <span class='ocrx_word' id='word_1_160' title='bbox 1177 2124 1280 2190; x_wconf 84' lang='lat' dir='ltr'><strong>Homi-</strong></span> 
     </span>
     <span class='ocr_line' id='line_1_19' title="bbox 127 2225 1278 2311; baseline -0.002 -17"><span class='ocrx_word' id='word_1_161' title='bbox 127 2251 211 2309; x_wconf 89' lang='lat' dir='ltr'><strong>nem,</strong></span> <span class='ocrx_word' id='word_1_162' title='bbox 235 2241 266 2294; x_wconf 92' lang='lat' dir='ltr'><strong>et</strong></span> <span class='ocrx_word' id='word_1_163' title='bbox 280 2228 464 2308; x_wconf 80' lang='lat' dir='ltr'><strong>Ecclesiam,</strong></span> <span class='ocrx_word' id='word_1_164' title='bbox 490 2230 563 2292; x_wconf 89' lang='lat' dir='ltr'><strong>haec</strong></span> <span class='ocrx_word' id='word_1_165' title='bbox 579 2228 619 2292; x_wconf 95' lang='lat' dir='ltr'><strong>illi</strong></span> <span class='ocrx_word' id='word_1_166' title='bbox 638 2239 761 2293; x_wconf 89' lang='lat' dir='ltr'><strong>censent</strong></span> <span class='ocrx_word' id='word_1_167' title='bbox 779 2229 815 2291; x_wconf 89' lang='lat' dir='ltr'><strong>de</strong></span> <span class='ocrx_word' id='word_1_168' title='bbox 833 2228 923 2311; x_wconf 87' lang='lat' dir='ltr'><strong>prima</strong></span> <span class='ocrx_word' id='word_1_169' title='bbox 943 2225 1083 2311; x_wconf 80' lang='lat' dir='ltr'><strong>Ogdoadc</strong></span> <span class='ocrx_word' id='word_1_170' title='bbox 1103 2248 1170 2291; x_wconf 88' lang='lat' dir='ltr'><strong>esse</strong></span> <span class='ocrx_word' id='word_1_171' title='bbox 1189 2227 1278 2307; x_wconf 89' lang='lat' dir='ltr'><strong>dieta,</strong></span> 
     </span>
     <span class='ocr_line' id='line_1_20' title="bbox 127 2326 1278 2417; baseline -0.002 -21"><span class='ocrx_word' id='word_1_172' title='bbox 127 2334 228 2417; x_wconf 89' lang='lat' dir='ltr'><strong>inqua</strong></span> <span class='ocrx_word' id='word_1_173' title='bbox 246 2333 374 2396; x_wconf 82' lang='lat' dir='ltr'><strong>trandum</strong></span> <span class='ocrx_word' id='word_1_174' title='bbox 392 2330 488 2411; x_wconf 90' lang='lat' dir='ltr'><strong>lesus,</strong></span> <span class='ocrx_word' id='word_1_175' title='bbox 514 2331 639 2395; x_wconf 90' lang='lat' dir='ltr'><strong>nondum</strong></span> <span class='ocrx_word' id='word_1_176' title='bbox 657 2326 795 2395; x_wconf 87' lang='lat' dir='ltr'><strong>Christus</strong></span> <span class='ocrx_word' id='word_1_177' title='bbox 810 2327 930 2395; x_wconf 89' lang='lat' dir='ltr'><strong>loannis</strong></span> <span class='ocrx_word' id='word_1_178' title='bbox 946 2330 1087 2414; x_wconf 83' lang='lat' dir='ltr'><strong>nragister</strong></span> <span class='ocrx_word' id='word_1_179' title='bbox 1101 2330 1278 2394; x_wconf 83' lang='lat' dir='ltr'><strong>continetur.</strong></span> 
     </span>
     <span class='ocr_line' id='line_1_21' title="bbox 129 2430 1281 2519; baseline -0.001 -21"><span class='ocrx_word' id='word_1_180' title='bbox 129 2433 241 2499; x_wconf 90' lang='lat' dir='ltr'><strong>Verum</strong></span> <span class='ocrx_word' id='word_1_181' title='bbox 257 2434 345 2519; x_wconf 84' lang='lat' dir='ltr'><strong>longe</strong></span> <span class='ocrx_word' id='word_1_182' title='bbox 359 2435 463 2498; x_wconf 89' lang='lat' dir='ltr'><strong>abesse</strong></span> <span class='ocrx_word' id='word_1_183' title='bbox 479 2444 511 2497; x_wconf 94' lang='lat' dir='ltr'><strong>nt</strong></span> <span class='ocrx_word' id='word_1_184' title='bbox 525 2435 560 2498; x_wconf 89' lang='lat' dir='ltr'><strong>de</strong></span> <span class='ocrx_word' id='word_1_185' title='bbox 577 2430 730 2518; x_wconf 78' lang='lat' dir='ltr'><strong>Coniugiis</strong></span> <span class='ocrx_word' id='word_1_186' title='bbox 744 2432 801 2496; x_wconf 93' lang='lat' dir='ltr'><strong>illis</strong></span> <span class='ocrx_word' id='word_1_187' title='bbox 816 2432 965 2518; x_wconf 88' lang='lat' dir='ltr'><strong>apostolus</strong></span> <span class='ocrx_word' id='word_1_188' title='bbox 980 2433 1056 2516; x_wconf 92' lang='lat' dir='ltr'><strong>loqui</strong></span> <span class='ocrx_word' id='word_1_189' title='bbox 1073 2431 1210 2512; x_wconf 90' lang='lat' dir='ltr'><strong>voluerit,</strong></span> <span class='ocrx_word' id='word_1_190' title='bbox 1231 2433 1281 2497; x_wconf 92' lang='lat' dir='ltr'><strong>de·</strong></span> 
     </span>
     <span class='ocr_line' id='line_1_22' title="bbox 128 2532 1279 2623; baseline -0.003 -22"><span class='ocrx_word' id='word_1_191' title='bbox 128 2560 183 2623; x_wconf 90' lang='lat' dir='ltr'><strong>qne</strong></span> <span class='ocrx_word' id='word_1_192' title='bbox 200 2536 321 2603; x_wconf 90' lang='lat' dir='ltr'><strong>Christo</strong></span> <span class='ocrx_word' id='word_1_193' title='bbox 339 2534 406 2601; x_wconf 92' lang='lat' dir='ltr'><strong>lesu</strong></span> <span class='ocrx_word' id='word_1_194' title='bbox 423 2537 540 2600; x_wconf 90' lang='lat' dir='ltr'><strong>domino</strong></span> <span class='ocrx_word' id='word_1_195' title='bbox 556 2546 658 2600; x_wconf 90' lang='lat' dir='ltr'><strong>nostro</strong></span> <span class='ocrx_word' id='word_1_196' title='bbox 674 2534 893 2619; x_wconf 87' lang='lat' dir='ltr'><strong>intelligendum</strong></span> <span class='ocrx_word' id='word_1_197' title='bbox 909 2556 988 2613; x_wconf 89' lang='lat' dir='ltr'><strong>esse,</strong></span> <span class='ocrx_word' id='word_1_198' title='bbox 1013 2535 1087 2618; x_wconf 91' lang='lat' dir='ltr'><strong>qnod</strong></span> <span class='ocrx_word' id='word_1_199' title='bbox 1104 2545 1133 2598; x_wconf 91' lang='lat' dir='ltr'><strong>et</strong></span> <span class='ocrx_word' id='word_1_200' title='bbox 1148 2532 1279 2600; x_wconf 88' lang='lat' dir='ltr'><strong>Verbum</strong></span> 
     </span>
     <span class='ocr_line' id='line_1_23' title="bbox 127 2635 1280 2726; baseline -0.003 -21"><span class='ocrx_word' id='word_1_201' title='bbox 127 2641 204 2706; x_wconf 91' lang='lat' dir='ltr'><strong>solet</strong></span> <span class='ocrx_word' id='word_1_202' title='bbox 218 2640 364 2726; x_wconf 87' lang='lat' dir='ltr'><strong>appellare</strong></span> <span class='ocrx_word' id='word_1_203' title='bbox 379 2640 437 2717; x_wconf 87' lang='lat' dir='ltr'><strong>dei,</strong></span> <span class='ocrx_word' id='word_1_204' title='bbox 456 2659 513 2702; x_wconf 91' lang='lat' dir='ltr'><strong>non</strong></span> <span class='ocrx_word' id='word_1_205' title='bbox 528 2638 653 2703; x_wconf 89' lang='lat' dir='ltr'><strong>obscure</strong></span> <span class='ocrx_word' id='word_1_206' title='bbox 667 2638 730 2722; x_wconf 89' lang='lat' dir='ltr'><strong>ipse</strong></span> <span class='ocrx_word' id='word_1_207' title='bbox 745 2637 884 2702; x_wconf 90' lang='lat' dir='ltr'><strong>declarat.</strong></span> <span class='ocrx_word' id='word_1_208' title='bbox 914 2635 1031 2700; x_wconf 83' lang='lat' dir='ltr'><strong>Etenim</strong></span> <span class='ocrx_word' id='word_1_209' title='bbox 1048 2659 1112 2700; x_wconf 91' lang='lat' dir='ltr'><strong>cnm</strong></span> <span class='ocrx_word' id='word_1_210' title='bbox 1128 2638 1163 2701; x_wconf 92' lang='lat' dir='ltr'><strong>de</strong></span> <span class='ocrx_word' id='word_1_211' title='bbox 1179 2635 1280 2701; x_wconf 90' lang='lat' dir='ltr'><strong>Verbo</strong></span> 
     </span>
     <span class='ocr_line' id='line_1_24' title="bbox 125 2740 1279 2829; baseline -0.003 -21"><span class='ocrx_word' id='word_1_212' title='bbox 125 2745 194 2823; x_wconf 92' lang='lat' dir='ltr'><strong>illo,</strong></span> <span class='ocrx_word' id='word_1_213' title='bbox 218 2744 293 2829; x_wconf 91' lang='lat' dir='ltr'><strong>qnod</strong></span> <span class='ocrx_word' id='word_1_214' title='bbox 309 2752 393 2806; x_wconf 90' lang='lat' dir='ltr'><strong>antea</strong></span> <span class='ocrx_word' id='word_1_215' title='bbox 408 2742 436 2805; x_wconf 92' lang='lat' dir='ltr'><strong>in</strong></span> <span class='ocrx_word' id='word_1_216' title='bbox 455 2741 596 2827; x_wconf 87' lang='lat' dir='ltr'><strong>principio</strong></span> <span class='ocrx_word' id='word_1_217' title='bbox 614 2740 705 2804; x_wconf 91' lang='lat' dir='ltr'><strong>luisse</strong></span> <span class='ocrx_word' id='word_1_218' title='bbox 721 2740 855 2818; x_wconf 79' lang='lat' dir='ltr'><strong>dixerat,</strong></span> <span class='ocrx_word' id='word_1_219' title='bbox 880 2741 1043 2803; x_wconf 82' lang='lat' dir='ltr'><strong>summatim</strong></span> <span class='ocrx_word' id='word_1_220' title='bbox 1060 2740 1202 2825; x_wconf 88' lang='lat' dir='ltr'><strong>disputata</strong></span> <span class='ocrx_word' id='word_1_221' title='bbox 1220 2740 1279 2804; x_wconf 90' lang='lat' dir='ltr'><strong>eol·</strong></span> 
     </span>
     <span class='ocr_line' id='line_1_25' title="bbox 126 2844 1280 2932; baseline -0.004 -21"><span class='ocrx_word' id='word_1_222' title='bbox 126 2847 247 2932; x_wconf 83' lang='lat' dir='ltr'><strong>ligeret,</strong></span> <span class='ocrx_word' id='word_1_223' title='bbox 271 2846 311 2909; x_wconf 88' lang='lat' dir='ltr'><strong>ita</strong></span> <span class='ocrx_word' id='word_1_224' title='bbox 330 2844 518 2929; x_wconf 84' lang='lat' dir='ltr'><strong>pronuntiare</strong></span> <span class='ocrx_word' id='word_1_225' title='bbox 538 2844 649 2930; x_wconf 80' lang='lat' dir='ltr'><strong>pergit:</strong></span> <span class='ocrx_word' id='word_1_226' title='bbox 678 2847 719 2905; x_wconf 67' lang='grc' dir='ltr'><strong>Εἰ</strong></span> <span class='ocrx_word' id='word_1_227' title='bbox 736 2845 853 2905; x_wconf 80' lang='lat' dir='ltr'><strong>Verbum</strong></span> <span class='ocrx_word' id='word_1_228' title='bbox 871 2865 938 2905; x_wconf 85' lang='lat' dir='ltr'><strong>erro</strong></span> <span class='ocrx_word' id='word_1_229' title='bbox 947 2845 1061 2925; x_wconf 84' lang='lat' dir='ltr'><strong>sactum</strong></span> <span class='ocrx_word' id='word_1_230' title='bbox 1076 2855 1133 2918; x_wconf 83' lang='lat' dir='ltr'><strong>est,</strong></span> <span class='ocrx_word' id='word_1_231' title='bbox 1157 2856 1186 2905; x_wconf 85' lang='lat' dir='ltr'><strong>et</strong></span> <span class='ocrx_word' id='word_1_232' title='bbox 1201 2845 1280 2906; x_wconf 80' lang='lat' dir='ltr'><strong>dnbi-</strong></span> 
     </span>
     <span class='ocr_line' id='line_1_26' title="bbox 128 2942 1278 3031; baseline -0.003 -18"><span class='ocrx_word' id='word_1_233' title='bbox 128 2955 199 3014; x_wconf 86' lang='lat' dir='ltr'><strong>tmn&#39;t</strong></span> <span class='ocrx_word' id='word_1_234' title='bbox 214 2955 242 3012; x_wconf 81' lang='lat' dir='ltr'><strong>e&#39;n</strong></span> <span class='ocrx_word' id='word_1_235' title='bbox 259 2950 349 3011; x_wconf 67' lang='lat' dir='ltr'><strong>nodab.</strong></span> <span class='ocrx_word' id='word_1_236' title='bbox 395 2947 438 3010; x_wconf 79' lang='lat' dir='ltr'><strong>At</strong></span> <span class='ocrx_word' id='word_1_237' title='bbox 455 2948 577 3010; x_wconf 89' lang='lat' dir='ltr'><strong>istorum</strong></span> <span class='ocrx_word' id='word_1_238' title='bbox 596 2945 733 3031; x_wconf 91' lang='lat' dir='ltr'><strong>opinione</strong></span> <span class='ocrx_word' id='word_1_239' title='bbox 748 2942 879 3009; x_wconf 89' lang='lat' dir='ltr'><strong>Verbum</strong></span> <span class='ocrx_word' id='word_1_240' title='bbox 899 2966 994 3030; x_wconf 90' lang='lat' dir='ltr'><strong>neque</strong></span> <span class='ocrx_word' id='word_1_241' title='bbox 1012 2966 1081 3009; x_wconf 89' lang='lat' dir='ltr'><strong>caro</strong></span> <span class='ocrx_word' id='word_1_242' title='bbox 1099 2947 1204 3010; x_wconf 88' lang='lat' dir='ltr'><strong>lactum</strong></span> <span class='ocrx_word' id='word_1_243' title='bbox 1222 2957 1278 3025; x_wconf 87' lang='lat' dir='ltr'><strong>est,</strong></span> 
     </span>
     <span class='ocr_line' id='line_1_27' title="bbox 128 3046 1280 3138; baseline -0.003 -20"><span class='ocrx_word' id='word_1_244' title='bbox 128 3074 223 3138; x_wconf 90' lang='lat' dir='ltr'><strong>neque</strong></span> <span class='ocrx_word' id='word_1_245' title='bbox 239 3071 363 3136; x_wconf 87' lang='lat' dir='ltr'><strong>unquam</strong></span> <span class='ocrx_word' id='word_1_246' title='bbox 379 3047 577 3113; x_wconf 85' lang='lat' dir='ltr'><strong>aPleromate</strong></span> <span class='ocrx_word' id='word_1_247' title='bbox 595 3048 747 3125; x_wconf 81' lang='lat' dir='ltr'><strong>discessit,</strong></span> <span class='ocrx_word' id='word_1_248' title='bbox 772 3049 823 3112; x_wconf 91' lang='lat' dir='ltr'><strong>sed</strong></span> <span class='ocrx_word' id='word_1_249' title='bbox 842 3046 979 3112; x_wconf 88' lang='lat' dir='ltr'><strong>Salvator</strong></span> <span class='ocrx_word' id='word_1_250' title='bbox 994 3048 1108 3133; x_wconf 90' lang='lat' dir='ltr'><strong>quidam</strong></span> <span class='ocrx_word' id='word_1_251' title='bbox 1125 3049 1198 3113; x_wconf 90' lang='lat' dir='ltr'><strong>alins</strong></span> <span class='ocrx_word' id='word_1_252' title='bbox 1214 3072 1280 3134; x_wconf 90' lang='lat' dir='ltr'><strong>pro·</strong></span> 
     </span>
     <span class='ocr_line' id='line_1_28' title="bbox 127 3147 1027 3235; baseline -0.007 -15"><span class='ocrx_word' id='word_1_253' title='bbox 127 3156 274 3220; x_wconf 88' lang='lat' dir='ltr'><strong>curandae</strong></span> <span class='ocrx_word' id='word_1_254' title='bbox 297 3173 400 3217; x_wconf 78' lang='lat' dir='ltr'><strong>caussa</strong></span> <span class='ocrx_word' id='word_1_255' title='bbox 423 3152 526 3215; x_wconf 89' lang='lat' dir='ltr'><strong>salutis</strong></span> <span class='ocrx_word' id='word_1_256' title='bbox 548 3151 662 3230; x_wconf 91' lang='lat' dir='ltr'><strong>editus,</strong></span> <span class='ocrx_word' id='word_1_257' title='bbox 686 3147 845 3235; x_wconf 89' lang='lat' dir='ltr'><strong>Verboqne</strong></span> <span class='ocrx_word' id='word_1_258' title='bbox 868 3151 1027 3215; x_wconf 86' lang='lat' dir='ltr'><strong>recentior.</strong></span> 
     </span>
     <span class='ocr_line' id='line_1_29' title="bbox 213 3252 1381 3341; baseline -0.004 -20"><span class='ocrx_word' id='word_1_259' title='bbox 213 3254 410 3341; x_wconf 80' lang='lat' dir='ltr'><strong>Quantohrem</strong></span> <span class='ocrx_word' id='word_1_260' title='bbox 428 3254 531 3318; x_wconf 86' lang='lat' dir='ltr'><strong>discite</strong></span> <span class='ocrx_word' id='word_1_261' title='bbox 551 3254 665 3318; x_wconf 87' lang='lat' dir='ltr'><strong>tandem</strong></span> <span class='ocrx_word' id='word_1_262' title='bbox 682 3252 853 3338; x_wconf 84' lang='lat' dir='ltr'><strong>aliqnando,</strong></span> <span class='ocrx_word' id='word_1_263' title='bbox 883 3254 980 3329; x_wconf 91' lang='lat' dir='ltr'><strong>stulti,</strong></span> <span class='ocrx_word' id='word_1_264' title='bbox 1012 3254 1113 3318; x_wconf 90' lang='lat' dir='ltr'><strong>discite</strong></span> <span class='ocrx_word' id='word_1_265' title='bbox 1130 3252 1226 3317; x_wconf 91' lang='lat' dir='ltr'><strong>lesum</strong></span> <span class='ocrx_word' id='word_1_266' title='bbox 1245 3254 1280 3316; x_wconf 93' lang='lat' dir='ltr'><strong>il·</strong></span> <span class='ocrx_word' id='word_1_267' title='bbox 1322 3256 1381 3324; x_wconf 72' lang='lat' dir='ltr'><strong>cap.</strong></span> 
     </span>
    </p>

    <p class='ocr_par' dir='ltr' id='par_1_3' title="bbox 125 3325 1399 4371">
     <span class='ocr_line' id='line_1_30' title="bbox 127 3325 1399 3447; baseline -0.006 -21"><span class='ocrx_word' id='word_1_268' title='bbox 127 3365 185 3428; x_wconf 91' lang='lat' dir='ltr'><strong>lnm</strong></span> <span class='ocrx_word' id='word_1_269' title='bbox 202 3361 251 3447; x_wconf 92' lang='lat' dir='ltr'><strong>qui</strong></span> <span class='ocrx_word' id='word_1_270' title='bbox 269 3369 368 3423; x_wconf 90' lang='lat' dir='ltr'><strong>nostra</strong></span> <span class='ocrx_word' id='word_1_271' title='bbox 385 3378 489 3421; x_wconf 87' lang='lat' dir='ltr'><strong>caussa</strong></span> <span class='ocrx_word' id='word_1_272' title='bbox 507 3378 610 3443; x_wconf 88' lang='lat' dir='ltr'><strong>passas</strong></span> <span class='ocrx_word' id='word_1_273' title='bbox 625 3366 683 3434; x_wconf 91' lang='lat' dir='ltr'><strong>est,</strong></span> <span class='ocrx_word' id='word_1_274' title='bbox 707 3356 754 3440; x_wconf 92' lang='lat' dir='ltr'><strong>qni</strong></span> <span class='ocrx_word' id='word_1_275' title='bbox 770 3356 909 3420; x_wconf 88' lang='lat' dir='ltr'><strong>habitavit</strong></span> <span class='ocrx_word' id='word_1_276' title='bbox 927 3360 956 3419; x_wconf 92' lang='lat' dir='ltr'><strong>in</strong></span> <span class='ocrx_word' id='word_1_277' title='bbox 974 3357 1069 3434; x_wconf 90' lang='lat' dir='ltr'><strong>nobis,</strong></span> <span class='ocrx_word' id='word_1_278' title='bbox 1094 3356 1217 3425; x_wconf 88' lang='lat' dir='ltr'><strong>eundem</strong></span> <span class='ocrx_word' id='word_1_279' title='bbox 1235 3357 1281 3419; x_wconf 91' lang='lat' dir='ltr'><strong>dei</strong></span> <span class='ocrx_word' id='word_1_280' title='bbox 1297 3325 1399 3377; x_wconf 63' lang='lat' dir='ltr'><strong>xm·</strong></span> 
     </span>
     <span class='ocr_line' id='line_1_31' title="bbox 128 3459 1281 3542; baseline -0.008 -12"><span class='ocrx_word' id='word_1_281' title='bbox 128 3486 196 3530; x_wconf 88' lang='lat' dir='ltr'><strong>esse</strong></span> <span class='ocrx_word' id='word_1_282' title='bbox 214 3462 355 3527; x_wconf 90' lang='lat' dir='ltr'><strong>Verbum.</strong></span> <span class='ocrx_word' id='word_1_283' title='bbox 396 3459 474 3524; x_wconf 88' lang='lat' dir='ltr'><strong>Nam</strong></span> <span class='ocrx_word' id='word_1_284' title='bbox 491 3460 515 3523; x_wconf 91' lang='lat' dir='ltr'><strong>si</strong></span> <span class='ocrx_word' id='word_1_285' title='bbox 531 3459 605 3523; x_wconf 87' lang='lat' dir='ltr'><strong>alios</strong></span> <span class='ocrx_word' id='word_1_286' title='bbox 621 3480 661 3522; x_wconf 85' lang='lat' dir='ltr'><strong>ex</strong></span> <span class='ocrx_word' id='word_1_287' title='bbox 675 3459 812 3522; x_wconf 78' lang='lat' dir='ltr'><strong>Aeonum</strong></span> <span class='ocrx_word' id='word_1_288' title='bbox 827 3481 949 3523; x_wconf 90' lang='lat' dir='ltr'><strong>numero</strong></span> <span class='ocrx_word' id='word_1_289' title='bbox 963 3459 1066 3523; x_wconf 89' lang='lat' dir='ltr'><strong>salutis</strong></span> <span class='ocrx_word' id='word_1_290' title='bbox 1082 3468 1200 3521; x_wconf 90' lang='lat' dir='ltr'><strong>nostrae</strong></span> <span class='ocrx_word' id='word_1_291' title='bbox 1215 3479 1281 3542; x_wconf 83' lang='lat' dir='ltr'><strong>grn-</strong></span> 
     </span>
     <span class='ocr_line' id='line_1_32' title="bbox 128 3560 1281 3647; baseline -0.005 -16"><span class='ocrx_word' id='word_1_292' title='bbox 128 3569 168 3633; x_wconf 87' lang='lat' dir='ltr'><strong>tie</strong></span> <span class='ocrx_word' id='word_1_293' title='bbox 183 3587 301 3631; x_wconf 87' lang='lat' dir='ltr'><strong>carnem</strong></span> <span class='ocrx_word' id='word_1_294' title='bbox 317 3563 470 3642; x_wconf 89' lang='lat' dir='ltr'><strong>induisset,</strong></span> <span class='ocrx_word' id='word_1_295' title='bbox 496 3584 620 3647; x_wconf 84' lang='lat' dir='ltr'><strong>aequum</strong></span> <span class='ocrx_word' id='word_1_296' title='bbox 636 3573 699 3626; x_wconf 90' lang='lat' dir='ltr'><strong>erat</strong></span> <span class='ocrx_word' id='word_1_297' title='bbox 714 3563 749 3626; x_wconf 89' lang='lat' dir='ltr'><strong>de</strong></span> <span class='ocrx_word' id='word_1_298' title='bbox 764 3561 822 3626; x_wconf 87' lang='lat' dir='ltr'><strong>alio</strong></span> <span class='ocrx_word' id='word_1_299' title='bbox 838 3583 953 3647; x_wconf 90' lang='lat' dir='ltr'><strong>quoqne</strong></span> <span class='ocrx_word' id='word_1_300' title='bbox 969 3561 1146 3624; x_wconf 89' lang='lat' dir='ltr'><strong>mentionem</strong></span> <span class='ocrx_word' id='word_1_301' title='bbox 1161 3560 1196 3623; x_wconf 87' lang='lat' dir='ltr'><strong>ah</strong></span> <span class='ocrx_word' id='word_1_302' title='bbox 1212 3581 1281 3647; x_wconf 87' lang='lat' dir='ltr'><strong>apo·</strong></span> 
     </span>
     <span class='ocr_line' id='line_1_33' title="bbox 128 3662 1279 3750; baseline -0.008 -15"><span class='ocrx_word' id='word_1_303' title='bbox 128 3670 205 3735; x_wconf 86' lang='lat' dir='ltr'><strong>stolo</strong></span> <span class='ocrx_word' id='word_1_304' title='bbox 226 3668 300 3732; x_wconf 92' lang='lat' dir='ltr'><strong>lieri.</strong></span> <span class='ocrx_word' id='word_1_305' title='bbox 346 3666 400 3734; x_wconf 92' lang='lat' dir='ltr'><strong>Sin</strong></span> <span class='ocrx_word' id='word_1_306' title='bbox 422 3665 498 3730; x_wconf 90' lang='lat' dir='ltr'><strong>idem</strong></span> <span class='ocrx_word' id='word_1_307' title='bbox 516 3663 615 3729; x_wconf 88' lang='lat' dir='ltr'><strong>Patris</strong></span> <span class='ocrx_word' id='word_1_308' title='bbox 635 3662 783 3743; x_wconf 89' lang='lat' dir='ltr'><strong>Verbum,</strong></span> <span class='ocrx_word' id='word_1_309' title='bbox 816 3666 890 3750; x_wconf 92' lang='lat' dir='ltr'><strong>quod</strong></span> <span class='ocrx_word' id='word_1_310' title='bbox 914 3687 930 3727; x_wconf 92' lang='lat' dir='ltr'><strong>e</strong></span> <span class='ocrx_word' id='word_1_311' title='bbox 950 3665 1033 3727; x_wconf 90' lang='lat' dir='ltr'><strong>coelo</strong></span> <span class='ocrx_word' id='word_1_312' title='bbox 1053 3663 1202 3748; x_wconf 89' lang='lat' dir='ltr'><strong>delapsum</strong></span> <span class='ocrx_word' id='word_1_313' title='bbox 1222 3674 1279 3743; x_wconf 87' lang='lat' dir='ltr'><strong>est,</strong></span> 
     </span>
     <span class='ocr_line' id='line_1_34' title="bbox 129 3765 1281 3856; baseline -0.005 -19"><span class='ocrx_word' id='word_1_314' title='bbox 129 3772 231 3837; x_wconf 88' lang='lat' dir='ltr'><strong>eodem</strong></span> <span class='ocrx_word' id='word_1_315' title='bbox 248 3769 427 3856; x_wconf 87' lang='lat' dir='ltr'><strong>postliminio</strong></span> <span class='ocrx_word' id='word_1_316' title='bbox 440 3769 544 3848; x_wconf 89' lang='lat' dir='ltr'><strong>rediit,</strong></span> <span class='ocrx_word' id='word_1_317' title='bbox 568 3766 655 3832; x_wconf 91' lang='lat' dir='ltr'><strong>nnius</strong></span> <span class='ocrx_word' id='word_1_318' title='bbox 669 3766 786 3853; x_wconf 87' lang='lat' dir='ltr'><strong>inquam</strong></span> <span class='ocrx_word' id='word_1_319' title='bbox 801 3767 850 3832; x_wconf 92' lang='lat' dir='ltr'><strong>ille</strong></span> <span class='ocrx_word' id='word_1_320' title='bbox 868 3767 1031 3831; x_wconf 87' lang='lat' dir='ltr'><strong>dei&#39;nnieos</strong></span> <span class='ocrx_word' id='word_1_321' title='bbox 1048 3765 1123 3829; x_wconf 88' lang='lat' dir='ltr'><strong>lilius</strong></span> <span class='ocrx_word' id='word_1_322' title='bbox 1138 3786 1178 3829; x_wconf 84' lang='lat' dir='ltr'><strong>ex</strong></span> <span class='ocrx_word' id='word_1_323' title='bbox 1192 3766 1281 3831; x_wconf 90' lang='lat' dir='ltr'><strong>hene-</strong></span> 
     </span>
     <span class='ocr_line' id='line_1_35' title="bbox 125 3868 1281 3954; baseline -0.007 -15"><span class='ocrx_word' id='word_1_324' title='bbox 125 3874 198 3951; x_wconf 75' lang='lat' dir='ltr'><strong>,volo</strong></span> <span class='ocrx_word' id='word_1_325' title='bbox 211 3870 311 3938; x_wconf 81' lang='lat' dir='ltr'><strong>Patris</strong></span> <span class='ocrx_word' id='word_1_326' title='bbox 328 3872 432 3936; x_wconf 84' lang='lat' dir='ltr'><strong>ellectu</strong></span> <span class='ocrx_word' id='word_1_327' title='bbox 451 3870 597 3934; x_wconf 92' lang='lat' dir='ltr'><strong>hominnm</strong></span> <span class='ocrx_word' id='word_1_328' title='bbox 614 3890 719 3934; x_wconf 79' lang='lat' dir='ltr'><strong>carasca</strong></span> <span class='ocrx_word' id='word_1_329' title='bbox 735 3890 824 3934; x_wconf 88' lang='lat' dir='ltr'><strong>carne</strong></span> <span class='ocrx_word' id='word_1_330' title='bbox 841 3868 982 3947; x_wconf 88' lang='lat' dir='ltr'><strong>vestitus,</strong></span> <span class='ocrx_word' id='word_1_331' title='bbox 1007 3890 1064 3931; x_wconf 92' lang='lat' dir='ltr'><strong>non</strong></span> <span class='ocrx_word' id='word_1_332' title='bbox 1083 3868 1118 3932; x_wconf 91' lang='lat' dir='ltr'><strong>de</strong></span> <span class='ocrx_word' id='word_1_333' title='bbox 1135 3868 1192 3933; x_wconf 93' lang='lat' dir='ltr'><strong>alio</strong></span> <span class='ocrx_word' id='word_1_334' title='bbox 1208 3891 1281 3954; x_wconf 91' lang='lat' dir='ltr'><strong>quo-</strong></span> 
     </span>
     <span class='ocr_line' id='line_1_36' title="bbox 130 3967 1281 4063; baseline -0.007 -22"><span class='ocrx_word' id='word_1_335' title='bbox 130 3979 222 4063; x_wconf 89' lang='lat' dir='ltr'><strong>piam,</strong></span> <span class='ocrx_word' id='word_1_336' title='bbox 245 3998 304 4040; x_wconf 90' lang='lat' dir='ltr'><strong>non</strong></span> <span class='ocrx_word' id='word_1_337' title='bbox 321 3976 357 4039; x_wconf 92' lang='lat' dir='ltr'><strong>dc</strong></span> <span class='ocrx_word' id='word_1_338' title='bbox 375 3974 425 4038; x_wconf 85' lang='lat' dir='ltr'><strong>illa</strong></span> <span class='ocrx_word' id='word_1_339' title='bbox 442 3975 544 4037; x_wconf 88' lang='lat' dir='ltr'><strong>nescio</strong></span> <span class='ocrx_word' id='word_1_340' title='bbox 558 3994 615 4058; x_wconf 83' lang='lat' dir='ltr'><strong>qne</strong></span> <span class='ocrx_word' id='word_1_341' title='bbox 630 3969 791 4057; x_wconf 82' lang='lat' dir='ltr'><strong>Ogdoade,</strong></span> <span class='ocrx_word' id='word_1_342' title='bbox 814 3974 865 4034; x_wconf 87' lang='lat' dir='ltr'><strong>scd</strong></span> <span class='ocrx_word' id='word_1_343' title='bbox 883 3972 918 4034; x_wconf 90' lang='lat' dir='ltr'><strong>de</strong></span> <span class='ocrx_word' id='word_1_344' title='bbox 934 3968 1002 4034; x_wconf 87' lang='lat' dir='ltr'><strong>lesu</strong></span> <span class='ocrx_word' id='word_1_345' title='bbox 1017 3967 1137 4035; x_wconf 87' lang='lat' dir='ltr'><strong>Christo</strong></span> <span class='ocrx_word' id='word_1_346' title='bbox 1154 3969 1281 4035; x_wconf 88' lang='lat' dir='ltr'><strong>Domino</strong></span> 
     </span>
     <span class='ocr_line' id='line_1_37' title="bbox 130 4071 1282 4160; baseline -0.007 -16"><span class='ocrx_word' id='word_1_347' title='bbox 130 4090 233 4144; x_wconf 74' lang='lat' dir='ltr'><strong>oceno</strong></span> <span class='ocrx_word' id='word_1_348' title='bbox 249 4099 415 4144; x_wconf 89' lang='lat' dir='ltr'><strong>sermonem</strong></span> <span class='ocrx_word' id='word_1_349' title='bbox 434 4075 570 4141; x_wconf 82' lang='lat' dir='ltr'><strong>instituit.</strong></span> <span class='ocrx_word' id='word_1_350' title='bbox 614 4073 721 4160; x_wconf 84' lang='lat' dir='ltr'><strong>Neque</strong></span> <span class='ocrx_word' id='word_1_351' title='bbox 737 4076 813 4138; x_wconf 89' lang='lat' dir='ltr'><strong>enim</strong></span> <span class='ocrx_word' id='word_1_352' title='bbox 832 4071 962 4137; x_wconf 87' lang='lat' dir='ltr'><strong>Verbum</strong></span> <span class='ocrx_word' id='word_1_353' title='bbox 980 4073 1027 4137; x_wconf 88' lang='lat' dir='ltr'><strong>isti</strong></span> <span class='ocrx_word' id='word_1_354' title='bbox 1045 4072 1198 4160; x_wconf 86' lang='lat' dir='ltr'><strong>praecipue</strong></span> <span class='ocrx_word' id='word_1_355' title='bbox 1213 4093 1282 4137; x_wconf 89' lang='lat' dir='ltr'><strong>cen-</strong></span> 
     </span>
     <span class='ocr_line' id='line_1_38' title="bbox 131 4174 1281 4261; baseline -0.008 -13"><span class='ocrx_word' id='word_1_356' title='bbox 131 4193 198 4248; x_wconf 87' lang='lat' dir='ltr'><strong>sent</strong></span> <span class='ocrx_word' id='word_1_357' title='bbox 212 4203 329 4246; x_wconf 84' lang='lat' dir='ltr'><strong>carnem</strong></span> <span class='ocrx_word' id='word_1_358' title='bbox 347 4200 414 4245; x_wconf 89' lang='lat' dir='ltr'><strong>esse</strong></span> <span class='ocrx_word' id='word_1_359' title='bbox 432 4181 551 4243; x_wconf 78' lang='lat' dir='ltr'><strong>luctum.</strong></span> <span class='ocrx_word' id='word_1_360' title='bbox 598 4174 657 4241; x_wconf 90' lang='lat' dir='ltr'><strong>Sed</strong></span> <span class='ocrx_word' id='word_1_361' title='bbox 676 4174 861 4241; x_wconf 88' lang='lat' dir='ltr'><strong>Salvatorem</strong></span> <span class='ocrx_word' id='word_1_362' title='bbox 881 4179 978 4240; x_wconf 89' lang='lat' dir='ltr'><strong>lerunt</strong></span> <span class='ocrx_word' id='word_1_363' title='bbox 996 4175 1120 4241; x_wconf 89' lang='lat' dir='ltr'><strong>animale</strong></span> <span class='ocrx_word' id='word_1_364' title='bbox 1138 4175 1281 4261; x_wconf 85' lang='lat' dir='ltr'><strong>quoddam</strong></span> 
     </span>
     <span class='ocr_line' id='line_1_39' title="bbox 130 4277 1281 4371; baseline -0.008 -21"><span class='ocrx_word' id='word_1_365' title='bbox 130 4285 261 4350; x_wconf 87' lang='lat' dir='ltr'><strong>induisse</strong></span> <span class='ocrx_word' id='word_1_366' title='bbox 276 4305 398 4371; x_wconf 83' lang='lat' dir='ltr'><strong>corpus,</strong></span> <span class='ocrx_word' id='word_1_367' title='bbox 423 4282 498 4367; x_wconf 91' lang='lat' dir='ltr'><strong>quod</strong></span> <span class='ocrx_word' id='word_1_368' title='bbox 513 4278 714 4345; x_wconf 87' lang='lat' dir='ltr'><strong>incarnatione</strong></span> <span class='ocrx_word' id='word_1_369' title='bbox 730 4278 792 4365; x_wconf 89' lang='lat' dir='ltr'><strong>ipsa</strong></span> <span class='ocrx_word' id='word_1_370' title='bbox 806 4278 1001 4364; x_wconf 80' lang='lat' dir='ltr'><strong>inexplicabili</strong></span> <span class='ocrx_word' id='word_1_371' title='bbox 1017 4279 1160 4366; x_wconf 87' lang='lat' dir='ltr'><strong>sapientia</strong></span> <span class='ocrx_word' id='word_1_372' title='bbox 1173 4277 1281 4342; x_wconf 89' lang='lat' dir='ltr'><strong>consti·</strong></span> 
     </span>
    </p>
   </div>
   <div class='ocr_carea' id='block_1_3' title="bbox 131 4414 1283 4730">
    <p class='ocr_par' dir='ltr' id='par_1_4' title="bbox 131 4414 1283 4730">
     <span class='ocr_line' id='line_1_40' title="bbox 168 4414 1281 4479; baseline -0.008 -4"><span class='ocrx_word' id='word_1_373' title='bbox 168 4418 207 4475; x_wconf 81' lang='lat' dir='ltr'><strong>tt.</strong></span> <span class='ocrx_word' id='word_1_374' title='bbox 228 4414 296 4477; x_wconf 78' lang='lat' dir='ltr'><strong>elnae</strong></span> <span class='ocrx_word' id='word_1_375' title='bbox 313 4414 373 4476; x_wconf 77' lang='lat' dir='ltr'><strong>stet</strong></span> <span class='ocrx_word' id='word_1_376' title='bbox 389 4421 439 4473; x_wconf 83' lang='lat' dir='ltr'><strong>eod.</strong></span> <span class='ocrx_word' id='word_1_377' title='bbox 456 4422 510 4470; x_wconf 81' lang='lat' dir='ltr'><strong>Ven.</strong></span> <span class='ocrx_word' id='word_1_378' title='bbox 724 4425 769 4466; x_wconf 86' lang='lat' dir='ltr'><strong>est.</strong></span> <span class='ocrx_word' id='word_1_379' title='bbox 795 4417 859 4466; x_wconf 81' lang='lat' dir='ltr'><strong>Unde</strong></span> <span class='ocrx_word' id='word_1_380' title='bbox 872 4419 955 4469; x_wconf 78' lang='lat' dir='ltr'><strong>ltiltlcs</strong></span> <span class='ocrx_word' id='word_1_381' title='bbox 968 4418 1140 4469; x_wconf 80' lang='lat' dir='ltr'><strong>rescribendum</strong></span> <span class='ocrx_word' id='word_1_382' title='bbox 1152 4430 1199 4467; x_wconf 80' lang='lat' dir='ltr'><strong>erre</strong></span> <span class='ocrx_word' id='word_1_383' title='bbox 1211 4421 1281 4479; x_wconf 84' lang='lat' dir='ltr'><strong>putc-</strong></span> 
     </span>
     <span class='ocr_line' id='line_1_41' title="bbox 168 4479 1148 4555; baseline -0.008 -13"><span class='ocrx_word' id='word_1_384' title='bbox 168 4491 206 4542; x_wconf 82' lang='lat' dir='ltr'><strong>lb.</strong></span> <span class='ocrx_word' id='word_1_385' title='bbox 223 4488 254 4546; x_wconf 75' lang='lat' dir='ltr'><strong>be</strong></span> <span class='ocrx_word' id='word_1_386' title='bbox 268 4493 478 4555; x_wconf 66' lang='lat' dir='ltr'><strong>mceponttonem,</strong></span> <span class='ocrx_word' id='word_1_387' title='bbox 494 4500 554 4551; x_wconf 83' lang='lat' dir='ltr'><strong>quoe</strong></span> <span class='ocrx_word' id='word_1_388' title='bbox 571 4486 689 4539; x_wconf 76' lang='lat' dir='ltr'><strong>desidm·</strong></span> <span class='ocrx_word' id='word_1_389' title='bbox 722 4487 756 4536; x_wconf 82' lang='lat' dir='ltr'><strong>ott</strong></span> <span class='ocrx_word' id='word_1_390' title='bbox 773 4479 787 4535; x_wconf 84' lang='lat' dir='ltr'><strong>d</strong></span> <span class='ocrx_word' id='word_1_391' title='bbox 805 4482 835 4537; x_wconf 74' lang='lat' dir='ltr'><strong>de</strong></span> <span class='ocrx_word' id='word_1_392' title='bbox 851 4482 949 4540; x_wconf 73' lang='grc' dir='ltr'><strong>πάντων</strong></span> <span class='ocrx_word' id='word_1_393' title='bbox 966 4484 1077 4553; x_wconf 77' lang='grc' dir='ltr'><strong>γεγονώς</strong></span> <span class='ocrx_word' id='word_1_394' title='bbox 1096 4489 1148 4535; x_wconf 83' lang='lat' dir='ltr'><strong>cett.</strong></span> 
     </span>
     <span class='ocr_line' id='line_1_42' title="bbox 132 4552 1283 4623; baseline -0.006 -12"><span class='ocrx_word' id='word_1_395' title='bbox 132 4565 170 4611; x_wconf 84' lang='lat' dir='ltr'><strong>tra·</strong></span> <span class='ocrx_word' id='word_1_396' title='bbox 183 4560 209 4611; x_wconf 87' lang='lat' dir='ltr'><strong>la</strong></span> <span class='ocrx_word' id='word_1_397' title='bbox 220 4558 518 4623; x_wconf 59' lang='lat' dir='ltr'><strong>resonatresonat.</strong></span> <span class='ocrx_word' id='word_1_398' title='bbox 537 4557 623 4607; x_wconf 77' lang='lat' dir='ltr'><strong>Veneta</strong></span> <span class='ocrx_word' id='word_1_399' title='bbox 642 4555 690 4604; x_wconf 81' lang='lat' dir='ltr'><strong>l&#39;et.</strong></span> <span class='ocrx_word' id='word_1_400' title='bbox 760 4552 972 4604; x_wconf 75' lang='lat' dir='ltr'><strong>en.xxx1.-</strong></span> <span class='ocrx_word' id='word_1_401' title='bbox 988 4556 1009 4606; x_wconf 89' lang='lat' dir='ltr'><strong>l.</strong></span> <span class='ocrx_word' id='word_1_402' title='bbox 1021 4552 1153 4619; x_wconf 77' lang='grc' dir='ltr'>πεποίηται</span> <span class='ocrx_word' id='word_1_403' title='bbox 1166 4555 1217 4605; x_wconf 84' lang='lat' dir='ltr'><strong>cod.</strong></span> <span class='ocrx_word' id='word_1_404' title='bbox 1230 4554 1283 4604; x_wconf 82' lang='lat' dir='ltr'><strong>l&#39;en.</strong></span> 
     </span>
     <span class='ocr_line' id='line_1_43' title="bbox 131 4622 1067 4730; baseline -0.012 -51"><span class='ocrx_word' id='word_1_405' title='bbox 131 4630 246 4691; x_wconf 71' lang='lat' dir='ltr'><strong>torm</strong></span> <span class='ocrx_word' id='word_1_406' title='bbox 255 4628 323 4678; x_wconf 83' lang='lat' dir='ltr'><strong>hobel</strong></span> <span class='ocrx_word' id='word_1_407' title='bbox 335 4624 380 4676; x_wconf 80' lang='lat' dir='ltr'><strong>scd</strong></span> <span class='ocrx_word' id='word_1_408' title='bbox 390 4625 473 4693; x_wconf 83' lang='lat' dir='ltr'><strong>quiex</strong></span> <span class='ocrx_word' id='word_1_409' title='bbox 483 4622 596 4676; x_wconf 79' lang='lat' dir='ltr'><strong>omnibns</strong></span> <span class='ocrx_word' id='word_1_410' title='bbox 609 4622 689 4674; x_wconf 78' lang='lat' dir='ltr'><strong>lactus</strong></span> <span class='ocrx_word' id='word_1_411' title='bbox 948 4685 952 4692; x_wconf 20' lang='lat'><strong><em>⁵</em></strong></span> <span class='ocrx_word' id='word_1_412' title='bbox 1049 4690 1067 4730; x_wconf 38' lang='grc' dir='ltr'><strong>λ*</strong></span> 
     </span>
    </p>
   </div>
   <div class='ocr_carea' id='block_1_4' title="bbox 0 0 1532 5084">
    <p class='ocr_par' dir='ltr' id='par_1_5' title="bbox 0 0 1532 5084">
     <span class='ocr_line' id='line_1_44' title="bbox 0 0 1532 5084; baseline 0 0"><span class='ocrx_word' id='word_1_413' title='bbox 0 0 1532 5084; x_wconf 95' lang='lat' dir='ltr'><strong> </strong></span> 
     </span>
    </p>
   </div>
  </div>
 </body>
</html>
