3046 5084
150 1197 245 1253 ιιιιι
263 1190 379 1259 ελον.
399 1188 565 1257 καινά
586 1188 660 1257 KAI
677 1188 738 1256 EN
757 1189 920 1258 ἰονιοι
937 1189 1014 1257 Tm
1033 1189 1251 1259 Δακεοεοι
1269 1192 1412 1261 Τοιιοι

319 1325 406 1393 σοι
430 1324 608 1392 Πνοίον
633 1324 824 1411 οιολιογ,
849 1325 912 1393 EN
938 1325 971 1392 ο
997 1325 1120 1393 ΕΙΣΙΝ
1147 1326 1355 1395 mmm

609 1460 878 1545 ΔΕΚΑΤΡΕΙΣ,
904 1461 1064 1528 om.

345 1689 383 1753 α’.
409 1689 600 1771 Σιμανιανολ,
623 1689 653 1752 οί
665 1684 725 1751 άπό
738 1691 875 1768 Σίμωνος
887 1694 940 1752 τοῦ
949 1687 1072 1772 Μάγου,
1094 1696 1148 1753 τοῦ
1163 1691 1212 1753 ἐπί
1224 1691 1342 1774 Πέτρου
1354 1699 1410 1756 τοῦ

262 1789 445 1869 άποστόλοα,
467 1789 570 1871 κάμης
590 1795 709 1853 Γιτθῦν
729 1796 781 1870 τῆς
797 1793 974 1874 Σαμαρείας.
1021 1782 1117 1865 Οῦτος
1140 1789 1199 1855 α’πό
1217 1799 1410 1876 Σαμαρειτῶν

263 1893 397 1982 αι’ρμῦτο,
422 1891 604 1977 Χριστοῦδὲ
627 1888 723 1955 ῦπέδυ
740 1889 835 1972 όνομα
852 1889 951 1971 μόνον.
993 1887 1124 1967 Ἐδίδαξε
1145 1892 1176 1955 δὲ
1195 1895 1409 1975 αἰσχροποιΐαν,

265 2002 366 2080 1μίξιν
388 2001 555 2078 μολυσμοῦ,
578 2001 726 2078 γυναικοῖν
743 1990 957 2076 2άδιαφορίαν.
1001 1992 1154 2074 Σωμάτων
1170 1994 1202 2057 δέ
1216 1992 1410 2076 άποβάλλεται

259 2098 314 2183 τὴν
330 2095 498 2176 άνάστασιν,
521 2096 572 2160 καλ
587 2093 639 2159 τόν
654 2092 766 2176 κόσμον
781 2093 821 2175 μὴ
837 2091 912 2158 εἶναι
928 2101 1003 2157 θεοῦ
1019 2092 1134 2172 φάσκει.
1179 2095 1294 2161 Εἰκόυα
1309 2096 1341 2160 δέ
1356 2095 1407 2161 αῦ·

260 2209 314 2268 τοῦ
335 2198 377 2276 οός
395 2198 485 2276 Διός,
508 2199 560 2262 καλ
583 2205 634 2278 τῆς
658 2194 713 2261 σῦν
731 2194 811 2282 αῦτχῦ
835 2194 963 2280 πόρνης,
987 2193 1109 2277 όνόματι
1125 2192 1256 2279 Ἑλένης,
1278 2197 1409 2282 Ἀθηνᾶς

259 2300 354 2368 τόπον
380 2310 442 2378 τοῖς
465 2303 571 2366 ἑαυτοῦ
594 2306 743 2381 μαθηταῖς
766 2299 926 2378 παρεδίδου
950 2299 992 2370 εἰς
1014 2296 1221 2382 προςκόυηοιν.
1254 2298 1355 2386 Ἔλεγε
1373 2303 1408 2367 δὲ

259 2403 364 2470 έαντόν
385 2409 581 2488 Σαμαρείταις
602 2401 655 2482 μέν
675 2396 727 2464 τόν
748 2399 873 2482 πατέρα,
893 2395 1047 2473 Ἰουδαίοις
1068 2399 1100 2463 δέ
1120 2396 1173 2464 τόν
1196 2401 1335 2484 Χριστόν.

344 2606 381 2690 β.
416 2604 654 2688 Μενανδριανολ,
676 2605 707 2666 οί
726 2598 785 2665 άπό
803 2599 909 2666 τοῦτου
928 2608 983 2666 τοῦ
998 2606 1135 2683 Σίμωνος
1155 2600 1205 2667 διά
1223 2603 1407 2690 Μενάνδρου

165 2695 172 2713 ⁸
259 2706 340 2782 τινός
363 2704 567 2789 ἐναρξάμενοι,
597 2700 802 2787 διαφερόμενοί
819 2727 850 2766 τε
870 2700 945 2785 πρός
961 2701 1031 2778 τοῦς
1049 2703 1256 2786 Σιμοονιανοῦς
1270 2705 1346 2772 κατά
1365 2732 1406 2774 τι·

259 2809 294 2885 δς
314 2806 374 2872 άπό
397 2805 525 2891 άγγέλοιν
550 2809 650 2889 8έλεγε
672 2802 723 2870 τόν
744 2802 856 2886 κόσμον
877 2812 1061 2889 γεγενῆσθαι.

343 2907 377 2994 γ’.
401 2909 634 2993 Σατορνιλιανολ,
657 2911 688 2971 οἱ
702 2905 776 2970 κατά
792 2904 846 2988 την
859 2911 972 2989 Συρίαν
987 2905 1041 2987 την
1055 2914 1114 2971 τῶν
1127 2916 1323 2990 Σιμωνιανῦν
1337 2938 1405 2996 κρυ·

257 3012 392 3086 τείνοντες
407 3013 622 3096 αἰσχρολογίαν,
646 3010 754 3092 έέτερα
769 3005 896 3091 δὲπαρά
912 3007 983 3083 τοῦς
995 3008 1201 3089 Σιμωνιανοῦς
1217 3015 1257 3088 εἰς
1272 3015 1408 3094 ἔκπληξιν

258 3114 465 3202 περισσοτέραν
483 3110 693 3196 κηρύσσοντες,
723 3106 781 3173 άπό
805 3110 837 3173 δὲ
855 3114 1037 3194 Σατορνίλου
1058 3107 1111 3191 την
1134 3108 1225 3195 άρχῦν
1244 3113 1406 3196 ἐσχηκότες,

259 3218 293 3294 ῦς
315 3219 366 3284 καλ
390 3212 479 3290 αῦτός
503 3210 577 3278 κατά
596 3213 776 3291 Μένανδρον
799 3208 848 3275 ὑπ’
873 3209 1000 3296 άγγέλων
1022 3209 1074 3276 τόν
1098 3210 1211 3295 κόσμον
1232 3222 1406 3299 γεγενῆσθαι

257 3324 384 3401 ἔφασκε,
407 3314 507 3399 μόνων
529 3315 561 3379 δὲ
582 3312 670 3391 ἑπτά,
696 3312 802 3394 ὅπαρά
824 3311 878 3394 την
900 3321 953 3378 τοῦ
977 3311 1038 3379 άνοι
1061 3312 1172 3400 πατρός
1194 3314 1319 3400 γνιόμην.

342 3420 377 3487 δ.
407 3418 623 3485 Βασιλειδιανοὶ
642 3418 673 3480 οἷ
687 3423 739 3496 τῆς
757 3412 848 3496 αὐτῆς
865 3418 1068 3500 αἰσχρουργίας
1082 3419 1218 3495 τελεσταλ,
1239 3414 1299 3480 άπό
1317 3422 1404 3480 Βασι-

258 3526 354 3589 λείδου
368 3530 422 3588 τοῦ
436 3521 498 3606 δόμα
509 3522 676 3605 Σατορνίλῳ
691 3526 752 3592 τοῖς
763 3525 960 3599 Σιμωυιανοῖς
974 3520 1024 3581 καὶ
1035 3523 1274 3604 Μενανδριανοῖς
1294 3524 1406 3600 6μεμα-

258 3627 458 3705 θητεαμένου,
481 3622 517 3688 τῦ
536 3620 625 3704 ὅμοια
647 3619 726 3701 7μὲν
749 3626 949 3705 φρονοῦντος,
977 3617 1052 3683 κατά
1077 3646 1104 3683 τι
1126 3619 1158 3685 δέ
1179 3622 1406 3703 διαφερομένου.

260 3724 348 3806 Λέγει
370 3726 401 3788 δέ
419 3729 605 3809 τριακοσίους
621 3723 847 3805 ἕξηκονταπέντε
862 3718 1010 3805 οῦρανοῦς
1027 3717 1116 3799 εἰναι,
1138 3723 1190 3786 καλ
1207 3721 1324 3800 τούτοις
1341 3720 1408 3790 όυό-

261 3850 338 3906 ματα
356 3822 489 3907 άγγελικά
508 3829 650 3908 ἐκτίθησι.
695 3821 751 3889 Διό
773 3825 824 3888 καλ
841 3821 893 3889 τόν
910 3820 1045 3888 ἐνιαυτόν
1067 3822 1216 3890 τοσοῦτων
1234 3823 1354 3912 ἡμερῶν
1369 3822 1408 3890 εἰ-

259 3951 325 4003 ναι,
353 3926 403 3987 καί
427 3923 460 3988 τό
477 3925 621 4011 Ἀβραοόξ
640 3925 733 4008 όνομα
760 3923 928 4007 δυνάμεως,
958 3922 975 3989 δ
1001 3925 1084 4009 φέρει
1106 3933 1216 4009 ψῆφον
1236 3925 1299 4004 τξε’.
1346 3929 1407 3991 Καί

260 4024 335 4092 εἰναί
354 4046 429 4106 φησι
449 4033 535 4091 τοῦτο
560 4028 617 4094 Βτό
642 4027 726 4112 άγιον
747 4033 864 4108 πνεῦμα
886 4023 991 4108 όνομα.

344 4126 374 4192 ε’.
398 4132 582 4205 Νικολαῖται,
605 4124 664 4193 άπό
684 4127 836 4193 Νικολάου
853 4135 907 4192 τοῦ
922 4130 971 4193 ἐπὶ
985 4137 1050 4203 ταῖς
1064 4128 1167 4214 χήραις
1182 4125 1242 4194 ῦπό
1259 4135 1318 4193 τῶν
1332 4125 1406 4192 άπο-

260 4229 370 4296 στόλων
379 4229 546 4311 ταχθέντος,
563 4228 596 4304 ῦς
609 4227 657 4293 διά
669 4237 755 4312 ζῆλον
768 4236 820 4312 τῆς
833 4232 908 4306 ι’δίας
921 4239 1046 4315 γαμετῆς
1061 4229 1116 4315 την
1125 4232 1332 4315 αἰσχρουργίαν
1343 4227 1405 4313 ἅμα

294 4437 317 4488 1.
333 4433 380 4500 τήν
396 4434 460 4501 μίξιν
477 4436 528 4485 οοδ.
544 4437 617 4483 δολία.
883 4434 906 4489 4.
925 4442 988 4488 Εδίιί
1003 4443 1056 4490 λιλιιι·
1066 4444 1088 4489 εἰ
1103 4439 1153 4492 τοῦ.
1168 4437 1265 4498 Βλεδλρ.
1283 4435 1363 4504 ἑτέρα.

291 4505 316 4554 2
333 4499 494 4570 οἷδιαφρονίαν
511 4504 562 4584 ινδ.
574 4505 646 4553 Vasio.
882 4506 906 4555 5.
923 4504 991 4589 παρὰ
1007 4510 1058 4557 cod.
1077 4508 1150 4555 Vatia.
1183 4506 1212 4555 Bt
1226 4507 1261 4553 λια
1275 4507 1300 4556 ιἰι
1317 4512 1405 4587 Διορι-

291 4569 317 4624 3.
334 4569 418 4637 ἔλεγον
433 4573 485 4622 cod„
501 4573 574 4621 λαιιο.
844 4573 910 4634 phul.
927 4575 969 4626 δια
980 4577 1063 4626 habent
1077 4576 1133 4624 εδιιι
1146 4575 1200 4624 ίιοτλ
1213 4577 1235 4624 ιλ
1249 4576 1301 4626 οοδ.
1309 4576 1405 4638 λλιδιρ.
