3046 5084
373 349 507 400 ransart
526 350 588 401 orn
600 352 619 401 r.
636 351 718 402 rom.
732 350 764 401 n.
782 350 880 401 naun.
892 351 1015 401 xxxin.
1209 342 1271 404 stu

121 468 239 535 ludaeis
254 479 408 533 vocantur.
449 465 586 552 Quatuor
599 480 694 533 eutem
710 469 824 533 illorum
839 481 908 533 sunt
921 491 1044 553 genera.
1084 468 1211 536 Primum
1226 484 1272 537 est

121 573 196 658 quod
219 573 274 637 sub
296 569 393 635 Musis
419 571 538 634 nomine
556 568 776 635 circumierunt.
822 567 987 634 Secundum
1013 583 1059 636 est
1081 574 1156 657 qood
1176 572 1272 637 llabbi

122 675 239 739 atinae
258 675 400 738 tribuunt.
448 671 585 736 Tertium
603 671 724 751 Addse,
748 672 812 735 sive
832 670 933 736 ludas.
979 671 1121 756 Quartum
1142 675 1178 738 ad
1195 676 1273 740 alsa·

122 779 238 841 monaei
253 777 329 840 lilios
344 776 484 839 relertur.
529 769 614 840 Cedo
628 775 728 858 igitur,
751 773 837 838 bomo
855 775 1121 840 eontentiosissinne
1137 798 1171 840 sc
1185 777 1273 841 levis-

120 881 212 959 sime,
245 899 369 964 quonam
390 877 418 940 iu
440 874 629 940 Pentateuchi
648 876 821 961 divinaeque
837 877 912 960 legis
929 877 1077 943 volumine
1095 880 1171 943 illam
1190 891 1273 964 potes

121 982 325 1046 demonstrare
339 978 514 1044 sententiam
530 1001 617 1065 quarn
632 979 664 1044 iu
680 980 833 1064 evangelio
849 979 985 1043 Christus
1003 981 1119 1045 attulit?
1162 986 1220 1060 Qui
1230 985 1274 1043 Δι’-
1286 996 1423 1053 maranus.

121 1091 201 1147 serit
210 1088 296 1165 patri
305 1104 357 1145 suo
373 1084 493 1156 Cor-dun,
510 1086 587 1164 qaod
598 1094 642 1144 ert
654 1087 767 1157 donum,
791 1085 866 1144 natet
876 1088 935 1162 ipsi
941 1088 1089 1163 proderat:
1112 1085 1187 1168 qood
1204 1084 1273 1147 milti

123 1209 268 1271 nunqnam
291 1185 439 1249 ostendes.
480 1182 684 1268 Quamobrem
707 1183 793 1269 friget
814 1185 862 1248 illa
885 1195 935 1248 tua
954 1185 1126 1270 disputatio,
1157 1188 1275 1265 numid

122 1289 201 1353 nullu
222 1286 412 1352 Pentateuclti
435 1288 501 1351 loeo
522 1287 662 1374 seriptum
684 1297 785 1365 extet,
817 1308 852 1350 oc
874 1288 1001 1352 miserae
1023 1289 1063 1352 illi
1085 1289 1272 1353 mulierculae

123 1391 312 1476 nequicquam
327 1389 501 1477 imposuisti.
547 1386 690 1454 (laterum
707 1410 782 1475 quae
798 1411 814 1452 a
828 1387 936 1475 Moyse
952 1391 1065 1455 sancita
1080 1400 1160 1468 sunt,
1184 1412 1201 1455 a
1217 1391 1272 1455 deo

122 1494 239 1557 minime
255 1502 324 1557 sunt
339 1493 453 1571 alieno,
476 1513 493 1556 a
512 1512 585 1577 quo,
609 1489 718 1577 Moyse
734 1503 888 1577 sequestre
904 1504 991 1578 atque
1011 1494 1187 1580 interprete,
1213 1505 1273 1557 tra·

122 1595 180 1659 dita
203 1606 290 1675 suntq
322 1595 397 1680 quod
421 1615 454 1658 se
481 1595 575 1679 ipsum
601 1595 759 1659 salvatoris
783 1593 919 1659 iudicium
946 1596 1099 1660 evidenter
1118 1596 1270 1682 approbat,

121 1699 252 1782 adeoque
273 1696 378 1782 quibos
399 1697 492 1761 uteris
512 1696 704 1776 testimoniis,
737 1718 772 1761 aa
790 1709 893 1761 eontra
912 1700 1094 1784 temetipsum
1114 1698 1271 1784 protulisti.

122 1797 174 1864 Sic
191 1801 268 1864 euim
287 1799 318 1864 in
337 1799 492 1884 evangelio
509 1798 644 1863 dominos
660 1799 804 1883 loquitur:
828 1805 941 1880 Moyses
955 1805 1023 1862 tneo
1038 1806 1153 1881 serr'pnt
1168 1805 1207 1862 nrt
1220 1805 1422 1871 ata-mmmm.

120 1908 212 1965 ru‘ta'em
228 1906 435 1965 cordisvestri.
482 1897 543 1965 lam
560 1901 636 1986 quod
651 1897 775 1986 Moyses
791 1903 920 1987 scripsit,
944 1925 1002 1966 non
1020 1903 1091 1966 citra
1109 1904 1155 1966 dei
1170 1902 1273 1969 volun·

121 2017 207 2069 tatem
226 2005 363 2091 scripsit,
395 2005 446 2068 sed
466 2014 569 2067 sancto
590 2002 693 2089 spiritu
711 2001 878 2089 impellente
896 2005 1057 2068 constituit.
1101 2003 1178 2069 Mox
1196 2006 1272 2068 enim

120 2107 297 2173 salvatorio
315 2108 418 2172 eodem
437 2106 611 2192 evangelio,
647 2109 825 2185 Qnoddeus,
859 2105 969 2190 inquit,
999 2111 1162 2181 eonrbnm‘t,
1193 2110 1273 2168 tomo

120 2234 175 2274 aaa
190 2222 313 2293 separet.
358 2207 609 2294 Quemadmodum
627 2227 700 2272 vero
715 2207 915 2287 coniunxerit,
939 2209 1030 2274 verba
1043 2209 1119 2294 ipsa,
1143 2220 1175 2272 ut
1189 2209 1275 2272 iutel-

119 2315 295 2398 ligeremus,
327 2313 450 2377 adiecit:
482 2315 669 2394 Propaniso
682 2314 824 2392 redirqnet
837 2315 917 2373 toran
930 2324 1039 2393 putrem
1052 2335 1149 2386 maan,
1182 2317 1274 2374 etod-

121 2418 249 2479 haerebit
262 2421 351 2478 neeri
361 2437 440 2490 snae,
464 2427 494 2477 et
506 2426 593 2477 erum
603 2419 659 2477 duo
672 2419 702 2477 r'n
715 2435 827 2476 earnem
841 2436 935 2477 unum.
969 2414 1047 2478 'l'um
1064 2414 1169 2477 inlert:
1196 2418 1276 2492 Quod

120 2542 190 2601 ergo
207 2524 277 2581 dens
292 2522 454 2593 eonabnea't,
485 2521 566 2580 bomo
583 2540 639 2580 non
655 2530 777 2599 separet.
822 2517 914 2602 Atqui
932 2538 1078 2602 nunquam
1098 2515 1166 2580 illud
1183 2515 1273 2579 domi·

120 2643 192 2701 nus,
221 2642 285 2685 cum
305 2621 450 2685 aldamum
469 2618 621 2706 Evamqoe
640 2623 797 2699 formaret,
822 2641 981 2706 usurpasse
999 2620 1122 2704 legitur,
1147 2619 1198 2681 sed
1220 2619 1273 2683 boc
1349 2608 1357 2623 ’

121 2725 233 2789 solome
257 2729 407 2788 Fortunas
421 2728 452 2786 ei
461 2727 632 2787 mentonem
647 2727 739 2787 nnete
754 2725 818 2785 sebi.
868 2720 878 2785 l
883 2724 947 2786 stud
965 2744 1037 2787 vero
1051 2722 1087 2785 ab
1101 2723 1215 2785 ddamo
1231 2721 1273 2785 di·
1287 2737 1372 2792 sena,
1384 2738 1413 2783 ss.

120 2837 197 2891 etum
213 2838 277 2906 est,
302 2827 350 2912 qni
371 2847 387 2890 a
404 2848 508 2891 somno
525 2828 771 2913 expergefactus,
794 2830 855 2888 Hoc
870 2848 945 2888 nacae
959 2848 1006 2900 oe,
1032 2825 1088 2905 ait,
1112 2849 1149 2887 ea
1165 2828 1274 2888 orsabm

120 2934 199 3005 mee‘s,
218 2941 328 2992 eterra
342 2935 377 2993 de
389 2953 476 2994 earne
488 2952 567 2992 meo:
584 2933 655 2992 duee
667 2930 813 2991 recuditur
828 2933 944 3010 Valugc,
962 2933 1028 3010 queit
1041 2951 1079 2990 ea
1091 2933 1152 2990 mro
1164 2942 1274 3011 sumptu

120 3044 172 3104 ert.
218 3029 320 3116 Pergit
334 3032 455 3096 deludes
479 3038 599 3114 Propter
613 3036 667 3094 doc
680 3035 823 3113 relinquet
834 3036 914 3093 domo
925 3044 1036 3112 putrem
1053 3044 1082 3093 et
1095 3044 1222 3106 arrotrem,
1247 3044 1277 3093 et

120 3136 285 3198 oddumeda't
298 3141 387 3197 acori
398 3157 478 3211 saue,
502 3148 531 3197 et
545 3147 633 3197 erum
643 3139 699 3197 duo
713 3140 742 3198 in
757 3155 868 3196 earnem
884 3158 977 3197 nerum.
1022 3131 1096 3199 Cum
1111 3135 1199 3218 igitur
1216 3155 1274 3196 non

120 3237 175 3302 boo
192 3238 281 3318 deus,
306 3238 358 3303 sed
376 3239 507 3302 aldamus
523 3237 649 3316 dixerit,
674 3248 704 3301 et
722 3258 756 3300 ea
773 3237 837 3323 ipsa
854 3249 949 3300 tamen
968 3239 1014 3300 dri
1032 3258 1097 3300 esse
1115 3237 1206 3300 rerba
1224 3237 1274 3298 do-

120 3341 216 3404 minos
234 3341 263 3404 in
282 3342 436 3426 evomentia
454 3351 595 3418 testetur,
620 3341 692 3403 satis
711 3360 759 3403 res
778 3341 839 3425 ipsa
857 3342 1003 3417 declarat,
1029 3351 1086 3402 tum
1107 3339 1178 3401 baec
1195 3339 1274 3401 Ada-

120 3443 158 3506 mi
176 3441 290 3527 quidem
308 3464 373 3523 ore,
397 3443 449 3507 srd
465 3443 511 3506 dei
526 3463 593 3506 esse
609 3443 760 3507 voluntate
778 3443 899 3528 prolata.
946 3441 1089 3506 Similiter
1106 3451 1136 3503 et
1149 3437 1274 3525 Moyses

120 3546 214 3631 legem
232 3544 332 3625 edidit,
356 3567 441 3630 quam
457 3546 586 3610 dictante
601 3546 718 3616 domino
732 3545 885 3609 didicerat.
925 3543 1027 3628 Quare
1042 3544 1098 3606 duo
1113 3542 1161 3605 illa
1176 3553 1273 3606 tamen

119 3649 211 3712 uerba
230 3669 288 3712 non
305 3649 406 3734 procul
424 3648 575 3713 arcessitis
594 3648 773 3726 rationibus,
796 3650 846 3712 sed
866 3670 920 3712 osu
936 3646 1142 3732 propemodum
1161 3644 1225 3729 ipso
1240 3666 1274 3709 ac

120 3751 284 3837 prolatione
305 3752 508 3816 conciderunt.
553 3749 672 3815 Etenim
695 3751 773 3816 illam
796 3772 812 3813 a
834 3751 889 3813 deo
912 3752 1070 3834 prolectam
1093 3768 1158 3811 esse
1179 3747 1272 3831 legem

120 3854 228 3918 nemini
250 3853 407 3917 obscurum
429 3855 568 3918 arbitror.
614 3851 694 3919 ldem
717 3854 768 3917 ille
791 3874 862 3915 vero
884 3851 989 3934 ubique
1008 3853 1167 3916 decernere
1184 3850 1271 3929 solet,

119 3955 223 4044 partim
243 3977 317 4042 quae
336 3957 516 4042 temporibus
534 3968 716 4043 congruunt,
748 3959 851 4042 partim
872 3975 945 4038 quac
964 3955 1053 4017 certis
1070 3953 1158 4018 rebus
1174 3954 1274 4016 adom·

120 4060 240 4124 beandis
261 4057 412 4139 serviunt,
445 4060 549 4146 partim
572 4060 675 4145 quibus
699 4060 796 4122 listina
820 4057 894 4119 bona
917 4057 1118 4136 declarantur,
1152 4076 1225 4141 quac
1243 4057 1273 4119 iu

119 4162 275 4246 cvangelio
298 4162 411 4226 demum
435 4162 562 4226 adventu
586 4182 641 4226 suo
663 4157 801 4225 Christus
827 4156 912 4224 lesus
937 4161 1070 4224 domiuus
1094 4169 1197 4223 noster
1221 4160 1273 4222 im·

120 4263 221 4351 pleeit.

206 4364 304 4431 Venio
318 4366 377 4431 iam
391 4367 426 4431 nd
442 4366 564 4431 alteram
577 4365 656 4429 illam
673 4364 833 4429 institutam
849 4386 867 4430 a
883 4375 911 4431 te
927 4367 1047 4430 deorum
1063 4365 1203 4450 triplicem
1218 4365 1273 4429 dil·
1291 4371 1350 4438 cap.
1365 4373 1399 4421 X·

120 4470 293 4546 ferentium,
317 4491 402 4554 quam
420 4470 522 4534 eadem
540 4468 656 4533 ratione
671 4467 849 4533 calumniose
867 4469 1019 4533 eotrfiotam
1037 4488 1121 4550 esse,
1142 4479 1228 4554 teque
1243 4467 1273 4532 id

173 4568 263 4627 como·
275 4566 411 4616 earnem
424 4565 455 4614 n
1030 4574 1070 4639 27
