3046 5084
424 306 987 393 snmuronmammrn‘rmum.
1239 330 1277 389 as

153 456 261 527 .··--.Χ.
286 457 384 523 Peirai
409 468 480 523 aurat
499 456 664 537 Gurtbcui,
694 460 743 544 qui
761 460 854 525 leatus
874 460 937 523 dies
960 458 1026 523 aliis
1043 478 1129 543 quam
1147 456 1276 522 Hebraei

134 560 313 645 temporibus
334 560 475 625 indicunt.

214 678 274 743 ΧΙ.
305 679 366 743 Alii
381 674 530 775 ¹Subuaei,
554 674 602 759 qui
617 676 655 739 nb
670 675 792 739 easdem
809 676 950 740 lectorum
965 678 1077 741 dierum
1091 680 1274 741 occasionem

135 779 328 845 aGertbenis
348 778 536 843 dissentiunt.

214 896 290 963 xll.
320 894 416 959 Tertii
432 904 500 957 sunt
512 890 639 975 Esseni,
663 892 710 983 qui
727 894 824 958 neutri
842 895 917 981 parti
937 906 1117 982 repugnant,
1139 896 1191 961 sed
1208 918 1272 960 cum

133 1000 169 1064 iis
189 1000 219 1063 in
236 1006 310 1083 q'uos
326 994 481 1060 inciderint
495 994 559 1060 sine
574 996 634 1059 nllc
648 992 815 1059 discrimine
829 998 905 1060 lesta
920 1008 1073 1084 peragunt.

214 1114 305 1181 xlll.
338 1112 483 1205 Postremi
506 1123 575 1177 sunl
593 1110 747 1205 Dositbei,
776 1112 825 1205 qui
845 1114 947 1179 iisdem
970 1116 1075 1201 quibus
1096 1112 1274 1181 Samaritani

131 1202 273 1283 institutis
289 1226 420 1293 utuntur,
443 1214 705 1295 circumcisionem,
729 1212 893 1295 sabbatum,
917 1239 952 1280 ac
968 1228 1098 1295 caetera,
1116 1216 1274 1303 itidemque

131 1318 362 1385 Pentateuobum
379 1316 527 1381 adhibent.
563 1310 726 1403 Pruecipue
746 1338 830 1396 vero,
853 1340 888 1381 ac
904 1340 974 1404 prae
989 1318 1109 1404 reliquis
1126 1318 1272 1398 onanibus,

131 1418 187 1483 sibi
205 1417 241 1483 ab
263 1416 397 1483 animatis
415 1416 597 1505 temperant,
621 1440 656 1483 ac
672 1430 813 1505 perpetuo
829 1421 893 1485 iere
910 1421 1052 1483 ieiunant.
1098 1418 1175 1483 Sunt
1195 1419 1273 1483 inter

130 1521 196 1585 illos
215 1521 263 1605 qui
277 1520 473 1607 uirginitatem
489 1520 599 1597 colunt,
622 1518 671 1583 alii
691 1520 910 1585 continentiam.
956 1518 1189 1587 Resurrecturos
1206 1542 1273 1585 esse

131 1632 261 1687 mortuos
277 1612 417 1702 ereduot3
439 1622 515 1707 qnod
532 1644 549 1686 a
566 1618 819 1687 Samaritanorum
836 1622 972 1707 dogmate
993 1620 1143 1687 abhorret.

211 1736 385 1811 ludaeorum
406 1752 505 1805 scurae
527 1760 648 1807 numero
670 1737 750 1805 vlle

209 1854 301 1923 xlv.
333 1859 381 1923 Ae
403 1858 496 1942 primo
514 1854 656 1936 Scribae,
686 1859 760 1943 legis
779 1861 865 1944 periti
884 1871 914 1923 et
930 1860 1135 1937 traditionum,
1159 1881 1231 1943 quas
1253 1881 1271 1923 a

127 1960 287 2035 maioribus
301 1969 479 2045 acceperant
490 1954 692 2042 (demoniacae
704 1960 876 2042 uocabant),
895 1959 1103 2026 observatores
1117 1962 1211 2039 luere,
1237 1982 1270 2024 ac

127 2061 202 2125 ritus
226 2082 329 2127 omnes
350 2059 583 2147 superstitiosius
604 2058 730 2125 cacteris
752 2060 975 2146 diligentiusque
996 2073 1170 2141 tennerunt3
1198 2084 1272 2146 quos

128 2183 186 2227 non
205 2184 222 2227 e
245 2164 311 2247 lege
331 2163 509 2241 didicerant,
534 2162 585 2225 sed
604 2160 793 2245 sibimetipsis
816 2172 950 2245 tanquam
969 2163 1098 2231 iustitiae
1116 2164 1189 2248 legis
1211 2165 1272 2228 siu·

128 2265 246 2347 gulones
268 2265 362 2328 cultus
384 2286 419 2328 ac
443 2264 626 2327 ceremonias
647 2262 827 2326 indixerant.

211 2380 285 2447 XV.
317 2380 488 2460 Pharisaei,
513 2402 585 2466 quus
600 2378 780 2467 segregatos
799 2380 986 2465 interpretari
1002 2382 1115 2466 possis,
1139 2384 1187 2465 qni
1202 2404 1270 2446 sau-

128 2483 285 2549 ctissimam
302 2484 382 2545 vitae
400 2485 541 2546 rationem
557 2486 682 2568 professi
698 2484 840 2570 probitate
858 2482 984 2545 caeteris
1001 2483 1177 2546 antecellere
1189 2486 1270 2547 ride-

126 2585 242 2648 buntur.
286 2582 469 2648 Mortuerum
487 2587 559 2670 apud
578 2586 643 2648 illos
662 2585 851 2663 resurrectio,
874 2596 906 2647 ut
922 2595 952 2647 et
968 2585 1042 2670 apud
1061 2581 1196 2662 Scribas,
1221 2587 1269 2648 de-

129 2686 266 2750 fenditur.
311 2683 402 2749 lidem
421 2687 542 2770 angelos
561 2707 595 2749 ac
610 2684 742 2777 spiriturp
758 2697 889 2749 sanctum
909 2707 975 2748 esse
992 2708 1049 2749 uon
1066 2698 1186 2770 negant.
1216 2684 1270 2749 Vi-

127 2799 174 2850 tae
198 2787 337 2851 eximium
363 2788 524 2851 institutum
553 2809 622 2872 prae
647 2808 680 2851 se
704 2788 812 2850 lerunt.
858 2784 1076 2851 Continentiam
1101 2800 1211 2852 eertum
1235 2790 1269 2851 ad

128 2900 259 2974 tempus,
282 2911 317 2952 ae
333 2890 529 2972 virginitatem
550 2910 664 2973 quoque
679 2889 850 2974 suscipiunt.
895 2886 947 2953 Bis
964 2889 1142 2954 hebdomada
1157 2912 1419 2975 quaqueuue.1s,1a.

131 2991 280 3069 ieiunare,
304 3011 408 3053 urceos
432 3013 466 3054 ae
482 2991 579 3053 discos
595 3002 624 3053 et
642 2991 743 3075 pocula
759 2991 876 3075 saepius
897 2991 1013 3070 eluere,
1037 3003 1068 3054 ut
1088 3004 1117 3055 et
1133 2991 1268 3072 Scribae,

127 3091 218 3155 soliti.
261 3091 309 3155 Ad
326 3092 398 3155 baec
412 3093 538 3156 decimas
553 3090 736 3176 etprimitias
750 3092 870 3170 offerre,
890 3093 1007 3155 assidue
1022 3095 1147 3179 precari,
1172 3106 1269 3158 certos

127 3196 222 3258 cultus
237 3215 271 3258 ao
286 3194 737 3280 superstitiosavestimentorum
754 3213 863 3276 genera
882 3195 1025 3258 curiosius
1044 3197 1200 3272 allectore3
1218 3217 1268 3257 cu-

127 3297 252 3361 iusmodi
266 3308 334 3360 suunt
348 3296 531 3375 dalmaticae,
554 3317 589 3359 ue
605 3293 730 3374 colobia,
754 3305 783 3359 et
798 3295 903 3359 latiora
921 3299 1059 3379 quaedam
1078 3297 1266 3381 phylacteria,

127 3400 182 3462 hoc
195 3410 241 3463 est
251 3411 414 3484 segmenta,
438 3396 625 3484 fimbriaeque
641 3418 814 3483 purpureae,
830 3418 863 3460 ac
880 3399 1078 3480 malogranata
1094 3400 1128 3460 ad
1143 3398 1267 3460 vestium

128 3522 195 3565 oras
218 3522 362 3587 appensa,
387 3520 461 3585 qnae
476 3500 668 3586 temporariae
690 3498 767 3562 illius
793 3500 988 3563 continentiae
1013 3498 1096 3580 sigua
1120 3501 1267 3582 praelere-

126 3601 208 3665 baist.
253 3600 342 3667 iidem
365 3614 513 3687 postremo
535 3622 661 3685 geneses
683 3623 717 3664 ao
739 3602 829 3664 latum
851 3598 1083 3663 introducebant.

207 3716 296 3785 xv1.
320 3720 499 3787 Sadducaeis
513 3720 550 3785 ub
566 3719 753 3784 exactissima
769 3719 879 3782 institia
893 3737 1003 3780 nomen
1015 3726 1071 3779 est.
1105 3714 1163 3800 Qui
1180 3715 1265 3782 eSa-

127 3818 333 3884 maritanorum
358 3844 467 3906 genere
487 3844 505 3887 a
525 3823 678 3892 sacerdote
702 3822 824 3905 quodam
848 3818 945 3882 Sados
972 3828 1065 3880 ortum
1091 3818 1263 3883 babuerunt.

125 3918 312 3986 Mortuerum
327 3924 571 3989 resurrectionem
586 3925 734 3987 damnant.
780 3920 925 4004 Angelum
941 3918 1119 4004 suspiritum
1138 3922 1265 3985 funditus

127 4033 253 4109 negant,
277 4032 396 4086 caetera
416 4021 589 4089 ludaeorum
611 4024 734 4089 similes:
944 4096 949 4103 ,

208 4120 314 4191 XVll.
345 4122 615 4212 Hemerobaptistae
636 4125 707 4189 nibil
725 4125 760 4188 ab
779 4120 896 4187 Iudaeis
910 4134 1113 4209 praeterquam
1130 4124 1185 4188 boe
1207 4146 1265 4187 uno

158 4326 200 4381 81.
216 4328 246 4384 dl
260 4331 310 4381 cod.
322 4333 385 4392 len,
401 4331 547 4391 atdnneepl„
562 4332 635 4391 Volgo
646 4343 682 4379 rc.
715 4331 796 4379 usual.
831 4331 876 4380 l'lc
889 4330 968 4379 dubito
989 4334 1045 4392 puta
1064 4333 1094 4379 stt
1110 4331 1267 4390 reponendum

158 4396 200 4447 82.
216 4395 259 4451 διὰ
269 4401 428 4461 renuptae,
444 4403 465 4447 et
479 4398 530 4447 rod.
540 4398 595 4447 Vera.
607 4398 682 4459 dulps
715 4393 809 4457 πάντα,
826 4412 884 4460 puae
898 4400 1012 4448 uocabulo
1029 4399 1094 4447 baud
1107 4411 1162 4447 roro
1175 4400 1199 4447 a'n
1213 4402 1266 4449 vett.

126 4462 174 4523 ate.
198 4468 273 4528 Neque
287 4468 315 4517 ld
326 4472 386 4519 reete
401 4468 510 4518 mevenit
521 4466 640 4515 Pelendos.
712 4468 882 4517 membruntso
903 4469 1006 4517 boumn
1028 4467 1125 4527 consum
1141 4466 1265 4528 depreben-

158 4529 200 4583 83.
216 4532 299 4587 ταῦτα
314 4538 397 4599 bettio
414 4538 486 4586 mm
503 4536 528 4585 ia
542 4532 679 4595 laucepltc·
712 4534 808 4584 duntur.
