3046 5084
386 367 522 420 renuunt
539 370 605 422 tta.
616 370 638 423 ts
653 370 736 424 root.
749 370 782 424 tt.
800 373 900 426 naen.
914 374 1043 427 xxxin.
1230 366 1289 430 tat

135 494 189 565 cio,
208 496 306 554 reeete'e
317 499 410 554 curere
418 500 530 572 ροιαιιι.
547 489 684 555 nimirum
699 512 764 555 cunr
776 492 969 578 porrectiores
983 493 1077 558 eritis.
1115 493 1189 561 item
1203 498 1289 563 illude

135 594 313 671 Neeea'eboat,
335 597 424 656 donee
438 612 458 654 α
471 597 590 655 mormr'e
603 604 776 673 resurgeret.
818 591 871 658 Sic
885 606 914 658 et
929 592 1053 659 Paulus:
1074 601 1205 662 Nondum
1217 607 1289 664 enim
1300 625 1442 676 recenant

131 701 286 777 poteratis,
311 700 362 759 sed
375 717 428 758 aee
442 699 536 758 adbuc
545 700 681 777 poteetr‘s:
706 706 737 760 nt
753 697 920 760 ostenderet
939 699 1163 782 procedentibus
1179 713 1290 788 tempu·
1305 692 1323 737 ¹·
1331 693 1384 738 ⁰⁰¹·
1391 695 1443 750 ³2²

136 798 217 863 ribus
235 798 411 884 perfectiora
425 798 488 861 bari
503 809 676 884 praeceptap
700 799 856 884 quaelicet
870 798 970 861 eadem
985 800 1045 863 sint
1059 821 1186 888 semper,
1206 805 1291 870 aliona

136 900 324 965 nibilominus
348 900 491 965 rationem
510 900 651 978 induunt,
686 922 740 964 uec
763 902 866 965 eodem
891 900 1054 967 iunioribus
1081 926 1138 988 quo
1164 904 1292 971 robustis

136 1004 223 1068 modo
240 1012 449 1088 temperantur.
491 997 567 1068 Cum
583 1002 660 1066 enim
678 1003 752 1086 legis
768 1003 840 1067 baec
854 1016 936 1068 esset
951 1005 1090 1068 formula:
1113 1011 1228 1069 Oculum
1237 1031 1292 1089 pro

136 1109 228 1181 ceule,
250 1127 307 1169 non
324 1105 409 1183 dixit,
428 1102 531 1170 Eruite
547 1105 661 1170 oculum
676 1126 729 1190 pro
745 1107 842 1186 oculo,
861 1107 925 1185 sed,
947 1104 980 1171 st
996 1107 1061 1191 quis
1076 1108 1189 1173 oculum
1206 1131 1291 1175 erue·

136 1208 192 1286 n't,
216 1206 244 1271 ei
262 1206 363 1271 certius
380 1216 511 1271 eruetur.
557 1204 629 1271 ideo
647 1207 767 1292 quilibet
786 1220 817 1273 ut
834 1209 950 1294 corpori
970 1230 1024 1272 suo
1043 1210 1211 1276 consuleret
1229 1234 1289 1276 ura-

136 1311 237 1374 uillam
256 1310 422 1374 verberanti
440 1309 609 1396 praebebat,
631 1321 689 1373 rton
706 1311 768 1398 ipse
786 1311 972 1375 verberabat.
1020 1310 1086 1395 Quia
1104 1314 1217 1377 ratione
1234 1316 1289 1380 ianr

138 1424 196 1476 tom
215 1433 249 1476 ea
267 1411 462 1477 servabantur
478 1433 553 1496 puae
570 1409 600 1476 io
618 1413 774 1498 evaugelio
792 1416 878 1478 modu
897 1424 954 1478 tarn
973 1414 1083 1501 apertis
1101 1415 1199 1479 verbis
1219 1440 1289 1480 cun

136 1525 216 1601 cepta
235 1526 321 1594 sunt,
346 1535 409 1578 crrnr
430 1535 466 1576 eo
483 1524 581 1578 mmeu
600 1514 785 1596 discrimine,
810 1518 885 1601 quod
906 1517 944 1580 illi
964 1529 1042 1580 metu
1061 1539 1095 1580 ac
1113 1518 1288 1584 necessitate

135 1617 216 1681 velut
231 1613 434 1682 adolescentes
449 1616 479 1679 iu
495 1616 589 1680 officio
608 1619 846 1697 continerentur,
879 1619 905 1681 bi
924 1629 1023 1704 utpote
1043 1620 1213 1684 conlirmuta
1231 1622 1287 1685 ium

132 1730 231 1784 aetate
248 1731 352 1806 sponte
372 1740 424 1784 sua
444 1739 480 1782 uc
499 1718 649 1783 volontate
668 1721 880 1805 obtemperent.
927 1721 1047 1784 Ateium
1066 1723 1213 1787 cnrrtraria
1232 1724 1287 1789 istu

133 1822 286 1887 vitientur:
317 1825 433 1884 θοαΙιιηι
447 1843 502 1902 pro
521 1823 618 1894 oculo,
644 1831 673 1884 et
689 1822 906 1885 interlectureru
927 1825 1047 1886 interfici
1067 1823 1180 1887 iubere.
1227 1823 1287 1890 set

132 1926 168 1988 de
185 1924 233 1988 illa
253 1923 381 2011 supremi
401 1922 497 1986 iudicii
515 1923 561 1986 die
579 1923 622 1986 sic
639 1923 803 2008 loquentem
824 1921 972 1989 Christum
992 1927 1142 1990 violentus:
1176 1931 1282 2003 lenset,
1301 1946 1384 1991 narrt.

131 2026 241 2112 intepuit,
272 2032 332 2089 ecies
349 2031 476 2089 domebus
493 2027 540 2108 (se
559 2027 651 2110 ipsum
670 2035 766 2088 autem
786 2025 937 2109 iutelligit,
968 2028 1015 2110 qui
1035 2028 1072 2090 sit
1089 2029 1215 2092 orurriurn
1234 2031 1285 2092 do·
1297 1997 1332 2054 ἢ
1344 1999 1376 2043 ω’

133 2128 255 2211 miurus),
274 2141 304 2190 et
316 2150 427 2192 seruum
441 2134 530 2210 ipsum
545 2134 574 2191 ire
589 2132 660 2190 duur
669 2139 770 2209 portes
783 2131 890 2190 secabit
895 2156 905 2204 ,·
928 2141 956 2190 et
965 2142 1076 2210 purtem
1092 2136 1152 2192 eries
1165 2153 1226 2192 eum
1243 2138 1287 2195 iu·

125 2234 262 2315 fidelibus
274 2244 371 2313 ponet.
418 2229 524 2294 Restat
541 2231 631 2313 igitur
650 2241 680 2294 ut
699 2241 801 2293 contra
819 2232 994 2294 salvatorem
1015 2233 1106 2317 ipsunt
1126 2234 1286 2298 calumnias

132 2345 215 2413 tuas,
247 2333 642 2412 remaledictaeonrertas‚
673 2354 797 2418 errorque
817 2332 1009 2396 essebonum
1029 2333 1183 2414 inlicieris,
1215 2347 1286 2400 teur-

131 2437 186 2500 etsi
205 2437 300 2500 bouus
316 2456 382 2498 eum
400 2446 483 2520 pater
496 2435 648 2521 genuerit,
680 2434 831 2521 bonusque
850 2437 889 2498 sit
906 2456 939 2497 ac
956 2436 1069 2515 iustus,
1101 2458 1186 2500 neca
1203 2449 1285 2524 patre

130 2540 277 2604 diversus.
324 2535 472 2622 Quocirca
488 2549 518 2602 tn
535 2539 583 2624 qui
599 2538 693 2624 legum
710 2538 794 2603 nobis
810 2539 934 2624 partitor
947 2560 979 2600 ne
996 2549 1147 2622 geometra
1164 2553 1284 2625 repente

129 2642 275 2731 prodiisti,
297 2662 331 2705 ac
346 2642 486 2706 trifariam
503 2642 641 2706 universa
656 2642 772 2720 dividis,
793 2649 876 2728 potet
890 2642 967 2705 illurn
985 2663 1000 2704 a
1016 2643 1105 2727 patris
1118 2642 1284 2707 abalienare

130 2756 245 2810 nutura.
291 2743 379 2830 Quot
395 2757 492 2810 autem
509 2745 647 2809 rtonnnlla
665 2745 766 2808 deliris
782 2745 810 2807 iu
828 2745 892 2829 lege
908 2765 974 2810 esse
991 2745 1177 2809 abumbranbi
1193 2746 1284 2831 signi·

129 2850 293 2934 beandique
309 2869 413 2912 caussa
429 2849 556 2934 scripta,
591 2848 723 2911 veritatis
744 2848 873 2911 nonnibil
895 2847 1035 2931 attigisti,
1070 2860 1101 2912 ut
1124 2850 1222 2934 paucis
1247 2849 1283 2913 iis

128 2953 257 3037 aspersis
273 2953 349 3015 viam
366 2951 417 3014 tibi
437 2950 467 3014 in
486 2951 593 3014 ceteris
613 2952 647 3012 ad
664 2950 807 3013 fallaciam
825 2951 1011 3035 fraudemque
1031 2953 1171 3016 numires.
1216 2950 1282 3016 Neo

129 3054 206 3119 eninr
226 3055 401 3118 diffitendum
422 3064 467 3117 est
484 3055 551 3139 quin
567 3057 636 3116 boec
655 3057 713 3115 a'llri
729 3057 758 3114 r'n
766 3055 872 3133 figora
887 3059 1073 3133 contigerint,
1104 3060 1210 3136 scriptu
1225 3060 1283 3117 seirt
1297 3076 1385 3171 paupe.

128 3169 220 3221 autem
238 3161 277 3219 ud
293 3161 495 3238 eorreptionem
512 3168 654 3230 normam,
688 3161 717 3218 in
739 3178 808 3237 puer
820 3159 900 3238 finer
922 3161 1079 3219 seculorum
1099 3161 1278 3232 devenerunt,
1328 3160 1335 3183 ’
1372 3161 1378 3172 '

128 3261 303 3327 aitsanctus
319 3261 485 3345 apostolus,
517 3281 581 3322 curn
601 3261 636 3322 de
654 3259 877 3322 circumcisione
895 3280 928 3322 ac
946 3259 1086 3337 sabbato,
1118 3261 1282 3345 ceterisque

127 3364 266 3450 disputat.
312 3363 411 3447 Atque
429 3361 537 3427 utinum
556 3366 711 3426 veritatem
727 3361 756 3424 in
773 3361 908 3425 omnibus
924 3363 1086 3440 retineres,
1112 3383 1205 3446 neque
1224 3373 1282 3425 ter·

127 3465 730 3550 tiumnescioquemderamacnaebiunr,
762 3463 1001 3549 quiuullusest‚
1033 3464 1135 3543 nobis,
1167 3464 1279 3528 voltibi

127 3569 223 3656 potius
246 3590 281 3632 ec
304 3568 362 3633 tuis
380 3568 569 3632 obtruderes!

211 3667 270 3736 set
294 3672 517 3758 impurissimam
539 3670 616 3734 illam
639 3681 716 3735 tuam
740 3691 844 3735 vcoem
867 3671 940 3734 satis
961 3670 991 3732 in
1014 3669 1179 3755 praesentia
1201 3692 1280 3735 conr·
1298 3680 1358 3752 cnp.
1375 3683 1432 3734 ΧΗ.

125 3794 258 3861 pressam
277 3774 420 3852 arbitror,
450 3773 699 3859 impudentissime
712 3774 843 3838 'nebulol
891 3769 984 3838 Cuius
1001 3773 1135 3837 convicta
1157 3776 1280 3840 balsitate

126 3887 281 3961 autequam
299 3877 426 3961 reliquas
441 3876 476 3940 ad
496 3876 634 3942 haereses
652 3877 889 3963 progrediamur,
914 3876 1039 3940 ‹tiviumn
1057 3899 1109 3962 pro
1127 3899 1162 3941 co
1179 3899 1213 3942 ac
1231 3901 1280 3943 su·

125 3980 220 4046 bemus
241 4000 325 4065 opem
349 3978 584 4065 implorabimus,
618 3991 650 4044 ut
671 3980 708 4043 ad
731 3979 794 4042 illus
815 3978 985 4062 iugulandus
1006 3980 1138 4044 tenuitati
1159 3993 1278 4047 nostrae

124 4082 206 4148 vires
221 4081 396 4167 suppeditet.
442 4078 522 4146 Sulis
540 4083 617 4145 cuim
634 4102 674 4144 ex
691 4081 727 4145 iis
745 4101 819 4165 quae
837 4080 964 4144 diximus
981 4082 1159 4148 intellectum
1176 4084 1280 4171 opinor

125 4183 345 4265 Ptolemaeum,
378 4183 481 4248 marini
502 4183 584 4249 cauis
601 4185 712 4261 instar,
743 4183 791 4267 qui
814 4204 831 4246 e
853 4184 957 4269 pelago
976 4186 1130 4270 prosiliens
1148 4189 1277 4274 viperam

123 4321 180 4373 rino
199 4320 330 4382 convenit,
356 4320 401 4371 sed
421 4320 495 4371 etium
516 4320 570 4371 eliis
591 4319 682 4370 multia.
718 4336 804 4370 canem
817 4320 937 4372 murinum
951 4320 1048 4389 viperas
1059 4322 1136 4375 sibilie
1150 4324 1199 4375 suia
1214 4343 1278 4377 ero-

125 4391 209 4454 Qnare
224 4400 250 4440 et
264 4406 397 4441 muraenae
413 4389 531 4440 dentatae
546 4387 621 4440 tribui
635 4404 685 4455 pc-
719 4405 776 4440 care
790 4389 882 4441 scribit
916 4390 977 4452 Quis
992 4408 1098 4458 unquam
1113 4410 1185 4443 canes
1200 4395 1277 4444 mari-

123 4469 190 4518 tat,
207 4474 270 4526 quae
288 4468 314 4510 et
330 4459 384 4526 ipsa
401 4454 589 4527 καρχαρόδους,
610 4465 639 4506 ut
655 4472 685 4507 ex
718 4473 764 4507 nos
779 4456 877 4508 sibilare
892 4457 974 4510 dixit?
1007 4459 1045 4510 Ne
1060 4459 1087 4510 id
1102 4461 1200 4527 quidem
1215 4463 1277 4514 dicit

123 4525 261 4580 Aristotele
276 4537 382 4578 cunstat.
415 4527 475 4578 Non
492 4525 593 4576 dubium
609 4525 686 4594 igitur
718 4525 878 4593 Epiphanius.
893 4528 934 4594 qui
947 4526 1089 4594 συρίγματα
1101 4529 1142 4580 illa
1156 4548 1205 4582 nou
1221 4532 1277 4582 caui

125 4595 184 4662 quin
203 4593 343 4674 καρχαρίας
361 4595 410 4647 boe
431 4594 489 4646 loco
505 4611 621 4646 mitraeus
642 4593 683 4644 ait.
718 4595 814 4644 murino
829 4594 928 4649 tribuit.
948 4605 974 4644 nt
991 4597 1050 4646 lacit
1066 4598 1178 4649 Petaviue
1193 4599 1217 4648 iu
1232 4617 1275 4651 sura

123 4664 217 4716 Verum
228 4673 255 4714 et
266 4662 328 4714 illud
337 4680 455 4734 perquam
465 4663 606 4728 absurdum,
616 4662 684 4732 quod
719 4663 840 4729 versione,
854 4663 899 4716 sed
914 4663 1056 4717 Ptolemaeo
1070 4665 1125 4734 ipsi.
1156 4669 1275 4720 Muraena
