3046 5084
398 346 531 399 ιιιιιιιιι
549 348 613 399 ιιι.
626 350 645 399 ι.
661 348 743 403 rom.
760 350 792 401 tt.
809 350 908 401 unua.
921 350 1023 401 xxxi,
1223 338 1280 401 att

222 468 278 535 flia
301 470 341 534 ita
365 466 532 533 constituti·
557 466 678 553 primum
702 468 783 533 illum
804 466 961 534 Parentem
986 469 1024 534 ab
1047 466 1184 554 Unigenu
1206 468 1284 548 eolo,
1303 485 1361 554 cap.
1378 484 1436 536 xtt.

139 592 223 660 quem
240 573 268 638 ia
283 571 440 661 pmduxit,
471 568 521 654 qui
535 569 612 633 idom
631 580 663 634 et
677 566 745 635 Noa
760 569 882 648 dicitur,
909 572 1049 655 cognosci
1065 572 1220 651 deliniunt3
1250 571 1286 634 ab

140 676 260 762 reliquia
282 675 416 741 omnibus
438 692 534 757 neque
553 670 648 737 uideri
672 691 775 756 posse,
808 691 903 756 neque
923 672 1020 736 animo
1037 674 1286 756 intelligentiaque

139 778 356 866 comprehendi.
407 772 605 859 Quamobrem
634 794 698 838 ouon
722 770 858 838 Parentis
879 774 1121 857 contemplatione
1145 794 1213 839 sese
1239 774 1288 838 ille

139 902 216 945 nana
231 880 402 956 oblectaret,
426 888 514 963 atque
528 877 668 942 immensa
680 873 758 941 illius
773 876 970 961 magnitudine
983 877 1188 960 cognoscenda
1200 877 1290 940 velte·

141 992 255 1047 menter
269 981 426 1058 exultaret,
442 979 581 1044 statuisse
595 978 716 1064 reliquia
730 979 883 1043 Aeonibne
898 975 1034 1043 Parentis
1048 979 1163 1063 aperire
1178 978 1289 1063 magni·

140 1086 287 1162 tudinem,
319 1092 443 1167 quantus
461 1082 525 1161 bic,
555 1102 698 1167 quomque
713 1081 891 1145 admirabilis
909 1082 1003 1160 iuret,
1034 1092 1122 1167 utque
1137 1094 1167 1145 et
1181 1080 1288 1167 princi·

140 1187 216 1272 cipio
230 1194 364 1264 careret,
385 1194 417 1249 et
432 1184 511 1249 nullo
524 1184 619 1271 spatio
635 1184 855 1267 recognitione
872 1185 935 1269 oapi
950 1194 1061 1270 posset.
1107 1181 1166 1249 Sed
1182 1184 1210 1246 id
1229 1205 1287 1267 qno

140 1290 237 1354 minna
253 1296 430 1374 praestaret,
463 1282 554 1370 Sigen
570 1287 607 1351 de
623 1283 759 1351 Parentis
776 1287 955 1373 repressisse
973 1285 1114 1365 consilio,
1146 1286 1221 1371 qnod
1239 1286 1287 1350 ille

140 1392 263 1455 Aeones
282 1407 384 1454 omoea
400 1388 504 1453 summi
521 1389 557 1454 ed
573 1386 710 1454 Parentis
726 1389 858 1453 notitiam
877 1389 1111 1474 desideriumque
1126 1390 1287 1474 perducere

141 1493 294 1557 niteretur.
329 1490 376 1557 ec
390 1491 480 1556 aeteri
495 1491 610 1576 quidem
623 1512 663 1556 eu
678 1491 814 1557 Aeonum
829 1510 921 1576 grege
937 1502 1085 1557 auctorem
1101 1502 1286 1576 saturamque

141 1616 243 1675 sunm,
273 1593 328 1659 boe
349 1604 394 1659 est
416 1592 536 1679 stirpem
559 1593 636 1658 illam
653 1592 839 1678 radicemque
857 1594 988 1680 principii
1004 1605 1157 1680 expertem
1177 1594 1285 1674 omnis,

139 1716 228 1762 nosse
248 1694 372 1761 comiter
392 1716 428 1761 eo
446 1696 595 1761 moderate
613 1695 778 1781 cupiebant.
823 1694 883 1761 Sed
901 1694 1053 1783 Sapientia
1069 1696 1186 1762 ultimus
1202 1707 1286 1761 natu·

139 1817 195 1884 pue
213 1798 347 1865 minimus
365 1798 452 1864 Aeon
470 1818 511 1861 ex
528 1796 578 1861 illa
597 1794 771 1877 bodemen,
803 1819 877 1881 quae
895 1798 932 1862 ab
950 1797 1076 1863 Homine
1094 1798 1286 1885 Ecclesieqne

138 1910 381 1987 propagatum,
414 1899 501 1985 longa
525 1899 633 1965 ceteris
655 1900 894 1985 intemperantius
921 1922 989 1966 sesa
1014 1902 1132 1967 extulit.
1185 1899 1287 1987 ltaque

138 2004 202 2069 siue
213 2001 332 2068 Tbeleti
348 2001 483 2087 coniugia
497 2002 680 2088 copulatione
693 2002 876 2066 allectionem
891 2003 920 2066 ln
937 2023 969 2067 se
987 2005 1130 2089 quandam
1145 2005 1285 2090 suscepit,

138 2127 213 2192 qnae
228 2107 258 2170 in
272 2103 376 2171 Mente
390 2127 426 2171 ac
442 2104 577 2171 Veniente
592 2114 696 2190 coepta
709 2105 790 2190 prins
803 2105 832 2168 in
849 2105 993 2169 infelicem
1008 2107 1086 2170 illum
1103 2118 1133 2170 et
1147 2108 1287 2171 aberran-

138 2220 197 2275 tem
214 2208 348 2273 Aeonem
366 2206 513 2287 incubuit,
538 2226 612 2292 qnae
625 2207 724 2293 specie
739 2206 853 2292 quidem
869 2207 999 2272 caritatis
1013 2209 1158 2288 excitata,
1182 2229 1287 2274 revera

139 2310 313 2377 demeritorie
331 2322 418 2396 atque
434 2309 573 2375 andaciae
590 2310 659 2389 fuit,
683 2311 758 2396 qnod
782 2332 846 2373 cnm
867 2311 997 2394 perlecto
1013 2307 1142 2376 Parente
1159 2334 1288 2377 commu·

138 2416 234 2480 niceta
251 2415 371 2479 minime
389 2415 494 2479 luerat.
539 2409 613 2478 Erat
631 2423 728 2478 antem
747 2412 820 2477 boec
838 2413 926 2477 animi
946 2415 1118 2495 commotio,
1151 2413 1287 2479 Parentis

137 2517 302 2602 inquirendi
318 2516 462 2596 studium,
484 2515 586 2595 onius,
611 2526 643 2580 ut
660 2515 758 2595 aiunt,
781 2515 1009 2600 magnitudinem
1025 2518 1192 2602 cognitione
1206 2537 1288 2581 esse·

139 2620 186 2705 qui
207 2618 414 2685 contendebat.
459 2615 570 2683 Verum
591 2620 700 2685 iroatra
716 2618 882 2697 laborabat,
914 2620 989 2703 qnod
1013 2640 1076 2684 euru
1097 2640 1159 2684 rem
1179 2640 1287 2685 conco·

138 2722 270 2808 piverut,
301 2742 375 2807 puae
401 2721 526 2785 obtineri
547 2721 626 2785 nollo
650 2722 736 2786 modo
758 2732 868 2807 posset.
916 2719 1014 2806 ltaque
1037 2744 1101 2787 curn
1123 2723 1153 2787 in
1175 2744 1287 2788 summa

139 2824 326 2890 contentione
342 2836 373 2887 et
390 2824 541 2889 anxietate
554 2834 743 2904 uersaretur,
767 2844 801 2887 ac
820 2835 938 2910 propter
956 2836 985 2888 et
1002 2825 1143 2890 inlinitum
1161 2827 1286 2891 altitudi-

138 2948 205 2991 nem
228 2938 258 2990 et
274 2924 410 2991 Parentis
431 2937 565 2991 naturum
588 2926 747 3006 eiusmodi,
778 2937 811 2990 ut
828 2927 864 2991 nd
884 2948 947 2991 eum
965 2928 1051 2992 nullis
1070 2929 1202 3013 vestigiis
1223 2951 1288 3014 per·

138 3030 270 3108 veniret,
295 3039 325 3092 et
343 3029 379 3093 ob
396 3050 478 3095 snam
494 3029 524 3092 in
542 3029 621 3093 illuat
639 3028 764 3114 denique
780 3030 951 3110 caritatem,
976 3051 1046 3116 prae
1063 3032 1127 3095 eius
1143 3034 1286 3097 suavitate

138 3152 255 3218 semper
275 3132 351 3197 ultro
373 3142 577 3218 procurreret,
609 3142 758 3217 postremo
774 3131 844 3196 nibil
857 3152 925 3196 esee
939 3133 1058 3220 propius
1077 3136 1182 3199 lactum
1201 3157 1286 3220 qnam

137 3245 170 3300 nt
183 3235 213 3299 in
227 3234 396 3299 nniversam
411 3234 550 3321 absorpta
564 3244 698 3299 naturam
713 3255 749 3298 ac
761 3236 890 3300 resoluta
903 3247 1088 3316 vanesceret,
1107 3238 1163 3301 nini
1179 3237 1208 3300 in
1222 3259 1286 3301 eam

136 3336 286 3405 Virtutem
312 3336 466 3403 incidisset
492 3337 538 3403 cni
566 3337 849 3402 corroborandorum
877 3348 907 3402 et
934 3339 1166 3424 inexplicabilem
1199 3351 1286 3404 extra

137 3439 364 3525 magnitudinem
377 3440 646 3506 conservandorum
658 3439 786 3505 omnium
799 3462 903 3505 munus
917 3452 982 3505 erut
996 3440 1177 3505 attributum.
1210 3440 1283 3506 liam

136 3564 224 3630 porro
239 3540 387 3609 Virtutum
401 3544 460 3609 alio
475 3543 594 3609 nomine
604 3540 717 3608 florum
730 3543 887 3629 appellant.
920 3544 968 3609 Ab
981 3544 1034 3607 bae
1047 3544 1202 3610 ecbibitam
1216 3567 1285 3610 eon·

136 3647 337 3732 firmatumque
358 3644 540 3735 Sapientiam
562 3666 652 3731 aegra
672 3647 710 3711 ad
731 3648 919 3733 semetipsum
941 3646 1082 3725 rediisse,
1114 3647 1284 3735 demumque

136 3768 307 3835 paramenta
327 3749 480 3815 labentem
503 3770 563 3815 non
584 3770 672 3837 paese
688 3744 846 3815 Parentum
868 3769 953 3814 anum
972 3750 1139 3834 cognitione
1155 3772 1287 3838 compre·

135 3853 240 3934 bendi,
271 3853 398 3939 priorem
415 3852 623 3939 cogitationem
644 3874 709 3918 cum
732 3852 888 3939 posteriori
907 3853 1118 3934 commotione,
1145 3866 1224 3941 quae
1247 3877 1285 3920 ex

133 3966 253 4045 stupore
273 3955 324 4021 illo
347 3966 376 4020 et
398 3954 594 4023 admiratione
607 3966 685 4035 *nata
708 3956 819 4035 luerat,
844 3954 975 4019 exuisse.

216 4054 276 4125 Sed
291 4058 414 4123 istorum
432 4057 548 4145 quidam
563 4056 641 4125 illam
660 4056 829 4143 Sapientiae
845 4057 1090 4144 perturbationem
1109 4080 1144 4125 ac
1160 4062 1278 4127 restitu·
1291 4068 1431 4138 (tapxttt.

132 4160 240 4227 tionem
256 4162 360 4248 quibua
378 4160 464 4247 numo
480 4160 654 4226 involvunt?
695 4160 842 4225 Nimirum
861 4183 926 4225 cum
945 4160 1084 4227 eiusmodi
1103 4163 1210 4250 aliquid
1229 4186 1279 4253 ap

137 4318 192 4401 rap.
205 4318 273 4369 tute
283 4319 334 4401 aad
343 4317 418 4385 ζυγοῦ
431 4314 529 4380 τούτου,
544 4318 629 4381 retiret
641 4317 696 4369 libri
762 4315 821 4367 car.
836 4316 958 4400 m.-
982 4316 1003 4369 l.
1021 4320 1225 4384 mammam
1239 4324 1286 4374 pp.

137 4387 376 4537 Vm&
391 4457 444 4509 aaa.
461 4456 516 4506 aaa
726 4387 1286 4537 fflmffmmnffnmnnmffiffl

165 4518 431 4645 bsslss‘e'ib..
725 4517 1036 4658 smmpto
1052 4526 1115 4585 '‘⁶³“
