3046 5084
247 373 307 433 712
667 383 789 435 θλΝῦΤΙ
805 384 973 435 ΕΡΙΡΗΔΝΙΙ

247 508 306 565 σῶν
330 497 556 586 εὑρεθήσονται,
588 502 638 566 καί
666 498 763 565 οόκέτι
786 503 888 566 πολλαί
909 498 1013 587 άρχαὶ,
1044 497 1102 565 ἄλλ’
1123 498 1145 583 ή
1168 503 1222 584 μία
1242 498 1264 585 ή
1285 498 1402 569 τούτων

248 604 325 667 αἰτία
344 613 496 688 γεγονυῖα,
526 605 577 669 καὶ
596 600 792 685 ἀναχθήσεται
809 601 905 669 πάντα
928 606 969 680 είς
985 602 1038 686 τήν
1054 608 1124 686 μίαν
1141 606 1319 689 μοναρχίαν,
1345 606 1400 669 καλ

248 707 376 770 διέπεσεν
394 703 414 788 ή
431 714 484 771 τοῦ
499 704 636 771 τοιούτου
652 711 865 791 πιθανολογία,
887 708 939 771 καὶ
958 703 1013 771 οιίκ
1031 704 1172 789 άλήθεια,
1193 702 1262 771 οὔτε
1277 704 1333 788 τήν
1349 734 1398 773 πι-

246 813 424 893 θανολογίαν
440 810 588 891 δυναμένη
605 810 686 890 έχειν.
730 807 847 893 Μωρδν
864 806 918 894 γάρ
936 806 968 873 τό
984 806 1054 874 ίίλον
1071 807 1216 893 κήρυγμα.
1262 811 1325 873 Καὶ
1339 812 1368 873 εί
1382 805 1400 875 6

246 909 337 993 Ἀδάμ
355 908 392 976 οό
407 910 539 989 σώζεται,
564 908 620 975 ’έτό
639 909 777 995 φύραμα,
801 907 870 975 οόδέ
887 939 914 974 τι
928 918 980 975 τοῦ
996 909 1171 996 φυράματος
1184 909 1313 989 σοίζεται.
1359 915 1403 977 El

247 1011 302 1098 γάρ
320 1010 338 1078 6
353 1012 578 1099 πρωτόπλαστος
594 1015 643 1077 καὶ
663 1016 692 1089 ἐξ
709 1010 835 1078 α’θίκτον
852 1021 906 1099 γῆς
921 1012 1075 1098 γενόμενος
1089 1019 1235 1101 σωτηρίας
1252 1010 1291 1079 οό
1310 1016 1400 1096 μεθέ-

248 1120 303 1197 ξει,
325 1122 389 1190 πῶς
410 1113 446 1179 τά
468 1118 498 1191 ἐξ
519 1113 610 1180 αὐτοῦ
631 1116 807 1200 γεγενημένα
829 1117 944 1198 μεθέξει
965 1120 1123 1201 σωτηρίαςς

220 1468 226 1482 .
331 1421 415 1485 Κατά
432 1421 486 1507 γάρ
504 1422 558 1487 δύο
575 1421 705 1506 τρόπους
725 1419 915 1507 εὑρεθήσεται
927 1420 998 1487 καθ’
1016 1423 1123 1489 ἑαυτοῦ
1137 1424 1236 1509 λέγων.
1285 1421 1399 1489 Φάσκει

246 1523 300 1609 γάρ
318 1522 368 1588 τόν
386 1524 480 1608 γάμον
498 1522 572 1589 εἶναι
589 1521 645 1589 οόκ
663 1526 695 1590 έκ
712 1531 765 1589 τοῦ
785 1529 876 1603 θεοῦ,
907 1521 977 1590 άλλά
993 1529 1132 1611 πορνείας
1149 1520 1223 1591 εἶναι
1239 1524 1331 1591 αὐτόν
1345 1528 1398 1591 καί

247 1633 355 1708 μῦσος,
386 1628 436 1690 καί
454 1624 558 1691 ἔαυτόν
574 1626 671 1711 γόμον
690 1624 875 1712 ὑπάρχοντα,
906 1630 957 1693 καὶ
974 1630 1006 1692 έκ
1021 1625 1162 1713 γυναικός
1176 1629 1399 1713 γεγεννημένον,

246 1731 297 1795 καί
314 1731 345 1793 έκ
364 1735 478 1813 σπορᾶς
495 1726 610 1814 άνδρῶυ
624 1727 734 1815 ήγεῖται
752 1729 904 1808 σώζεσθαι.
940 1728 1017 1815 ’Ἆρα
1034 1722 1090 1795 οὖν
1106 1728 1194 1795 πάλιν
1209 1728 1330 1797 άνέλυσε
1345 1730 1401 1815 τήν

246 1829 339 1895 αὐτοῦ
354 1830 429 1895 κατά
444 1839 497 1896 τοῦ
513 1832 609 1917 γάμον
626 1836 822 1915 βλασφημίαν.
867 1835 908 1895 Εἰ
921 1831 976 1917 γάρ
991 1823 1079 1909 οὗτος
1093 1834 1126 1898 ίκ
1138 1830 1240 1919 γάμων
1255 1830 1400 1919 ὑπάρχων

247 1938 392 2017 σωτηρίαν
410 1936 481 2013 ἕξει,
504 1932 561 2017 άρα
575 1933 611 1999 06
628 1937 774 2019 βδέλυγμα
789 1933 807 1999 ό
824 1934 928 2019 γάμος,
951 1930 968 2000 6
983 1942 1092 2019 γεννῶν
1107 1933 1177 2011 τοός
1190 1942 1243 2019 τῆς
1255 1942 1400 2022 σωτηρίας

246 2039 423 2119 μετέχοντας,
447 2040 501 2124 οἵῳ
517 2035 542 2101 δ’
557 2035 593 2101 άν
607 2039 689 2101 θέλοι
703 2036 803 2126 τρόπω
819 2038 920 2122 λέγειν.
964 2041 1007 2101 Εἰ
1020 2038 1051 2101 δὲ
1064 2042 1185 2120 συσταίη
1202 2036 1264 2103 κατ’
1285 2037 1400 2105 ιαὐτόν

246 2138 345 2224 λόγος,
377 2139 422 2204 ὅτι
443 2138 584 2221 άθέμιτός
607 2142 684 2204 ἐστιν
700 2137 717 2203 6
735 2139 843 2225 γάμος,
875 2137 933 2223 άρα
950 2146 1058 2222 μᾶλλον
1076 2137 1094 2204 6
1110 2136 1204 2222 Ἀδάμ
1219 2140 1399 2224 σωθήσεται,

246 2240 286 2325 μή
307 2240 365 2306 άπό
386 2244 482 2327 γάμου
502 2239 686 2326 όρμοίμενος,
718 2239 776 2306 ἀλλ’
800 2244 832 2307 έν
851 2244 921 2327 χειρί
944 2240 1056 2325 πατρός
1078 2244 1129 2308 καί
1149 2246 1219 2309 υίοῦ
1240 2246 1292 2310 καλ
1311 2241 1400 2331 άχίον

245 2342 411 2426 πνεύματος
427 2346 641 2426 πεπλασμένος,
663 2343 737 2409 κατά
753 2344 785 2409 τό
804 2347 981 2429 έείρημένον
998 2342 1047 2409 ὑπ’
1062 2342 1157 2411 αότοῦ
1173 2352 1227 2411 τοῦ
1242 2342 1327 2432 άγίον
1340 2374 1398 2411 πα·

245 2446 314 2532 τρός
333 2445 409 2532 πρδς
427 2444 480 2511 τόν
501 2444 567 2512 υίόν
586 2446 645 2525 ότι,
680 2445 859 2529 Ποιήσωμεν
876 2444 1042 2532 άνθρωπον
1062 2444 1125 2513 κατ’
1141 2446 1242 2513 εἰκόνα
1255 2444 1400 2535 ήμετέραν

246 2551 296 2615 καὶ
310 2547 380 2614 καθ’
397 2546 545 2631 όμοίωσιν.
592 2556 665 2624 Πῶς
680 2550 711 2613 δέ
727 2546 764 2614 οό
778 2548 895 2627 σώζεται
913 2547 931 2615 6
946 2547 1038 2632 Ἀδάμ
1053 2546 1071 2617 6
1086 2548 1168 2636 παρά
1185 2554 1233 2619 σοί
1246 2548 1402 2631 άπελκτζό-

125 2690 175 2736 ηις,
188 2680 232 2723 m.
247 2679 349 2736 μενος,
373 2649 461 2717 όπότε
477 2649 566 2727 αότός
582 2649 599 2716 6
616 2651 719 2736 κύριος
734 2649 820 2734 ήμῶν
837 2649 949 2735 Ἰησοῦς
967 2651 1095 2738 Χριστός
1110 2651 1208 2719 έλθεδν
1222 2656 1264 2731 είς
1281 2652 1333 2721 τόν
1349 2654 1401 2721 κό·

245 2778 320 2839 σμον
339 2752 460 2840 νεκροδς
478 2752 549 2837 μετά
570 2753 623 2837 τήν
642 2754 774 2837 τελευτήν
796 2757 895 2840 ἐγείρει
917 2757 948 2821 έν
967 2753 1047 2844 αότῷ
1069 2763 1110 2845 τῷ
1129 2755 1257 2840 στόματι,
1289 2754 1331 2835 σός
1347 2756 1402 2825 τόν

244 2858 399 2944 Λάζαρον,
422 2859 472 2922 καὶ
486 2855 554 2922 υἱόν
567 2863 619 2939 τῆς
636 2855 755 2941 Χήρας,
777 2859 827 2922 καί
844 2855 897 2940 τήν
911 2860 1063 2945 θυγατέρα
1078 2866 1133 2925 τοῦ
1146 2856 1399 2946 άρχισυναχοίγου.

247 2965 306 3028 Καὶ
320 2965 347 3026 εἰ
360 2958 449 3036 αὐτός
463 2956 518 3025 οὐκ
534 2952 572 3042 ἦν
587 2956 605 3024 6
619 2959 671 3026 τόν
684 2957 777 3042 Ἀδάμ
795 2959 908 3037 πλάσας
923 2963 957 3027 έκ
969 2960 1039 3043 χοός
1053 2959 1103 3027 ἀπ’
1118 2960 1224 3047 ἀρχῆς,
1246 2968 1313 3040 πῶς
1327 2962 1400 3029 πτό-

245 3088 297 3142 σας
312 3066 402 3149 χαμαί
420 3066 538 3146 έποίησε
554 3060 649 3144 πηλόν
664 3064 714 3126 καὶ
731 3064 853 3129 έπέθετο
870 3065 918 3129 έπί
933 3062 1004 3140 τοδς
1021 3062 1200 3147 όφθαλμοιίς
1214 3072 1270 3131 τοῦ
1284 3074 1401 3149 τυφλοῦ

244 3176 297 3233 τοῦ
314 3171 346 3233 ἐκ
362 3174 493 3252 γενετῆς,
521 3167 572 3231 καὶ
591 3167 728 3247 έποίησεν
746 3163 836 3231 αὐτόν
850 3168 981 3248 βλέπειν,
1015 3170 1066 3233 3εί
1079 3166 1119 3251 μή
1132 3170 1183 3233 ’ίνα
1198 3171 1279 3257 δείξῃ
1292 3166 1401 3235 ἔαυτόν

244 3257 297 3354 μέν
319 3268 393 3336 εἶναι
413 3268 466 3335 τόν
487 3268 617 3351 πλάστην
638 3266 693 3333 σάν
714 3274 755 3357 τῷ
776 3270 864 3353 πατρί
888 3271 936 3334 καί
959 3276 1000 3358 τῷ
1018 3267 1093 3359 άγίιμ
1109 3272 1268 3353 πνεύματι,
1296 3272 1349 3337 καλ
1364 3270 1400 3339 τό

245 3374 357 3449 ἐλλιπές
376 3375 464 3458 μέρος
486 3374 518 3438 έν
538 3379 579 3460 τῷ
601 3369 659 3436 α’πό
682 3378 798 3455 γενετῆς
814 3373 1011 3460 γεγεννημένῳ
1034 3378 1135 3461 τυφλῷ
1157 3370 1208 3438 διά
1228 3378 1283 3439 τοῦ
1300 3380 1399 3457 πηλοῦ

245 3478 415 3563 προςτιθείς
436 3482 476 3564 τῷ
498 3480 625 3539 λείποντι
645 3472 728 3562 τόπῳ
734 3501 743 3551 3
776 3474 978 3559 Διορθοίσεως
994 3472 1051 3560 γάρ
1066 3476 1163 3541 ένειιεν
1177 3482 1231 3541 τοῦ
1246 3480 1401 3553 λείποντος

244 3581 352 3664 μέρους
368 3583 503 3661 φαίνεται
518 3584 604 3643 τοῦτο
620 3578 820 3659 πεποιηκέναι.
864 3580 907 3641 El
919 3580 953 3643 δέ
964 3576 1053 3644 πάλιν
1068 3573 1159 3655 αότός
1172 3580 1251 3645 έστιν
1263 3576 1282 3647 6
1295 3578 1402 3665 κάρτος

243 3680 336 3765 Ἀδάμ
351 3681 480 3761 πλάσας,
502 3682 553 3745 καί
569 3677 660 3745 αότόν
674 3679 726 3745 τόν
741 3679 971 3767 πρωτόπλαστον
986 3678 1139 3760 άπολλόει,
1160 3678 1231 3757 συός
1245 3682 1278 3747 δέ
1292 3680 1402 3761 ἄλλους

243 3784 341 3864 σοίζει,
365 3778 389 3849 οἷ
405 3781 495 3865 πολλή
511 3806 567 3848 σου
582 3782 823 3870 ματαιυφροσόνη
846 3785 977 3849 Τατιανέ.
1019 3781 1200 3865 Ἀδνναμίαν
1213 3780 1271 3869 γάρ
1286 3792 1330 3875 τῷ
1346 3812 1400 3853 αν·

244 3894 297 3977 ρίρν
314 3885 388 3952 κατά
405 3884 531 3969 δύναμιν
547 3888 741 3970 προςάπτεις,
763 3893 804 3975 τῷ
821 3888 974 3975 δυναμένην
992 3884 1044 3953 τόν
1059 3883 1290 3973 πρωτόπλαστον
1304 3886 1402 3955 αὐτοῦ

243 3991 293 4055 διά
308 3997 378 4073 μίαν
393 3988 549 4073 παρακοήν
566 3992 777 4073 ἐκβεβλημένον
791 3998 845 4055 τοῦ
866 3994 1057 4075 Παραδείσου
1073 3992 1125 4055 καλ
1141 3992 1277 4067 παιδείας
1291 3988 1331 4057 ⁰6
1345 3998 1402 4075 τῆς

243 4093 388 4175 τυχούσης
404 4092 595 4175 μετασχόντα,
625 4096 656 4158 έν
674 4096 776 4179 ἱδρῶτι
790 4095 841 4159 καλ
855 4091 978 4183 καμάτῳ
991 4091 1221 4173 διατετελεαότα,
1249 4094 1301 4159 καί
1316 4096 1399 4161 κατί-

275 4283 326 4343 ·2‚,
330 4286 415 4340 ‚Deest
432 4285 564 4365 repetitum
580 4280 609 4337 ου’
627 4280 672 4337 σοί
669 4288 745 4349 ζετηα
762 4284 802 4335 vel
872 4285 1213 4337 61ο.111.·-1.οσπττί
1234 4276 1331 4349 αιίτδν,
1353 4300 1401 4351 μη

242 4350 289 4417 leg
305 4348 364 4404 τόδὲ
380 4349 571 4419 -δφυράματςο
587 4352 653 4416 σώζε
654 4360 712 4407 τι“α
728 4370 802 4404 anno·
834 4356 964 4417 ηκουα1ςο
980 4347 1078 4415 αότῶν,
1095 4356 1345 4417 mmmmm.
1370 4358 1402 4405 m

241 4424 300 4469 tavit
311 4424 462 4471 Ρελοειυειιι
476 4438 553 4485 marg).
565 4426 690 4473 succedit,
715 4428 801 4473 1.(1ο-
835 4426 964 4474 comorius
977 4426 1123 4473 λοιπνετλίλε
1139 4421 1166 4471 si
1180 4438 1240 4471 ιντο
1255 4420 1402 4475 eoum-it

239 4490 729 4573 ίαλετολιλιετι11ίεοτ11.ραρ31λμ.θο9.
740 4495 801 4553 Ομμ.
834 4489 1017 4577 ἰρείιιτεεεειιρ.
1054 4492 1160 4542 ceterum
1175 4492 1270 4541 nullm
1287 4490 1400 4559 συσταίη

243 4558 299 4606 Crit.
315 4550 437 4617 γέρονθ’
421 4552 465 4623 αφ’
480 4548 535 4610 οδ
523 4555 672 4626 τὸφίραμα
686 4565 736 4610 ουλε.
759 4562 801 4611 οἳ·
835 4576 915 4612 οκατ
939 4553 1017 4613 αὐτόν
1033 4554 1116 4625 λόχος.

241 4626 274 4673 hil
289 4630 361 4674 ποία.
867 4626 978 4679 Uim
993 4626 1182 4695 γεγραμμένον,
1205 4626 1269 4691 [d
1286 4628 1400 4683 m
