3046 5084
366 340 503 395 rnuann
519 340 596 394 nov.
611 338 783 393 susumus
799 340 862 391 uun
875 340 894 391 ι.
911 338 993 391 uon.
1006 339 1024 390 ι.
1224 322 1266 387 ιιι

208 458 368 527 cauerat·
391 460 441 545 qni
463 458 537 522 boec
557 470 660 523 nostro
681 458 888 541 ommiumque
908 456 1089 542 quaestionis
1109 456 1204 541 gretia
1224 458 1266 522 le·
1285 469 1343 536 esp.
1364 470 1394 519 tt.

123 575 213 651 gent,
236 564 264 627 id
287 574 354 628 anto
372 560 474 625 oculos
495 558 622 623 babeant
639 560 745 638 velim,
768 580 822 644 pro
842 569 1003 643 temporum
1012 558 1267 643 ‘occasionumque

125 667 208 751 copie
224 665 346 729 inventa
362 662 434 725 baec
452 679 549 723 essce
567 660 652 723 nobis
669 658 779 737 omnia,
803 678 999 743 quoecumque
1016 680 1070 743 pro
1086 660 1171 723 buius
1187 662 1269 746 inge·

126 766 196 831 nioli
216 766 354 829 ineuitntc
370 760 551 845 investigere
567 760 729 844 potuimus,
753 778 848 843 neque
868 761 995 822 omnium
1014 780 1089 844 quoe
1111 762 1141 823 iu
1163 764 1269 826 mundo

125 879 194 932 eunt
211 866 412 931 mectetiunenr
426 861 482 925 boc
497 861 528 925 io
544 880 634 945 opere
651 860 792 946 probteri.
836 857 914 922 Nam
931 881 1024 944 neque
1043 864 1210 945 percenseri
1227 866 1269 926 di·

125 970 236 1048 condo,
265 962 361 1049 neque
384 982 507 1027 numero
529 961 734 1047 cumprehendi
757 972 896 1046 possunt,
924 972 1010 1044 utque
1030 974 1062 1026 ιιι
1083 962 1268 1027 bumanorum

125 1068 232 1134 virium
248 1076 361 1149 captum
377 1074 559 1149 exuperant,
582 1064 623 1127 its
638 1063 693 1127 soii
709 1063 836 1126 omnium
853 1062 971 1125 domiuo
989 1072 1140 1148 perspecto
1156 1076 1270 1128 suntet

126 1168 255 1253 cognito.
286 1163 347 1231 Sed
362 1164 525 1229 eudemum
540 1163 666 1229 instituti
679 1164 772 1227 nostri
789 1162 864 1227 rntio
879 1173 935 1243 est,
956 1174 987 1226 ut
1001 1164 1154 1248 opiniones
1169 1166 1269 1251 cogni-

126 1271 281 1352 tionesqne
295 1268 405 1344 sense,
428 1286 464 1330 ae
481 1276 539 1331 tam
556 1265 624 1330 tuci
637 1286 722 1351 qnsm
739 1265 916 1329 inddetitutis
935 1266 1144 1349 professiones,
1168 1268 1270 1331 baere-

127 1390 177 1435 ses
192 1369 261 1433 iton
271 1382 311 1433 ed
325 1386 416 1451 preve
431 1368 564 1455 dogmate
581 1368 776 1453 complectar,
801 1388 875 1450 quae
892 1386 994 1430 erroro
1010 1367 1200 1432 circumventi
1219 1370 1270 1433 bu-

127 1471 220 1534 nione
238 1480 299 1533 toto
319 1468 392 1535 orbe
408 1468 652 1549 dissemineruuts
674 1490 715 1533 ex
736 1490 794 1552 quo
810 1468 932 1553 primum
949 1468 1103 1531 bumauuru
1125 1488 1218 1553 genus
1239 1472 1269 1534 in

128 1583 207 1636 tem
223 1568 369 1635 conditu·
386 1581 433 1635 est
449 1572 485 1633 ed
503 1570 674 1635 bodiemum
690 1590 782 1655 usquo
798 1580 921 1653 tempus,
947 1570 994 1653 qui
1010 1580 1056 1632 est
1070 1568 1270 1636 Valentiniani

128 1683 159 1737 nt
175 1670 310 1739 Veientis
326 1694 419 1738 annus
436 1669 511 1753 XL,
533 1670 668 1737 Gratiani
686 1668 756 1736 Vii.
802 1672 899 1755 Atque
919 1672 965 1734 iiia
983 1672 1117 1754 quidem,
1141 1693 1215 1757 qnee
1234 1675 1270 1737 de

128 1774 299 1839 beeresibue
312 1786 363 1837 aut
376 1772 493 1837 baereei
507 1774 586 1837 omni
601 1773 800 1858 superioribus
813 1772 952 1835 institutis
969 1773 1116 1837 disserere
1131 1794 1166 1837 ac
1180 1776 1271 1838 tecto·

125 1876 207 1940 ribus
221 1894 386 1961 proponere
400 1874 597 1959 aggredimur,
615 1884 684 1937 sunt
697 1894 715 1939 e
728 1874 813 1939 nobis
828 1872 931 1960 partior
949 1874 1080 1939 doctrino
1096 1876 1272 1941 aelectione

127 1979 261 2063 cognite,
287 1976 391 2062 partius
411 1974 559 2040 auditione
573 1984 727 2060 percepta,
751 1974 854 2059 partim
872 1974 959 2038 etism
980 1976 1099 2040 auribus
1114 1977 1185 2063 ipsis
1202 2000 1272 2042 ocu·

127 2078 221 2163 lisque
241 2076 385 2141 eobiecte.
429 2076 478 2140 nt
494 2075 566 2139 bscc
584 2075 787 2139 uoueuiterum
806 2085 951 2139 recturum
968 2077 1115 2159 origines,
1139 2099 1205 2142 cnm
1221 2081 1273 2143 do-

127 2180 272 2265 gmatibus
296 2179 369 2265 ipsis
388 2188 526 2241 senoreto
544 2177 586 2241 ita
600 2176 644 2241 nti
661 2176 786 2262 proiessi
807 2196 925 2254 sumus,
950 2179 1107 2242 tradituros
1129 2200 1183 2243 uos
1205 2200 1273 2244 esse

128 2280 318 2360 condidimuss
340 2280 370 2344 in
388 2280 454 2343 aiiis
471 2290 583 2365 partem
597 2291 702 2343 eornm
717 2278 860 2342 duntaxnt
876 2276 1052 2362 attingemus
1073 2301 1147 2363 quae
1164 2280 1199 2345 sb
1215 2282 1273 2347 ittis

127 2382 200 2467 ipsie
218 2392 322 2447 exorte
336 2392 417 2460 sunt,
440 2391 578 2465 quantum
595 2378 713 2465 urridens
729 2379 778 2443 rel
792 2400 832 2443 ex
846 2380 1042 2443 monumentis
1057 2393 1202 2461 veterum,
1225 2386 1274 2449 vei

129 2504 169 2549 ex
184 2484 331 2547 bominum
346 2483 517 2547 narretioue
533 2482 582 2567 qui
595 2482 792 2568 pienissimnm
809 2481 895 2545 nobis
910 2482 993 2544 bdem
1012 2484 1141 2546 iecerant
1156 2484 1275 2549 bsurire

129 2586 288 2672 potuimus.
333 2582 394 2650 Sed
409 2583 439 2647 io
455 2605 519 2648 ιιιιιι
535 2594 626 2649 totum
643 2582 872 2647 lucubrationem
890 2586 934 2647 sic
949 2582 1145 2665 incubuimus,
1169 2606 1227 2649 uon
1244 2597 1276 2650 nt

131 2707 184 2773 per
198 2708 252 2751 nos
267 2687 348 2772 ipsos
367 2696 472 2772 sponte
488 2704 728 2771 capesseremne,
750 2696 801 2748 aut
819 2685 849 2748 iu
868 2705 902 2749 eo
918 2706 972 2750 nus
987 2698 1157 2770 argumenta
1172 2708 1276 2775 perpe·

130 2808 193 2853 rem
216 2788 457 2866 immitteremus,
485 2807 560 2871 quae
582 2786 688 2850 virium
712 2796 879 2850 nostrerum
901 2787 1091 2871 exiguitatem
1118 2800 1273 2876 superant:

131 2908 226 2974 nequo
243 2890 321 2953 onim
339 2888 455 2953 niioude
472 2910 545 2974 opus
560 2887 648 2967 iliud,
672 2888 748 2972 quod
766 2908 836 2971 prae
852 2888 985 2952 manibus
1001 2901 1057 2968 est,
1080 2892 1211 2976 aggressi
1226 2912 1277 2956 su·

130 3010 208 3068 ιιιι,
231 3010 317 3074 quarn
334 2992 408 3075 qnod
426 2988 545 3053 rotense
563 2990 619 3054 deo
633 2988 725 3053 variis
743 2989 815 3053 iocis
831 3011 866 3053 ae
883 2991 1061 3075 temporibus
1078 3004 1179 3057 nostre
1194 2993 1229 3056 ad
1246 2994 1275 3056 id

131 3092 276 3177 agendo·
287 3090 441 3155 eoiiicitatn
454 3112 472 3156 o
485 3090 665 3174 cupientibus
678 3091 751 3155 viris
764 3091 946 3156 imbecillitas
963 3104 1020 3173 est,
1038 3093 1096 3157 imo
1109 3095 1196 3157 etiam
1209 3116 1275 3180 pro·

131 3194 286 3281 pernodurn
302 3184 422 3259 'concta
468 3188 601 3276 Quorum
621 3213 640 3256 e
665 3214 866 3257 numerosos
890 3194 945 3279 ipsi
972 3217 1103 3279 quoque,
1127 3196 1219 3259 Aeaci
1241 3216 1275 3257 ac

130 3294 241 3375 Penio,
262 3294 425 3360 venerandi
441 3294 548 3359 iratres
565 3305 595 3359 et
612 3294 809 3361 honestissimi
822 3296 978 3360 sacerdotii
997 3298 1143 3379 cntiegne,
1167 3296 1242 3358 idem
1259 3318 1276 3358 a

131 3420 181 3463 ιο
199 3396 377 3484 propbeticis
396 3396 492 3460 diteris
515 3396 695 3481 postulastis.
739 3394 832 3481 igitur
853 3399 986 3481 quoniam
1010 3419 1067 3459 non
1091 3398 1155 3458 siue
1177 3396 1276 3461 divino

132 3500 252 3565 nomine
267 3520 309 3563 ox
323 3498 468 3563 immensa
482 3498 528 3562 dei
548 3520 702 3563 servorum
717 3500 840 3565 caritate
854 3509 898 3562 tot
920 3500 949 3562 in
966 3520 1053 3561 unum
1068 3496 1155 3561 video
1171 3498 1276 3562 coliata

133 3602 304 3687 petitionum
319 3600 477 3685 suffragiu,
501 3602 576 3685 quod
593 3622 612 3665 a
629 3622 674 3665 me
690 3612 749 3667 tam
766 3605 857 3665 enixe
875 3601 1032 3682 flagitatum
1051 3608 1107 3677 est,
1129 3600 1208 3664 nodio
1223 3620 1276 3665 ne·

134 3722 191 3785 poe
213 3703 355 3767 orationis
379 3704 458 3768 cuitu
476 3724 571 3788 nequo
589 3725 693 3769 vocum
713 3702 883 3778 lenociniis,
907 3700 958 3763 sed
982 3699 1159 3784 simplicibus
1177 3703 1276 3767 verbis

134 3800 257 3885 rudique
272 3822 426 3884 sermone,
449 3806 613 3869 certissima
639 3816 735 3869 ιιιιιιιιι
757 3802 885 3868 omnium
909 3819 983 3885 quae
1001 3805 1188 3888 proponenda
1209 3816 1279 3869 suot

61 3882 72 3905 ‘
135 3902 210 3980 aaa,
233 3902 480 3971 introducenti
504 3908 619 3971 ιιιιιιι.

219 4000 266 4067 Ac
278 4000 428 4070 Nicander
449 4009 564 4092 quidem
587 4019 675 4093 poeta
699 4008 735 4071 de
755 4005 933 4090 serpentium
952 4026 986 4069 nc
1003 4007 1148 4092 reptilium
1170 4018 1276 4073 notura
1293 4026 1353 4093 cap.
1369 4029 1413 4080 ιιι.

136 4104 286 4171 disseruit.
330 4102 392 4169 Atti
418 4128 492 4173 voro
519 4110 680 4195 scripturos
704 4109 740 4173 de
769 4108 898 4171 radicum
927 4106 1139 4194 herbosumque
1167 4110 1279 4174 viribus

135 4278 243 4345 ιητυιῶιι
260 4279 355 4329 emam
369 4278 492 4341 rancor,
514 4282 598 4359 otios.
614 4280 692 4329 sccte
723 4282 783 4327 asto.
816 4280 906 4341 Reddam
926 4280 979 4329 tabrt
1000 4276 1220 4363 btuoxouniomrne
1236 4282 1280 4330 bu·

135 4348 693 4480 ssinwffipwfffimmffi.
725 4348 784 4472 m
816 4348 860 4397 toe.
877 4348 997 4411 scuttpsm
1014 4350 1105 4410 ptocus't
1120 4350 1280 4415 διεσκοπησα

136 4494 214 4533 met.
760 4478 800 4533 16.
824 4481 886 4536 sion
910 4484 961 4534 eod
988 4485 1065 4533 ιἰιιιι.
1107 4480 1144 4543 εἰς
1167 4474 1183 4536 d
1209 4484 1280 4547 notan

171 4548 212 4600 to.
227 4541 403 4617 ommatium
416 4545 533 4611 aanor
548 4550 693 4601 cumve·
725 4554 796 4601 cetat.
