3046 5084
396 351 529 404 rancun
545 352 607 404 mu.
620 354 641 406 1.
658 352 740 407 rost.
754 353 798 407 lll.
814 352 911 405 nasu.
923 354 1014 406 xutv.
1215 345 1276 409 699

134 492 188 536 ana
209 491 266 536 vos
286 472 459 538 aucusitare
483 472 669 538 convincent.
718 469 864 553 Primum,
896 475 971 558 qnod
994 474 1030 536 acl
1051 473 1208 558 imaginem
1230 475 1275 538 slei

134 573 220 639 homo
234 597 251 638 a
266 576 320 638 lan
337 576 431 639 lactus
446 585 502 639 ost.
546 574 593 638 Ac
608 575 656 659 qui
671 574 749 638 illum
766 575 846 655 lecit,
868 581 1032 651 Faciamus,
1056 576 1167 661 inquit,
1189 583 1275 642 tumi-
1295 593 1351 638 nen
1365 595 1384 650 1,
1395 595 1428 638 aa

133 700 193 740 nem
211 683 250 740 ad
263 682 411 758 anagninam
426 689 456 738 at
466 681 673 741 sama'licudinem
687 689 823 740 acanum.
871 675 1016 761 Quocirca
1031 680 1056 744 si
1073 680 1136 764 quis
1151 702 1167 745 a
1184 682 1277 746 talsin-

133 781 205 844 rima
223 792 270 844 tua
290 780 404 844 haeresi
423 779 713 847 essentialitatem
731 781 927 861 couverterit,
950 792 981 844 et
996 792 1139 867 tamquam
1158 804 1174 846 a
1192 796 1277 848 nocte

132 904 168 946 ac
187 882 316 946 tenebris
333 884 504 963 emerserit,
528 884 557 945 iu
576 881 692 946 divinae
709 882 849 947 scientiae
866 883 962 946 tumen
979 884 1127 964 incurset,
1158 887 1233 970 quot
1250 888 1276 950 ei

132 985 203 1051 solis
221 987 331 1063 instar,
355 985 401 1048 vel
419 985 506 1049 etiam
522 985 585 1049 sole
604 985 667 1070 ipso
684 984 808 1063 clarius,
831 984 995 1051 illucescet.
1040 984 1116 1050 Nam
1132 987 1200 1051 illud
1217 987 1277 1051 eui·

132 1087 218 1166 libet,
249 1088 297 1172 qui
316 1086 438 1151 rationis
454 1086 584 1150 nonnihil
602 1087 724 1168 habeat,
748 1085 868 1151 evidens
886 1088 957 1166 erit,
988 1088 1071 1152 deum
1090 1110 1158 1153 esso
1174 1111 1277 1176 paren-

133 1199 190 1254 tem
209 1189 353 1268 ninnium,
383 1190 430 1274 qni
448 1190 487 1252 ita
503 1188 616 1253 locutus
633 1200 695 1253 est:
729 1193 875 1251 Faciamus
890 1193 1034 1252 hominem.
1081 1188 1147 1274 Qua
1163 1193 1276 1276 quidem

132 1312 205 1355 voce
222 1303 372 1356 aeternum
388 1291 466 1355 illum
485 1292 585 1369 deum,
610 1291 747 1371 verbum,
779 1291 895 1376 iuquam
913 1292 1002 1355 lilium
1020 1314 1104 1356 suum
1122 1294 1276 1378 unigenam

132 1394 304 1480 complexus
321 1409 382 1474 est,
413 1414 497 1479 quem
517 1413 556 1457 ex
573 1393 671 1479 seipso
688 1394 753 1458 sine
768 1393 852 1457 initio
869 1395 946 1458 omui
963 1416 998 1458 ac
1015 1405 1145 1481 tempore
1163 1397 1275 1481 genuit,

132 1519 186 1561 nec
206 1519 263 1561 nou
284 1508 314 1561 et
330 1498 630 1584 spiritumsanctum,
665 1496 713 1582 qui
732 1497 839 1560 macab
858 1496 925 1575 illo,
958 1517 1012 1560 uec
1030 1497 1065 1560 ab
1085 1497 1149 1562 eius
1165 1481 1224 1561 filio
1240 1498 1279 1562 sit

132 1599 255 1663 aticum.
302 1597 334 1663 Si
358 1600 433 1679 enim
458 1598 532 1662 alius
558 1601 633 1662 toret
656 1598 780 1663 hominis
803 1598 977 1678 fabricator,
1011 1601 1107 1664 mundi
1131 1602 1275 1679 eonditor,

131 1703 205 1766 alius
221 1722 373 1788 supremus
390 1724 424 1765 ac
442 1703 535 1766 bouus
551 1702 640 1778 deus,
673 1723 689 1763 a
707 1723 765 1785 quo
782 1697 918 1765 Christus
934 1703 1101 1781 descendit,
1133 1725 1276 1788 nunquam

132 1803 269 1870 Christus
282 1805 337 1868 sibi
354 1825 460 1888 corpus
476 1804 641 1887 affingeret,
665 1813 716 1866 aut
731 1803 851 1886 figuram
866 1805 895 1866 in
912 1824 945 1866 ae
963 1800 1115 1869 Creatoris
1130 1806 1274 1891 exprime·

130 1919 187 1972 ret.
235 1905 333 1991 Quare
351 1906 533 1991 perspicuum
551 1916 596 1968 est
613 1904 688 1968 huuc
703 1905 796 1988 ipsum
812 1904 936 1968 hominis
952 1907 1108 1990 mundique
1126 1928 1192 1970 esse
1207 1929 1275 1970 con·

131 2011 271 2088 clitonem,
304 2030 387 2093 quem
404 2009 444 2072 ita
463 2019 545 2094 pater
561 2007 733 2092 alloquitur:
763 2011 911 2070 Faciamus
927 2011 1061 2070 hominem
1079 2014 1118 2071 ad
1131 2015 1276 2090 imaginem

130 2126 158 2175 ec
175 2117 382 2175 sanctitudinem
400 2124 533 2174 nostram.
580 2109 686 2194 Atque
705 2109 760 2174 hoc
782 2130 822 2174 ex
844 2132 902 2172 uno
927 2131 1016 2194 opere
1034 2112 1203 2175 manifestus
1222 2112 1278 2176 erit

129 2217 256 2294 artilex,
289 2235 382 2299 neque
403 2216 476 2279 alins
494 2213 673 2297 intelligetur
690 2213 798 2291 tuisse,
833 2213 958 2296 quitum
979 2213 1122 2277 hominem
1141 2234 1276 2299 procrea·

129 2319 207 2383 verit
225 2331 255 2382 et
270 2318 374 2382 Adami
394 2339 498 2402 corpus
522 2339 537 2380 e
557 2327 634 2379 terra
652 2315 768 2380 molitus
786 2314 889 2393 tuerit,
912 2320 1080 2398 eundemque
1098 2323 1127 2378 in
1145 2323 1275 2380 uiuentem

129 2427 248 2484 matiam
257 2425 373 2505 secant.
413 2415 469 2482 Cui
485 2419 599 2502 quidem
615 2419 656 2482 rei
673 2419 776 2482 beatus
792 2414 918 2481 loannes
935 2419 964 2482 in
981 2421 1133 2503 evaugelio
1148 2442 1202 2485 suo
1216 2422 1276 2484 sul-

131 2527 262 2608 lregutur
285 2523 330 2585 his
355 2521 468 2586 uerbis:
503 2526 536 2583 In
554 2527 695 2602 prancapc'o
713 2534 777 2583 mat
791 2523 919 2594 uerbum,
952 2534 982 2582 et
999 2524 1110 2583 nubum
1126 2529 1427 2604 cratapudroam.1,1.

130 2633 220 2701 deum,
245 2630 354 2687 etdeus
368 2637 429 2686 erat
443 2627 564 2686 carlum.
611 2629 670 2686 Hoc
684 2630 789 2686 aaran
800 2629 940 2705 pnnerpctr
954 2629 1031 2703 apud
1043 2629 1132 2686 deum.
1181 2631 1277 2688 Onrnc'a

126 2753 181 2812 per
200 2736 289 2811 ipsum
302 2732 387 2812 sactu
407 2739 487 2799 sunt,
521 2738 549 2786 et
568 2731 629 2788 scine
647 2733 706 2807 apso
716 2729 829 2808 sactum
848 2738 892 2787 est
909 2729 983 2788 nali!
997 2738 1049 2788 etc.
1098 2724 1183 2810 Quod
1202 2729 1227 2793 sl
1246 2729 1275 2792 iu

130 2834 194 2918 ipso
212 2834 391 2908 factasunt,
421 2840 451 2892 ct
469 2849 520 2913 per
537 2829 629 2912 ipsum
646 2830 738 2908 tacta,
770 2828 817 2892 ille
837 2839 867 2891 et
884 2829 1026 2892 Ademum
1045 2829 1214 2908 fabricavit,
1247 2843 1277 2894 et

130 2955 170 2998 ex
187 2932 284 2997 Maria
300 2933 413 3016 virgine
429 2931 483 2994 sibi
501 2952 607 3015 corpus
624 2931 751 3010 effinxit,
775 2952 809 2994 ae
824 2942 913 2994 totam
930 2931 1054 3017 denique
1071 2932 1126 2996 sibi
1142 2944 1274 2998 naturam

129 3036 254 3100 hominis
272 3035 421 3112 adiunxit,
452 3053 535 3116 quam
554 3054 570 3095 a
586 3054 619 3096 se
637 3033 686 3096 illo
703 3043 832 3118 tempore
850 3035 1011 3113 conditam,
1044 3037 1156 3098 demum
1172 3037 1275 3099 arctis·

129 3139 203 3202 sime
225 3138 279 3201 sibi
304 3137 460 3222 copulavit.
505 3133 565 3198 lam
592 3157 662 3199 vcro
686 3135 711 3200 si
731 3136 855 3201 alienum
877 3159 948 3222 opus
968 3138 1118 3224 usurpavit
1141 3139 1204 3202 eius
1228 3138 1276 3222 qui

130 3250 245 3304 creatas
263 3261 311 3303 res
331 3240 404 3303 male
424 3239 567 3317 conilidit,
599 3260 633 3302 ac
649 3239 741 3302 malus
758 3238 893 3324 opinione
911 3250 959 3302 tua
976 3239 1046 3319 luit,
1078 3241 1121 3317 si,
1146 3241 1273 3325 iuquam,

128 3343 212 3407 malis
231 3343 366 3428 operibus
384 3363 454 3404 usus
470 3350 532 3420 cst,
563 3360 638 3425 qune
659 3342 768 3405 amalo
783 3352 850 3405 aunt
865 3342 974 3405 artifice
991 3344 1137 3428 protecta,
1162 3354 1275 3406 creato-

127 3447 217 3511 risse
234 3444 361 3529 nequitia
375 3444 564 3529 implicaverit
581 3454 696 3530 oportet
712 3466 765 3508 usu
781 3444 829 3507 illo
843 3466 877 3507 ac
894 3445 1046 3524 bearefieio,
1071 3455 1130 3508 tum
1146 3445 1275 3509 eiusdem

129 3550 255 3632 imagine
272 3548 464 3632 capessenda3
486 3548 560 3631 quod
577 3547 638 3611 lieri
653 3546 771 3611 omnino
787 3568 843 3611 nnn
860 3558 966 3633 potest.
1011 3545 1128 3611 Etenim
1144 3550 1168 3613 si
1183 3548 1275 3612 homi-

128 3653 174 3716 nis
191 3662 321 3715 naturam
336 3651 437 3728 induit,
463 3671 520 3712 non
536 3636 653 3713 earnem
669 3650 766 3729 modo,
790 3651 841 3714 scd
855 3660 885 3712 et
899 3650 1021 3713 animam
1036 3650 1175 3735 suscepit.
1210 3649 1274 3715 Ne-

129 3776 185 3841 que
203 3754 278 3818 enim
297 3754 450 3817 obscurum
468 3752 536 3816 illud
555 3762 611 3815 est.
657 3750 715 3836 Qui
733 3753 810 3817 euim
827 3753 932 3837 alioqui
950 3753 1076 3816 diceret:
1109 3758 1272 3817 Potastatecn
1287 3776 1363 3821 ronan.

128 3861 215 3920 labec
236 3862 362 3938 accepere
385 3861 504 3918 maiman
527 3877 631 3930 mecm,
663 3869 693 3919 et
706 3879 812 3938 ponere
834 3863 917 3916 acm?
960 3852 1157 3938 Quamobrem
1181 3867 1270 3921 totum
1286 3831 1318 3885 ¹⁰³
1334 3830 1363 3873 ¹⁸¹

127 3961 195 4024 illud
214 3981 286 4044 opus
303 3979 474 4038 ussermann,
505 3979 589 4043 quam
607 3969 725 4023 creator
739 3958 893 4043 imaginem
909 3958 1050 4044 appellat,
1083 3970 1173 4022 totum
1190 3959 1271 4038 illud,

127 4063 262 4148 iuquam,
287 4082 327 4124 ex
343 4082 465 4146 corpore
480 4062 633 4147 animaque
648 4061 816 4140 conllatnm,
839 4061 942 4145 quibus
957 4061 1042 4125 homo
1059 4062 1188 4147 partibus
1203 4084 1273 4127 oon·
1322 4076 1325 4086 '

127 4175 204 4242 atat,
237 4165 363 4228 divinum
389 4163 444 4227 sibi
468 4165 588 4228 verbum
608 4162 753 4228 adiunxit.
800 4161 885 4246 Quod
908 4164 933 4227 si
956 4165 996 4228 ita
1014 4175 1074 4243 est,
1107 4165 1212 4228 veneni
1232 4166 1273 4229 tui

128 4268 283 4332 efficacitas
300 4266 395 4330 omnis
409 4267 607 4351 extinguitur,
632 4288 666 4330 ae
681 4267 886 4331 tumultuosum
902 4267 1155 4353 perturbatumque
1170 4267 1272 4353 dogma

129 4369 267 4449 concidit,
290 4370 366 4453 quod
381 4363 459 4432 nullo
476 4372 662 4438 laudamento
677 4368 834 4434 stabilitum
850 4370 927 4434 nulla
943 4371 1074 4435 recitatis
1089 4370 1223 4435 firmitate
1237 4393 1271 4434 ac

128 4472 274 4537 soliditate
295 4471 408 4535 nititur.

213 4571 352 4639 Ceterum
375 4595 438 4638 cum
462 4575 589 4640 ceucris
608 4576 700 4642 literis
719 4577 853 4663 quicquid
872 4577 1013 4663 placuerit
1031 4577 1189 4662 aligasaut
1204 4577 1272 4644 reii-
1292 4588 1350 4657 cip.
1369 4589 1399 4641 v.
