3046 5084
166 358 170 366 ·
215 349 276 412 538
631 358 752 411 ειιιοιι
767 358 939 411 τνιεειτιιι

215 478 374 563 άπολογίαν
395 477 509 543 διδόναι
532 479 639 565 ἑκάστη
659 474 811 565 Ἐξονσίηι,
839 479 889 543 καί
904 475 999 553 οῦτως
1014 474 1205 562 ῦπερβαίνεικ
1220 478 1304 567 πρός
1317 480 1369 565 τήν

214 580 360 664 άνωτέραν
377 582 503 665 Μητέρα
520 582 571 645 καί
587 581 706 663 Πατέρα
724 587 780 644 τῶν
796 578 885 658 ὅλοιν,
916 578 988 644 ὅθεν
1004 578 1041 663 δή
1057 586 1209 663 κατῆλθεν
1225 584 1272 659 είς
1286 583 1368 651 τόνδε

213 683 264 749 τόν
277 686 398 765 κόσμον.
433 681 511 764 Ἤδη
525 683 557 747 δὲ
571 679 655 746 είπον
669 679 709 757 οῦς
724 681 970 764 άναθεματίζονσι
983 681 1016 748 τό
1032 681 1202 767 βάπτισμα,
1226 682 1274 763 οἷς
1287 696 1366 769 μυῖα

214 794 396 851 θανατοῦσαι
415 792 605 871 σαπεριοῦσαι
623 789 778 850 σκευασίαν
796 788 894 850 ἐλαίου
911 782 1092 867 ήδάσματος,
1124 782 1168 863 οῦς
1183 788 1236 853 έπλ
1255 792 1365 854 τοῦτον

212 892 262 954 καί
284 897 342 953 τῶν
356 886 467 969 όμοίων
485 887 586 963 αὐτοῖς
605 885 627 969 ή
643 885 797 972 παραβολή
814 894 854 975 τῷ
871 884 1079 977 Ἐκκλησιαστή
1096 890 1218 973 εἴρηται
1268 896 1364 957 Μυῖιιτ

214 990 269 1076 γάρ
290 994 363 1055 είσιν
382 987 502 1071 άληθῶς
523 997 706 1054 θανατοῦται
727 993 778 1054 καὶ
795 989 929 1055 θάνατον
944 992 1121 1074 ἐμποιοῦσαι
1138 994 1193 1057 καλ
1209 998 1362 1078 σαπρίζον

214 1116 262 1159 σαι
284 1091 317 1158 τό
336 1090 501 1177 μυρεψικόν
519 1096 616 1158 έλαιον
634 1100 686 1157 τοῦ
701 1089 885 1174 ήδάσματος,
915 1090 951 1156 τά
969 1091 1037 1178 ῦγια
1054 1100 1109 1159 τοῦ
1124 1101 1205 1160 θεοῦ
1221 1094 1364 1183 μυστήρια

213 1195 247 1260 τά
270 1198 301 1260 έν
321 1202 362 1283 τῷ
383 1202 494 1283 λουτρῷ
516 1193 587 1275 ήμῖν
609 1197 650 1269 είς
671 1191 777 1274 άφεσιν
798 1192 947 1279 άμαρτιοῑν
968 1198 1170 1280 κεχαρισμένα.

78 1312 145 1379 Κεφ.
163 1310 194 1379 γ’.
299 1295 466 1378 Θαυμάσειε
488 1294 513 1359 δ’
536 1294 572 1359 άν
592 1322 637 1371 τις
652 1292 746 1379 εάροίν
763 1297 813 1360 καὶ
828 1296 909 1381 παρά
922 1306 985 1373 τοῖς
999 1296 1191 1383 φυσιολόγοις
1207 1298 1277 1365 τινά
1293 1298 1361 1381 τάφε·

213 1404 289 1475 λείας
311 1402 433 1480 ἔμπλεα,
463 1395 654 1473 ἀπεικασθεὶς
675 1405 710 1486 τῇ
733 1406 783 1480 τῆς
801 1403 930 1480 μελίττης
949 1401 1077 1479 συνέσει,
1107 1407 1163 1483 τῆς
1183 1398 1232 1482 ἔφ’
1251 1400 1363 1469 ἅπαντα

213 1504 266 1584 μέν
281 1499 316 1566 τά
333 1499 520 1585 βλαστήματα
537 1498 743 1581 έφιζανοῦσης,
771 1500 807 1566 τά
822 1500 948 1586 χρήσιμα
963 1502 994 1566 δέ
1011 1503 1101 1590 ἑαυτῇ
1118 1502 1363 1591 ίπισυναγοάσης.

212 1604 246 1669 ‘0
265 1603 321 1689 γάρ
343 1602 463 1678 συνετός
483 1602 644 1687 άνθρωιτος
664 1601 833 1684 οὐδαμόθεν
854 1611 1019 1687 ζημιοῦται,
1050 1601 1109 1667 άλλ’
1130 1602 1153 1687 ἢ
1174 1604 1364 1691 πανταχόθεν

214 1711 369 1792 κερδαίνει·
392 1704 531 1780 άσόνετος
548 1706 580 1769 δὲ
595 1705 825 1788 ζημιωθήσεται,
848 1705 889 1783 οἱς
904 1708 956 1771 καί
970 1704 988 1770 ό
1003 1706 1086 1791 άγιος
1100 1706 1265 1793 προφήτης
1280 1710 1362 1795 λέγει·

219 1815 269 1886 Τίς
284 1808 404 1884 συνετός
421 1810 469 1872 καλ
485 1806 605 1890 συνήσει
622 1815 728 1886 ταῦτα;
756 1810 807 1872 καί
823 1806 841 1875 ό
857 1812 944 1894 λόγος
960 1812 1066 1893 κυρίου
1082 1810 1160 1887 έστλ,
1189 1812 1245 1875 κοιλ
1261 1810 1364 1897 γνόσε-

213 1941 259 1977 ται
281 1910 371 1989 αῦτά,
403 1910 449 1976 ότι
471 1907 584 1975 εῦθεῖαι
605 1912 638 1974 αἱ
659 1906 726 1975 όδολ
746 1915 867 1994 κυρίου,
899 1910 1012 1995 άσεβεῖς
1035 1911 1068 1976 δέ
1087 1908 1365 1995 άσθενήσουσινίε

214 2014 330 2092 αάταῖς,·
364 2012 502 2097 Εῦρομεν
518 2011 573 2097 γάρ
590 2014 640 2077 καὶ
657 2010 737 2097 παρά
752 2022 813 2088 τοῖς
828 2015 1017 2095 καλουμένοις
1031 2012 1236 2100 φυσιολόγοις,
1258 2022 1365 2097 μῦλλον

213 2119 243 2182 δὲ
260 2115 343 2201 ήμεῖς
358 2114 441 2180 αὐτοὶ
458 2114 587 2201 ὁρῶμεν,
611 2112 652 2190 οῦς
666 2112 698 2179 τό
714 2122 773 2178 τῶν
790 2114 953 2200 κανθάρων
969 2116 1053 2200 γένος
1068 2113 1101 2180 τό
1117 2114 1204 2200 παρά
1217 2138 1281 2183 τισι
1298 2120 1363 2201 1βτ-

212 2221 301 2304 λάρον
318 2217 512 2299 καλούμενον,
535 2216 698 2299 συνήθειαν
712 2219 767 2299 ἔχει
784 2219 815 2282 έν
830 2226 866 2307 τῇ
880 2220 1010 2305 δυςωδίμ
1025 2218 1077 2283 καί
1091 2215 1200 2309 κόπριμ
1215 2217 1364 2287 άνακυλίε-

212 2332 299 2399 σθαι,
322 2323 373 2385 καὶ
389 2318 463 2401 αῦτη
478 2317 577 2394 αὐτοῖς
591 2318 689 2403 τροφή
703 2344 733 2383 τε
747 2322 798 2384 καὶ
813 2322 942 2404 έργασία,
965 2318 1060 2397 ἄλλοις
1072 2320 1105 2385 δέ
1120 2318 1176 2403 τήν
1189 2318 1289 2407 αῦτήν
1301 2320 1365 2389 τοῦ·

211 2451 264 2489 τον
279 2421 453 2509 βορβοράδη
466 2420 595 2507 τροφήν,
618 2424 659 2495 είς
673 2422 724 2502 μὲν
737 2420 897 2504 έπάχθειαν
910 2422 961 2486 καλ
976 2425 1147 2505 δνςοδμίαν.
1194 2427 1262 2491 Καὶ
1275 2430 1364 2509 μελίσ-

212 2548 276 2602 σαις
293 2526 345 2607 μέν
362 2524 436 2607 αῦτη
459 2521 478 2605 ή
497 2522 610 2607 κόπρος
627 2526 678 2587 καί
696 2527 825 2599 δυςοιδία
839 2523 989 2602 θάνατος,
1018 2522 1159 2609 βνλάροις
1173 2528 1211 2591 δέ
1228 2528 1310 2595 ἔστιν
1323 2528 1366 2613 έρ-

211 2632 299 2714 γασία
324 2629 398 2691 2καλ
421 2624 518 2707 τροφή
541 2628 592 2690 καλ
615 2631 808 2711 πραγματεία·
840 2634 904 2702 ταῖς
926 2626 960 2691 δέ
981 2631 1126 2708 μελίσσαις
1148 2624 1366 2713 τοῦναντίοκή

212 2729 335 2812 εάοδμία
349 2731 398 2794 καί
415 2727 451 2792 τά
467 2726 547 2810 άνθη
562 2730 612 2792 καί
627 2727 663 2792 τά
679 2728 757 2810 μόρα
772 2732 815 2805 είς
829 2726 999 2812 άναψνγήν,
1020 2732 1114 2794 κτίσιν
1129 2754 1160 2795 τε
1171 2732 1229 2797 καλ
1244 2730 1366 2817 Roob.

213 2836 255 2908 είς
269 2835 404 2917 ἐργασίαν
419 2833 511 2895 τεκαὶ
528 2837 734 2915 πραγματείαν,
755 2839 817 2907 τοῖς
830 2832 863 2896 δέ
876 2830 1043 2917 κανθάροις
1054 2838 1117 2907 τοῖς
1127 2836 1367 2919 προειρημένοις,

93 2966 143 3011 ηις.
156 2954 200 2999 εει.
217 2932 265 2999 εἴτ’
279 2926 332 2998 οῦν
345 2931 495 3019 βυλάροις,
518 2936 633 2998 έναντία
648 2931 684 2997 τά
698 2940 827 2998 τοιαῦτα.
865 2931 899 2997 ‘0
914 2932 969 3020 γάρ
985 2932 1167 3017 βουλόμενος
1178 2934 1311 3015 τούτους
1321 2940 1366 3003 θε-

213 3038 350 3119 κιμάσαι,
379 3036 421 3111 οῦς
437 3057 528 3117 φασιν
543 3038 575 3100 οί
588 3035 773 3120 φυσιολόγοι,
796 3034 856 3101 άπό
874 3035 986 3122 μάρου,
1015 3036 1093 3119 φημὶ
1106 3034 1140 3101 θλ
1152 3032 1367 3125 όπεβαλαάμτ

213 3140 234 3222 ή
249 3139 377 3225 νάρδου,
407 3136 505 3220 λαβοίν
520 3140 570 3202 καλ
585 3139 777 3222 προςενέγκας
792 3148 855 3214 τοῖς
868 3138 1035 3223 κανθάροις
1048 3136 1185 3203 θάνατον
1199 3138 1309 3219 αὐτοῖς
1320 3144 1367 3225 έμ-

212 3252 298 3307 ποιεῖ.
344 3238 452 3315 Εάθάς
473 3238 528 3325 γάρ
546 3246 712 3316 τελευτῶσι,
743 3238 784 3322 μή
801 3242 939 3326 φέροντες
954 3239 1009 3323 τήν
1025 3238 1161 3306 εῦωδίαν.
1210 3242 1304 3311 Οῦτι
1318 3244 1367 3311 nd

213 3338 312 3424 οὗτοι,
344 3352 397 3426 τῆς
417 3344 469 3424 μὲν
494 3339 644 3427 3γαλήνης
663 3343 714 3406 καί
730 3347 868 3426 πορνείας
887 3345 939 3408 καὶ
954 3346 1060 3418 κακίας
1076 3339 1255 3427 ὀρεγόμενοι
1276 3342 1367 3425 dnn*

213 3445 328 3531 πονηρά
350 3449 448 3529 έχουσι
470 3443 523 3526 τήν
541 3446 654 3509 ἑαυτῶν
672 3446 789 3521 ἐλπίδα,
820 3444 1030 3527 πλησιάσαντες
1047 3444 1080 3509 δέ
1099 3448 1141 3531 τῷ
1158 3443 1238 3537 άγίιγ)
1254 3452 1367 3539 lum·

212 3550 262 3613 καλ
279 3556 315 3638 τῇ
333 3546 456 3637 εόοδμίμ
472 3545 730 3629 ἀποθνήσκουσιν,
763 3550 806 3623 είς
821 3546 875 3612 τόν
891 3546 966 3613 θεόν
983 3550 1229 3631 βλασφημοῦντες
1245 3554 1302 3619 καλ
1316 3548 1366 3635 νὴ

213 3648 311 3716 αὐτῶν
332 3650 491 3735 κυριότητα
513 3648 693 3725 άθετοῦντες.

78 3760 145 3826 Κεφ.
163 3755 195 3813 δ’.
296 3750 347 3816 Ἐκ
365 3760 434 3834 μιᾶς
453 3753 484 3817 δὲ
504 3751 524 3834 ἢ
542 3751 596 3817 δόο
612 3758 781 3838 μαρτυριῶν
799 3750 908 3827 ον’τοάς
923 3748 1134 3837 άνατρέηιομεν.
1181 3754 1228 3819 m
1239 3752 1300 3843 γάρ
1318 3758 1365 3823 κτλ

211 3854 312 3941 ἶίρχαὶ
327 3855 379 3920 καὶ
392 3852 539 3931 Ἐξουσίαι
555 3853 747 3937 καλούμεναι,
769 3852 825 3920 οῦκ
840 3852 926 3931 έκτός
938 3860 1015 3921 θεοῦ
1032 3846 1122 3921 αῦταε
1136 3854 1294 3943 γεγόνασι,
1314 3856 1365 3943 μ’·

213 3967 293 4024 λιστα
315 3962 348 4023 έν
369 3967 430 4033 τοῖς
450 3956 596 4043 οιίρανοῖς.
643 3954 713 4023 Οίδε
733 3955 789 4042 γάρ
805 3954 828 4040 ή
843 3958 944 4044 γραφή
960 3960 1051 4043 λέγειν
1063 3954 1220 4045 Ἀγγέλους
1236 3962 1293 4027 καλ
1305 3956 1365 4047 ’4

213 4063 370 4147 γαγγέλονς
385 4058 439 4125 οάκ
454 4064 495 4136 είς
510 4058 696 4142 ἐναντιότητα
708 4061 910 4145 τεταγμένους,
931 4057 1003 4125 άλλά
1015 4060 1202 4145 λειτουργικά
1214 4060 1364 4147 πνεῦμεε

214 4167 256 4239 είς
278 4166 432 4228 διακονίαν
453 4162 698 4244 άποστελλόμενα,
730 4160 780 4227 διά
801 4161 872 4238 τοάς
892 4164 1046 4244 μέλλοντας
1061 4168 1260 4249 κληρονομεῖν
1275 4186 1364 4249 ειτη-

214 4270 290 4344 ρίαν.
336 4267 397 4330 Καὶ
416 4263 472 4351 γάρ
497 4266 546 4329 ἐπὶ
570 4272 622 4347 τῆς
641 4272 696 4351 γῆς
717 4262 786 4330 καθ’
808 4263 934 4348 ἑκάστην
952 4266 1101 4347 βασιλείαν
1122 4268 1231 4333 πολλαὶ
1249 4264 1362 4355 Ἀργει,

214 4366 285 4433 άλλά
308 4365 368 4433 άπό
393 4370 444 4433 ἕνα
466 4368 592 4449 βασιλέα.
636 4371 680 4432 At
699 4365 754 4454 γάρ
771 4359 860 4433 οὖσαι
875 4365 1020 4445 Ἐξονσίαε
1038 4369 1072 4433 έκ
1089 4374 1167 4433 θεοῦ
1183 4370 1363 4459 τεταγμένῃ

249 4525 308 4575 (λιν.
323 4528 365 4575 111.
384 4554 417 4563 -
440 4526 461 4575 l.
480 4528 608 4575 Carnarius
623 4524 762 4591 pilularium
777 4526 880 4576 reddidit
896 4528 938 4577 λοο
953 4528 1134 4577 ”mum
1148 4540 1235 4591 m

247 4593 271 4645 2
288 4593 332 4647 καλ
347 4590 430 4660 τροφή
447 4596 518 4645 verba
525 4629 534 4655 ‚
551 4607 611 4655 ηαιιτ
627 4596 712 4645 absunt
724 4597 755 4645 ab
771 4596 827 4645 τδίε.
839 4596 932 4657 μεῖνα,
947 4596 1060 4647 Ρεεενλαε
1071 4606 1102 4645 ετ
1115 4596 1170 4647 M.
1187 4596 1264 4651 Μ.
1273 4598 1362 4651 fl
