3046 5084
171 347 212 411 32
591 350 712 414 εεααιι
729 360 900 414 mmmm

170 486 254 556 σθαι,
274 477 326 543 καλ
342 474 392 542 εἶπ’
406 474 498 562 άρχῆς
513 475 634 560 μίνδιδ
648 484 701 560 τῆς
714 484 767 542 τοῦ
781 474 874 559 Ἀδάμ
890 482 1053 560 παρακοῆς,
1075 477 1174 541 ἔπειτα
1194 475 1253 540 7δὲ
1268 472 1320 539 διά

170 587 225 662 τῆς
238 586 293 645 τοῦ
309 576 388 643 Κάίν
404 576 646 659 άδιλφαιιτονίας,
668 586 724 643 νῦν
742 578 789 655 δδ,
812 580 843 642 ἒν
858 577 977 664 χρόνοις
997 585 1052 644 τοῦ
1068 575 1160 662 Ἰάρεδ
1180 579 1232 642 καί
1253 579 1319 643 ἐπί-

170 706 268 760 κεινα,
290 684 458 763 φαρμακεία
482 683 555 745 θκαλ
578 684 697 764 μαγεία,
723 677 901 764 θάοίλγεια,
916 683 1028 762 μοιχεία
1050 681 1187 744 ’θιικαί
1207 677 1318 744 άδαιία.

175 781 221 848 Ού
235 781 337 867 γνύμη
351 807 396 855 τις
415 782 497 866 ἑτέρα
503 831 512 859 ,
535 777 571 846 ού
585 780 657 858 δόξα
672 783 902 866 μετηλλαγμίνη,
924 778 995 845 άλλά
1017 785 1070 863 μία
1088 780 1246 864 Ηγλῶσσα
1267 782 1319 844 καί

169 885 252 970 γένος
263 887 298 948 ἓν
312 884 361 948 ἐπί
375 890 429 967 γῆς
445 879 508 947 κατ’
524 885 617 948 ίκεῖνο
633 891 744 966 καιροῦ·
754 884 947 965 ἐσπαρμένον.
995 882 1096 971 Τούτρι
1115 883 1148 947 δὲ
1167 889 1208 969 τῷ
1224 880 1319 964 Ἰάρεδ

168 989 278 1071 γίνεται
300 993 371 1058 παῖς
392 982 521 1066 τοῦνομα
543 981 651 1066 Ἐνῶχ,
673 982 709 1058 δς
731 981 903 1069 ούηρὲστησε
922 990 963 1070 τῷ
983 992 1062 1071 θεῷ,
1084 986 1136 1049 καί
1151 981 1210 1065 σῦχ
1232 980 1319 1067 ηύρί·

169 1107 263 1152 σκετο.
298 1086 456 1167 Μετίθηκε
470 1083 525 1170 γάρ
540 1082 633 1150 αύτόν
647 1081 666 1149 ό
681 1082 770 1164 θεός,
792 1087 844 1150 καί
858 1082 915 1150 ούκ
930 1082 989 1149 είδε
1002 1085 1141 1151 θάνατον.
1178 1083 1270 1166 Ἐνιδχ
1285 1085 1320 1150 δὲ

168 1195 257 1275 γεννᾷ
272 1184 325 1252 τόν
334 1185 541 1264 ’Μαθουσάλα
557 1185 751 1251 Μαθουσάλα
764 1185 816 1252 τόν
828 1185 942 1268 Λάμεχ,
958 1186 1063 1270 Λάμεχ
1079 1184 1132 1251 τόν
1147 1193 1226 1251 Νῶε.
1256 1188 1319 1250 Καί

170 1287 257 1373 ἦτοῦ
271 1296 347 1353 θεοῦ
361 1291 557 1372 δικαιοκρισία
570 1285 774 1370 κατακλυσμόν
790 1287 901 1364 ύδαιος
913 1289 1091 1373 ἐπενέγκασαι
1105 1295 1142 1376 τῇ
1157 1288 1318 1374 οἰκουμένῃ

134 1459 137 1464 ,
170 1397 269 1456 πᾶσαν
290 1388 385 1473 σάρκα
407 1386 622 1475 άνθρύπωντε
639 1392 763 1455 καὶτῶν
783 1387 876 1454 άλλαν
898 1387 1048 1472 ἐξήλειψεν
1059 1440 1068 1468 ,
1091 1389 1216 1469 ἐφύλαξε
1239 1389 1318 1452 ηδὲ

169 1495 203 1560 δν
215 1491 338 1576 λάρνακι
352 1488 403 1555 διά
417 1489 639 1576 προςτάγματος
651 1489 704 1557 τόν
718 1498 800 1570 Νῶε,
819 1487 1050 1573 εύαρεοτύσαντα
1065 1491 1194 1557 ἐνύπιον
1209 1488 1316 1568 αύτοῦ,

169 1596 221 1661 καί
238 1590 361 1678 εύρύντα
382 1590 482 1675 χάριν,
509 1590 601 1658 αύτόν
629 1599 701 1656 ιδιε
719 1590 772 1657 τόν
796 1594 1056 1677 προδεδηλωμένον
1081 1599 1152 1658 Νῶε
1172 1595 1223 1658 καί
1244 1591 1317 1667 τούς

70 1725 121 1771 ηις.
134 1713 154 1759 α
169 1704 248 1782 τρεῖς
261 1694 347 1770 υἱούς
363 1691 470 1772 αύτοῦ,
493 1691 578 1775 Σήμ,
603 1691 689 1776 Χάμ,
707 1692 827 1775 Ἰάφεθ,
848 1692 902 1775 τήν
916 1719 946 1758 τε
960 1697 1038 1759 ίδίαν
1054 1695 1179 1780 σύζυγον
1193 1696 1244 1759 καλ
1258 1701 1318 1758 τῶν

170 1804 262 1882 τριῶν
282 1799 356 1861 υίῶν
376 1793 429 1870 τάς
450 1803 528 1878 τρεῖς
544 1803 700 1880 γυναῖκας,
722 1795 793 1872 ῶςτε
815 1793 984 1877 άνθρῶττοιν
1007 1793 1107 1878 ψυχάς
1126 1794 1203 1861 ύιιτῶ
1226 1799 1260 1861 ἐν
1278 1803 1316 1884 τῇ

171 1897 237 1964 τότε
249 1895 372 1982 λάρνακι
388 1893 595 1961 διασώσασθαι
615 1893 675 1962 άπδ
689 1905 743 1963 τοῦ
759 1898 868 1974 ῦδατος
880 1904 934 1962 τοῦ
949 1904 1166 1978 κατακλυσμοῦ,
1187 1900 1238 1962 καλ
1255 1894 1314 1962 άπδ

171 1997 282 2074 παντός
300 1999 403 2084 γένους
422 2004 570 2083 Ηθηρῶν
589 2023 619 2063 τε
633 2001 685 2063 καλ
699 1998 795 2079 ζῶσιν,
824 2006 939 2081 κτηνῶν
955 2023 985 2063 τε
999 2000 1051 2063 καί
1069 2005 1129 2063 τῶν
1148 1997 1242 2064 ἄλλον
1257 2006 1316 2064 τῶν

173 2103 223 2169 ἐπί
245 2107 314 2186 γῆς,
342 2097 418 2184 πρός
441 2099 578 2164 σύστασιν
601 2099 690 2166 πάλιν
715 2109 769 2184 τῆς
795 2104 827 2166 ἐν
850 2100 950 2188 κόσμῳ
976 2098 1094 2164 πάντων
1118 2096 1316 2178 ύποστάσειος,

175 2199 280 2269 Ηάιτύ
303 2227 393 2267 τινοιν
414 2201 467 2283 μὲν
493 2199 550 2268 δύο
574 2200 646 2281 δύο,
673 2200 733 2268 άπδ
755 2203 788 2268 δὲ
813 2201 906 2266 ἄλλων
928 2200 1001 2265 ἑπτά
1022 2199 1102 2266 ἑπτά.
1154 2204 1216 2267 Καί
1237 2201 1316 2268 οῦτα

172 2312 308 2390 παρῆλθε
328 2302 435 2386 δεκάτη
455 2301 539 2391 γενεά
564 2301 645 2369 Ῑῡδί
668 2307 742 2370 ἐτῶν
768 2306 912 2385 διςχιλίαν
934 2306 1092 2368 διακοσίων
1111 2302 1316 2385 ἑξηκονταδύο.

174 2409 235 2472 Καί
259 2403 278 2473 δ
296 2405 498 2489 κατακλυσμδς
518 2407 681 2482 πίπαυται,
701 2405 753 2468 καλ
768 2411 839 2468 Νῶε
857 2406 905 2468 καί
929 2401 947 2468 ά
967 2402 1059 2470 αύτοῦ
1077 2401 1160 2479 οἶκος
1176 2410 1317 2486 λείψανον

171 2516 213 2599 τῶ
230 2507 329 2599 κάσμρι
351 2509 551 2593 Πγεγὲνηιαι.
596 2503 690 2570 Ούτια
710 2505 742 2570 δδ
767 2507 990 2591 ῑθίτιροδοξία,
1012 2504 1068 2571 ούκ
1090 2509 1181 2582 ἔθνος
1200 2533 1227 2571 τι
1250 2511 1314 2572 δια·

171 2611 354 2697 φερόμενον,
376 2606 432 2674 ούκ
445 2607 541 2689 ὄνομα
555 2608 710 2690 αίρέσεας,
732 2604 790 2671 ἄλλ’
808 2604 922 2673 ιοοῦδὲ
942 2611 1167 2692 είδαλολατρεία.
1195 2606 1316 2692 Ἐπειδὴ

172 2715 204 2780 δὲ
225 2718 347 2786 ἕκαστος
372 2706 542 2792 άνθρύπαν
565 2710 626 2795 ίδίμ
648 2706 751 2798 γνύμη
772 2711 891 2790 ίατοίχει
911 2708 1018 2792 (νόμος
1038 2708 1093 2795 γάρ
1119 2707 1207 2786 ὀείς
1227 2706 1316 2775 οῦδα-

173 2821 231 2898 μοῦ
247 2812 421 2896 Δἐτύγχανεν,
442 2811 563 2885 ἕκαστος
580 2807 635 2895 γάρ
652 2811 745 2898 ἐαυτῷ
761 2809 852 2893 νόμος
867 2813 974 2896 ἐγίνετο
980 2862 989 2890 ,
1010 2813 1062 2876 καί
1081 2818 1116 2901 τῇ
1136 2815 1196 2900 ίδίμ
1211 2810 1316 2901 γνύμη

173 2917 324 2998 ἐστοίχει),
347 2919 381 2958 ²¹
392 2908 498 2987 καθῶς
518 2910 599 2997 παρά
619 2918 660 2999 τῷ
683 2909 834 3002 άποστύλρι
850 2910 871 2996 ἡ
887 2920 1003 2996 χρῆσις,
1031 2911 1068 2978 ού
1089 2912 1182 2995 μόνον
1199 2917 1315 2998 Βαρβα-

174 3021 297 3102 ρισμοῦ,
325 3011 395 3079 άλλά
417 3015 469 3077 καί
490 3019 549 3078 τῶν
571 3011 679 3093 άλλοιν,
706 3017 780 3096 φησὶ
800 3013 871 3099 γάρ,
901 3012 996 3079 Μ’λδν
1021 3020 1139 3103 Χριστῷ
1160 3013 1256 3098 Ἰησοῦ
1279 3014 1317 3080 ού

173 3116 338 3203 βάρβαρος,
359 3114 395 3180 ού
410 3116 552 3197 Σκύθης,
574 3113 626 3198 ούχ
635 3115 764 3199 Ἕλλην,
791 3115 847 3182 ούκ
863 3114 1022 3196 Ἰουδαῖος,
1043 3154 1086 3168 -
1108 3115 1317 3201 Βαρβαρισμδς

172 3220 239 3287 τότε
253 3222 381 3285 ἐκαλεῖτο
398 3219 430 3281 ἒν
446 3225 510 3292 ταῖς
524 3218 596 3281 δέκα
611 3226 722 3301 γενεαῖς
735 3225 788 3283 τοῦ
800 3217 908 3304 χρόνον
924 3217 957 3285 τό
975 3217 1141 3301 ίπύνυμον.
1181 3217 1270 3282 Μειά
1284 3219 1317 3282 δὲ

172 3322 224 3390 τόν
240 3317 444 3402 κατακλυσμόν
462 3317 618 3401 ἐπιστάσης
636 3327 688 3402 τῆς
702 3318 918 3404 λύρυακοςτοῦ
936 3328 1005 3386 Νῶε
1023 3323 1057 3387 ἐν
1075 3329 1137 3396 τοῖς
1156 3317 1236 3402 δρεσι
1255 3327 1317 3392 τοῖς

172 3423 298 3512 Ἀραράτ
323 3420 381 3488 άνά
412 3422 501 3503 μέσον
523 3418 680 3505 Ἀρμενίαν
701 3423 753 3486 καί
776 3429 815 3480 ²³
831 3425 993 3504 Καρδαίοιν
1016 3426 1047 3488 ἐν
1068 3430 1110 3510 τῷ
1135 3426 1173 3468 ²4
1187 3417 1315 3502 Λουβάρ

173 3524 237 3611 ῦρει
254 3528 439 3613 καλουμένῳ,
464 3524 558 3588 ίκεῖσε
573 3528 737 3607 ’θπρῶτον
757 3527 924 3605 κατοίκησις
945 3529 1051 3608 γίνεται
1067 3521 1140 3606 μετά
1155 3519 1209 3585 τόν
1228 3544 1316 3584 κατα·

175 3626 302 3709 κλοσμδν
319 3636 379 3694 τῶν
392 3623 579 3712 άνθρύπαν,
601 3622 689 3689 κάκεῖ
704 3623 824 3705 φυτεύει
845 3622 1002 3708 άμπελῶνα
1018 3630 1088 3688 Νῶε
1111 3620 1130 3688 δ
1149 3619 1315 3707 προφήτης,

177 3729 307 3811 οἰκιστής
330 3756 361 3794 τε
383 3735 488 3815 γίνεται
509 3733 563 3794 τοῦ
580 3725 685 3793 τύπου.
731 3730 865 3791 Γίνονται
885 3727 917 3791 δὲ
940 3734 1002 3802 τοῖς
1024 3722 1116 3791 αύτοῦ
1139 3727 1241 3789 παισὶν
1265 3720 1316 3809 (ού

176 3830 231 3918 γάρ
248 3833 290 3895 ίτι
307 3828 396 3896 αύτδν
412 3835 546 3914 ἐμφαίνει
562 3829 778 3916 γεγεννηκέναι)
799 3832 902 3904 παῖδες
919 3830 971 3894 καί
989 3832 1104 3894 παίδων
1120 3831 1239 3907 παῖδες,
1261 3829 1316 3901 ἕεις

177 3935 311 4017 πέμπτης
337 3941 435 4017 γενεᾶς
461 3936 534 3999 ἐτῶν
558 3935 716 4011 ἑξακοσίων
740 3933 1019 4014 πεντηκονταεννία,
1049 3930 1140 4019 πάρεξ
1161 3937 1216 3997 τοῦ
1236 3928 1314 4012 Σήμ.

209 4176 234 4230 ’1.
251 4175 280 4230 δὲ
297 4191 342 4226 σπι
357 4176 408 4224 cod.
424 4178 498 4225 λἀιιι.
798 4175 837 4226 12.
856 4175 885 4230 δὲ
902 4179 952 4226 cod.
971 4180 1045 4226 Venet.
1081 4178 1153 4237 ίαλρο
1168 4188 1203 4223 τι.

209 4243 234 4296 8.
252 4243 296 4296 καλ
313 4259 357 4293 σοι.
373 4245 423 4292 cod.
438 4245 513 4292 venet.
798 4244 837 4296 13.
854 4260 882 4296 τε
899 4245 948 4294 cod.
968 4248 1041 4294 λἀιιε.
1079 4246 1150 4304 λὀίρο
1166 4236 1204 4292 δὲ.

99 4328 104 4344 “
210 4309 234 4362 9.
255 4307 375 4377 ἀσέλγεια
392 4325 436 4360 om.
454 4313 504 4360 cod.
520 4314 594 4361 λέιιιί.
797 4309 836 4363 14.
855 4312 948 4378 δημίων
965 4315 1015 4362 cod.
1031 4316 1106 4361 Vener.

196 4380 234 4431 10.
251 4396 280 4431 τε
296 4394 341 4428 om.
357 4380 407 4429 οοδ.
424 4381 499 4427 λἰοιί.
515 4406 548 4415 -
571 4382 675 4431 Fortasse
690 4395 728 4430 re·
797 4382 836 4430 15.
853 4376 902 4433 άπδ
918 4379 1034 4432 πετεινῶν
1051 4375 1094 4442 μὲν
1112 4377 1162 4425 τοῦ.
1179 4376 1254 4423 venet.

175 4449 309 4511 ponendum
329 4452 361 4497 ια
391 4444 539 4512 φαρμακεία
561 4444 604 4496 καὶ
625 4447 726 4515 μαγείᾳ,
797 4447 835 4499 16.
852 4445 884 4502 δι’
902 4463 947 4499 om.
963 4450 1014 4498 cod.
1034 4449 1087 4495 εἰν.

177 4511 311 4580 ύσελγεία,
335 4512 434 4582 μοιχείᾳ
450 4528 479 4563 τε
496 4497 540 4565 καλ
557 4507 650 4582 ἀδικίᾳ.
795 4513 833 4567 11.
852 4519 962 4578 suspicor
982 4518 1008 4563 εὐ
1028 4513 1081 4562 cod.
1097 4512 1151 4560 λἰιι.
1173 4514 1253 4560 extare
1274 4524 1317 4575 γε·

213 4581 251 4633 11.
269 4567 369 4648 γλῶττα
389 4583 439 4632 ανδ.
453 4582 527 4632 Vena.
760 4581 883 4648 γίνηνταα
