3046 5084
263 323 322 384 186
684 332 804 382 οιαονι
823 329 990 382 τετειιιαιι

263 448 381 536 χρόνοις
401 450 474 526 τισλ,
507 445 562 512 8τά
583 448 614 512 δέ
629 446 767 512 κάτωθεν
782 453 995 529 καταλυθῆναι.
1040 444 1155 530 Κύριον
1171 442 1262 510 αύτύν
1276 442 1384 525 φάσκει
1398 443 1420 512 ύ

263 550 337 638 γύης
355 553 386 616 ἐν
403 548 524 632 σχήματι
544 547 710 634 άνθρύποο
730 550 917 630 ἐληλυθέναι,
945 549 997 611 καὶ
1013 546 1077 633 ἐδέᾳ
1092 545 1187 635 μόνη,
1218 545 1254 611 τά
1269 544 1368 612 πάντα
1383 550 1418 614 δέ

264 655 296 718 ἐν
310 659 351 741 τῷ
366 656 465 717 δοκεῖν
479 652 687 732 πεποιηκέναι,
708 652 838 715 τουτέστι
853 647 885 716 τύ
903 655 1107 735 γεγεννῆσθαι,
1129 648 1162 713 τύ
1177 658 1358 735 περιπατεῖν,
1380 648 1415 716 τύ

265 752 464 832 ύπτάνεσθαι,
485 749 518 817 τύ
539 753 733 818 πεπονθέναι.

129 876 195 943 Κεφ,
215 873 247 945 μ’,
347 853 419 919 'Ami
440 853 547 919 τούτου
569 856 602 918 δέ
621 852 820 936 ψευδονύμως
840 849 861 934 ή
881 853 1044 934 καλουμένη
1066 858 1172 937 γνῶσις
1190 850 1306 936 ἄρχεται
1327 853 1417 921 πάλιν

263 961 477 1043 προςτλθεσθαι
492 963 533 1044 τῷ
549 960 638 1042 βυθῷ
654 963 706 1037 τῆς
722 953 814 1037 αύτῆς
829 958 988 1037 πονηρίας,
1011 951 1071 1019 άπύ
1088 958 1225 1036 Σίμωνος
1240 957 1292 1036 μέν
1306 960 1417 1039 λαβοῦ-

265 1083 302 1124 σα
322 1058 378 1141 τήν
400 1055 493 1140 άρχήν
515 1059 565 1120 καλ
585 1056 638 1138 τήν
656 1054 822 1140 πρόφασιν,
853 1055 1069 1137 προςτιθεμένη
1088 1057 1121 1119 δέ
1136 1059 1326 1144 περισσοτέρᾳ
1343 1056 1417 1147 άλλη

266 1163 411 1246 φλυαρίᾳ,
433 1156 474 1232 οἷς
490 1157 542 1222 τάν
558 1154 666 1238 ταύτης
682 1160 797 1241 ἐλεγχον
813 1154 936 1240 ύστερον
951 1158 1082 1240 ἐροῦμεν.
1129 1156 1241 1222 Φάσκει
1254 1157 1310 1243 γάρ
1328 1151 1418 1235 οὗτος

264 1259 335 1335 τούς
359 1257 499 1344 άγγέλοος
518 1259 610 1344 λέγων
632 1260 682 1322 καὶ
699 1255 751 1322 τδν
767 1254 842 1322 θεάν
859 1265 918 1321 τῶν
931 1255 1083 1323 Ἰουδαίων
1099 1261 1151 1323 ἕνα
1167 1261 1197 1336 ἐξ
1215 1258 1312 1324 αὐτῶν
1328 1257 1416 1338 εἷναι,

265 1359 413 1426 διεστάναι
431 1361 463 1424 δέ
478 1358 529 1425 τάν
544 1358 633 1424 αύτδν
647 1361 699 1424 καλ
713 1357 784 1435 τούς
799 1355 907 1432 αύτούς
923 1357 983 1424 άπδ
999 1367 1051 1441 τῆς
1066 1357 1157 1425 αύτοῦ
1174 1360 1341 1443 δυνάμεως,
1363 1361 1416 1429 τύν

266 1464 299 1528 δέ
315 1470 431 1544 σωτῆρα
446 1459 627 1526 άπεστάλθαι
643 1459 702 1526 άπδ
716 1459 828 1546 πατρύς
839 1458 913 1525 κατά
926 1459 1046 1545 γνώμην
1057 1468 1118 1526 τῶν
1131 1461 1285 1544 δυνάμεων
1300 1466 1350 1529 ἐπὶ
1363 1490 1416 1530 ιτα-

265 1564 381 1628 ταλάσει
402 1570 456 1628 τοῦ
477 1570 553 1628 θεοῦ
573 1570 633 1628 τῶν
652 1560 819 1641 Ἰουδαίων,
847 1564 899 1626 καλ
920 1564 970 1627 ἐπὶ
991 1568 1120 1652 σωτηρλᾳ
1139 1572 1198 1630 τῶν
1219 1567 1415 1648 πειθομένων.

268 1663 359 1730 Εἶναι
374 1666 404 1729 δέ
422 1663 530 1740 αύτούς
544 1663 614 1741 τούς
629 1662 737 1746 ταύτης
752 1671 805 1747 τής
820 1665 958 1748 αἱρέσεως
974 1664 1045 1741 τούς
1060 1669 1179 1748 ἐχοντας
1195 1664 1248 1731 τδν
1263 1676 1417 1752 σπινθῆρα

266 1775 319 1832 τοῦ
336 1766 453 1832 άνωθεν
468 1765 588 1850 πατρός.
626 1766 691 1832 Δύο
708 1766 762 1852 γάρ
782 1764 971 1832 ιπεπλάσθαι
987 1764 1037 1831 ἀπ’
1053 1765 1144 1850 ἀρχῆς
1159 1766 1341 1853 άνθρούπονς
1355 1769 1414 1849 φά-

267 1892 345 1946 σκει,
366 1871 417 1933 ἕνα
435 1866 568 1953 άγαθδν,
590 1870 641 1933 καλ
657 1871 709 1933 ἕνα
726 1875 855 1949 φαῦλον·
883 1871 913 1945 ἐξ
931 1861 974 1934 οἷν
989 1866 1045 1934 δύο
1064 1865 1139 1934 εἶναι
1155 1868 1192 1934 τά
1207 1873 1274 1956 γένη
1289 1876 1348 1935 τῶν
1362 1868 1415 1936 άν-

267 1969 402 2056 θρώπων
423 1972 454 2035 ἐν
474 1968 591 2059 κόσμᾳ,
620 1968 737 2055 άγαθόν
753 1995 784 2034 τε
801 1971 851 2034 κοιλ
865 1968 1006 2055 πονηρόν.
1047 1968 1168 2054 Ἐπειδή
1183 1973 1215 2036 δέ
1231 1975 1262 2037 ολ
1277 1975 1415 2055 δαίμονες

268 2081 330 2148 τοῖς
345 2081 486 2157 πονηροῖς
499 2071 660 2155 ἐβοήθουν,
679 2071 787 2137 τούτου
801 2075 885 2137 ἕνεκα
900 2069 945 2137 ἐπ’
962 2071 1108 2155 θέσχάτου
1120 2079 1181 2137 τοῖν
1191 2069 1318 2159 ήμερῶν,
1339 2081 1416 2158 θφη-

269 2175 309 2254 ολ,
330 2166 422 2257 ήλθεν
436 2171 453 2239 ά
469 2172 564 2260 σωτήρ
579 2176 628 2240 ἐπὶ
643 2178 771 2263 βοηθείᾳ
784 2181 844 2239 τῶν
858 2171 984 2260 άγαθοῑν
999 2170 1179 2258 άνθροάπων,
1197 2177 1249 2240 καὶ
1264 2177 1313 2241 ἐπὶ
1326 2202 1416 2241 κατα-

266 2275 346 2341 λύσει
359 2283 418 2341 τῶν
432 2284 571 2360 πονηρῶν
585 2279 636 2341 καὶ
652 2284 711 2341 τοῖν
729 2274 889 2358 δαιμόνων.
937 2273 977 2340 Τύ
994 2283 1098 2359 γαμεῖν
1116 2277 1148 2341 δέ
1163 2279 1215 2342 καὶ
1230 2275 1263 2343 τύ
1280 2285 1381 2363 γεννᾶν
1398 2276 1417 2345 ύ

268 2376 357 2454 αύτδς
372 2376 499 2463 α’γύρτης
515 2381 547 2442 ἐκ
562 2386 616 2443 τοῦ
631 2384 752 2442 Σατανᾶ
767 2374 908 2460 ύπάρχειν
922 2377 1007 2462 λέγει,
1029 2374 1102 2442 ὅθεν
1116 2381 1167 2444 καὶ
1184 2381 1215 2444 οἱ
1228 2383 1346 2456 πλελονς
1363 2378 1417 2446 αύ-

267 2487 327 2544 τῶν
338 2479 480 2563 ἐμψύχων
492 2477 657 2561 άπέχονται,
670 2477 753 2553 ὅπως
765 2477 816 2542 διά
827 2485 880 2560 τῆς
894 2484 1152 2565 4προςποιητικής
1165 2484 1260 2563 δῆθεν
1270 2486 1418 2560 πολιτείας

187 2632 192 2644 .
230 2632 235 2645 .
268 2579 367 2647 αὐτῶν
382 2607 463 2656 τινας
478 2579 682 2665 ἐπαγάγωνται
699 2583 741 2655 εἰς
755 2576 810 2661 τήν
825 2576 922 2644 αύτοῑν
939 2577 1064 2664 άπάτην.
1113 2580 1173 2658 Τάς
1189 2583 1221 2646 δέ
1236 2589 1418 2668 προφητείας

267 2682 374 2764 φάσκει
398 2680 416 2747 o‘
436 2680 525 2756 αύτάς
545 2680 632 2745 πάλιν
652 2680 741 2767 γόης,
770 2677 824 2756 τάς
845 2681 899 2763 μέν
918 2678 979 2747 ύπδ
1000 2689 1059 2747 τοῖν
1074 2691 1266 2766 κοσμοποιοῑν
1289 2682 1418 2770 άγγέλιον

269 2790 569 2869 Ιἐπροπεφητεῦσθαι,
591 2781 644 2858 τάς
659 2784 691 2848 δέ
706 2781 766 2850 ύπὸ
782 2790 836 2848 τοῦ
849 2791 979 2848 Σατανᾶ.
1024 2787 1085 2849 Καὶ
1101 2781 1192 2850 αύτύν
1209 2786 1240 2850 δέ
1256 2784 1309 2851 τδν
1320 2793 1416 2852 Σατα-

266 2892 321 2949 νᾶν
336 2883 457 2970 άγγελον
471 2883 579 2966 φάσκει
592 2883 822 2970 άντιπράττοντα
833 2893 896 2961 τοῖς
908 2895 1101 2969 κοσμοποιοῖς
1120 2883 1278 2973 ὁάγγέλοις,
1295 2888 1418 2972 μάλιστα

266 2987 300 3051 δέ
322 2993 363 3074 τῷ
385 2993 448 3076 θεῷ
467 2993 526 3051 τῶν
544 2984 706 3053 Ἰουδαίων.

132 3097 198 3163 Κεφ.
217 3093 249 3164 β.
342 3087 438 3153 Ὅταν
455 3090 487 3153 δέ
502 3096 594 3153 ταῦτα
610 3089 711 3179 φάσκη
727 3086 746 3155 ά
763 3087 932 3173 κτηνύδης,
959 3087 1078 3166 πάντως
1093 3116 1153 3156 που
1170 3094 1221 3157 καλ
1233 3090 1323 3169 αύτδς
1344 3096 1416 3159 Ιδει-

266 3191 408 3277 χθήσεται
423 3193 474 3256 ἕνα
490 3189 566 3255 θεάν
582 3188 749 3275 ὁμολογῶν,
770 3194 822 3257 καὶ
839 3194 889 3257 ἐπλ
903 3196 973 3275 μίαν
987 3191 1109 3275 ἐνύτητα
1125 3199 1284 3279 μοναρχίας
1299 3191 1417 3279 άνάγων

266 3293 300 3360 τύ
320 3301 389 3359 πᾶν.
433 3296 477 3357 Εἰ
495 3291 551 3379 γάρ
574 3297 606 3357 οἱ
625 3291 739 3378 άγγελοι
755 3292 969 3377 πεποιήκασιν,
1000 3292 1116 3381 ἄγγελοι
1136 3296 1169 3360 δέ
1184 3295 1272 3360 πάλιν
1287 3292 1347 3361 άπύ
1362 3301 1416 3377 τῆς

266 3395 386 3462 άνοτθεν
403 3394 558 3478 δυνάμεως
572 3391 605 3458 τά
619 3399 715 3459 αἴτιον
729 3393 865 3479 ἐσχήκασι
880 3402 935 3462 τοῦ
951 3392 1041 3476 εἶναι,
1064 3394 1143 3482 2άρα
1158 3394 1216 3462 ούιι
1230 3393 1314 3461 αύτολ
1326 3398 1417 3461 αἴτιοι

267 3505 321 3562 τοῦ
336 3498 506 3583 πλάσματος
522 3503 575 3562 τοῦ
591 3494 773 3581 α’νθροάπου,
805 3495 881 3562 ’ἄλλ’
899 3495 921 3581 ή
936 3496 1053 3563 ἄνωθεν
1069 3498 1195 3581 δύναμις
1210 3494 1231 3581 ή
1246 3496 1316 3574 τούς
1332 3494 1416 3584 άγχέ·

266 3606 337 3673 λους
350 3601 515 3684 ποιήσασα,
537 3602 566 3678 ἐξ
586 3590 627 3664 οἷν
643 3600 694 3663 καὶ
710 3595 731 3680 ή
749 3598 880 3676 4πλάσις
894 3607 949 3665 τοῦ
965 3596 1131 3686 άνθράπου
1147 3601 1312 3682 συνέστηκε.
1357 3603 1419 3666 Καὶ

266 3697 322 3783 γάρ
338 3698 392 3765 οὐκ
405 3706 499 3768 αἴτιον
511 3700 544 3767 τά
560 3704 709 3788 ἐργαλεῖον
719 3710 779 3767 τῶν
793 3698 844 3766 ύπ’
858 3698 950 3767 αύτοῦ
966 3704 1164 3788 θγενομένων,
1187 3697 1245 3766 ἄλλ’
1261 3698 1279 3768 ά
1293 3705 1420 3790 ἐνεργῶν

268 3937 299 3970 ex
314 3922 427 3988 supernis
440 3923 588 3976 descendit“
604 3933 670 3990 τιλλ,
685 3931 752 3978 vertit
770 3930 827 3978 Gor·
859 3926 971 3995 poralem
987 3934 1015 3976 st
1028 3925 1081 3976 ιίαα
1098 3926 1191 3993 figura,
1207 3928 1323 3996 putativo
1337 3937 1420 3979 sutem

268 3993 366 4052 narius,
381 3994 408 4039 ιιλ
421 4005 499 4042 vocem
514 3988 566 4046 ἄνω
579 4011 623 4056 μω
638 3999 827 4046 υττυίοιαιονο-
859 3995 938 4045 visum
957 3994 1111 4047 hominemst
1145 3997 1261 4059 δαμμλινλ
1276 3994 1420 4059 καταλυθῆ-

267 4062 302 4109 οίτ
318 4054 445 4124 α’νὶλριύπῳ
461 4065 586 4124 sumpsisse
601 4066 717 4113 videatur.
858 4080 898 4115 ναι
913 4077 1009 4125 vocem,
1025 4077 1085 4126 ηαοι
1100 4066 1126 4113 ι’τι
1141 4066 1207 4114 libris
1221 4065 1381 4125 densam,
1397 4066 1420 4111 τέ

301 4125 325 4179 8.
344 4125 429 4194 „quod
445 4143 505 4175 vero
522 4145 551 4176 ex
567 4128 671 4179 infernis
686 4140 738 4189 est,
756 4130 825 4181 inte-
857 4133 967 4193 τιιοιέρελ
991 4127 1084 4196 Κύριον
1108 4125 1201 4193 αύτδν,
1226 4144 1272 4193 μευ
1295 4144 1341 4194 ςνσ
1365 4131 1420 4178 ΝΜ

267 4193 342 4255 rire‚⁴‘
356 4196 609 4248 τοονττλίισοαιοτίατ.
624 4200 825 4261 λτινιοιντλ,’ὶῖ..·
856 4201 968 4260 praebent
984 4196 1029 4250 καὶ
1046 4192 1115 4252 αύτό.

267 4262 358 4322 „Hanc
372 4262 449 4328 igitur
469 4261 600 4310 scintillam
615 4264 681 4314 vitae
701 4276 759 4333 post
777 4266 825 4317 de·
895 4266 955 4316 Cn.
967 4268 997 4317 H.
1012 4293 1047 4305 -
1065 4264 1419 4329 1.πιπλᾶσ5αισσιλ.ἐίδιδέμ.

265 4328 422 4379 functionem
440 4345 567 4378 recurrere
588 4330 621 4378 ad
643 4349 672 4381 ea
689 4344 826 4401 quaesunt
858 4336 948 4387 aeds.
963 4337 1055 4397 μήπω,
1072 4338 1155 4398 ubique
1170 4335 1227 4396 sere.

267 4396 376 4447 eiusdem
387 4396 484 4463 generis
497 4394 565 4453 dicit,
583 4399 714 4467 etreliqua
727 4403 826 4470 eani-
892 4403 917 4454 Ἰ.
934 4405 1028 4465 ἐλτρωτο
1048 4396 1086 4454 ἐπ’
1108 4397 1221 4469 ἐσχάτων
1237 4397 1288 4451 τῶν
1304 4395 1420 4467 ἡμερῶν,

266 4464 312 4514 bus
330 4465 397 4515 facta
411 4475 469 4514 sunt
483 4464 526 4514 illa
539 4463 638 4515 resolvi.
671 4471 826 4522 salvatorem
858 4476 893 4521 ιιιιΙ
907 4475 991 4534 mitur
1005 4485 1079 4534 ινμτσ
1092 4466 1208 4533 pam-w„
1223 4472 1246 4519 es
1261 4469 1381 4533 misti,
1395 4472 1419 4521 2.

264 4542 348 4584 sutem
367 4532 479 4584 innatum
496 4532 675 4585 demonstravit
695 4547 721 4588 et
739 4539 826 4590 incor-
856 4554 915 4603 ρος.
926 4537 984 4591 0'19.
