3046 5084
341 327 475 378 raanan
492 328 555 380 Lib.
567 329 587 382 l.
602 328 684 381 ΤΟΜ.
696 329 740 381 ΙΙΙ.
757 330 854 381 HAER.
868 331 926 381 XL.
1146 319 1203 380 541

62 454 176 505 testatos
190 457 267 519 runt,
290 468 308 507 c
322 450 373 508 deo
387 451 533 511 ordinatae
546 461 623 523 snat,
648 449 687 512 ait
702 450 860 534 apostolus.
904 454 1003 530 ltaque
1015 455 1067 531 qut
1074 456 1210 530 potestati

60 540 182 620 rerntlt,
216 552 264 609 dei
278 552 452 612 ordraaa'om'
467 555 585 613 resistit.
633 555 706 613 Nam
721 556 864 632 pmirctpee
885 574 940 612 noa
956 563 1025 613 sunt
1040 564 1138 613 eontra
1159 554 1206 613 bo·

59 671 141 724 aum,
172 653 224 711 sed
240 672 295 731 pro
317 653 405 727 bono,·
436 675 525 736 neque
547 641 616 716 suat
633 665 733 715 conae
751 658 910 726 ueritatem,
941 658 992 714 sed
1004 676 1058 734 pro
1075 658 1201 715 veritate.

60 756 109 813 Va
130 765 222 814 nutem
244 775 299 815 non
319 759 414 816 ninere
424 763 614 837 potestatem?
654 761 759 817 lionam
769 758 841 839 soc,
873 768 902 816 et
916 757 1029 816 dolebis
1045 759 1152 817 laudem
1170 779 1207 817 er

59 857 121 915 ella.
167 858 233 916 Noa
246 861 317 918 earm
333 862 394 918 arbe
408 879 508 921 caussa
522 863 650 939 gladium
662 869 769 940 portat.
812 862 949 918 deiende
965 862 1090 919 maboster
1105 862 1143 919 ad
1155 862 1206 919 lior

59 960 148 1036 aprum
166 960 299 1019 aduersus
314 962 449 1021 scelerate
465 967 603 1043 quispiam
617 974 760 1042 gerentem
776 982 794 1021 n
809 965 860 1021 deo
876 965 1053 1021 constitutus.
1101 956 1205 1023 Vides·

59 1079 96 1120 ae
112 1069 145 1123 ut
160 1060 231 1122 baec
247 1062 343 1124 muudi
360 1071 489 1147 potestas
505 1085 522 1126 a
537 1064 592 1126 dec
606 1063 733 1126 stabilita
750 1063 805 1141 sit,
837 1062 982 1146 gladiique
999 1063 1044 1126 ius
1059 1063 1206 1125 obtineat?

57 1157 165 1245 Neque
187 1182 259 1224 vero
282 1163 308 1227 id
328 1163 460 1241 aliunde,
494 1186 578 1248 quam
599 1185 615 1226 a
638 1165 693 1227 deo
713 1165 748 1227 ad
764 1164 965 1227 vindicandum
988 1164 1102 1248 accipit.
1148 1159 1205 1228 Ce-

57 1272 153 1326 terum
170 1264 245 1348 quod
262 1264 403 1328 eiusmodi
423 1266 482 1329 sint
501 1267 655 1330 inmundo
673 1267 849 1353 principatus
867 1289 901 1330 ac
919 1277 1095 1352 potestates,
1121 1287 1205 1329 nemo

56 1364 172 1429 illorum
194 1387 292 1448 regem
316 1378 469 1453 propterea
489 1387 589 1452 regem
612 1389 679 1433 esse
702 1370 870 1452 negaverit,
901 1369 952 1432 sed
970 1369 1009 1430 ita
1029 1367 1204 1452 principatus

56 1467 124 1531 illos
145 1489 180 1531 ac
197 1480 355 1553 potestates
377 1470 406 1533 ia
428 1471 534 1534 mundo
552 1490 618 1535 esse
639 1471 792 1549 fatebitur,
822 1482 853 1534 ut
870 1471 985 1534 iuterim
1005 1471 1118 1533 illorum
1138 1490 1204 1533 csse

56 1589 157 1654 regem
175 1582 326 1654 agnoscat.
372 1569 660 1658 lgiturbocipsum,
691 1574 765 1657 qnod
782 1572 811 1635 in
829 1574 916 1636 terris
934 1573 1054 1645 accidit,
1086 1573 1205 1634 demon·

56 1671 224 1751 stravimus,
249 1695 307 1737 noa
322 1694 388 1738 esse
403 1673 466 1757 regi
482 1675 659 1760 principatus
673 1675 846 1753 contrarios,
871 1677 922 1740 sed
937 1676 973 1738 ad
989 1673 1100 1757 imperii
1117 1674 1204 1736 totius

56 1774 336 1839 administrationem
357 1787 511 1860 terraeque
531 1776 756 1839 moderationem
776 1777 940 1856 subiectosq
972 1777 1019 1839 ubi
1038 1777 1143 1839 caedes
1160 1776 1205 1838 vi·

57 1876 164 1940 delicet
178 1897 213 1940 ac
228 1878 334 1962 praelia
349 1880 418 1957 siut,
436 1878 677 1962 ignorantiaeque
693 1899 728 1941 ac
744 1879 924 1964 disciplinae,
942 1878 1107 1940 observatio
1124 1878 1204 1939 deni-

58 1999 113 2063 que
136 1979 232 2063 legum
255 2000 289 2042 ac
312 1981 520 2064 transgressio.
571 1975 664 2044 Casius
688 1980 730 2042 rei
754 1981 849 2064 gratia
872 1991 1032 2066 potestates
1054 1980 1203 2042 institutae

56 2091 141 2161 suat,
172 2093 204 2145 ut
222 2083 257 2144 ad
277 2092 371 2166 aptam
394 2082 480 2146 totius
503 2082 582 2146 orbis
602 2082 846 2167 compositamque
864 2081 1103 2166 gubernationem
1122 2102 1205 2166 prae·

57 2183 136 2248 clare
159 2204 175 2247 a
198 2185 252 2247 deo
275 2184 490 2249 constituantur
513 2206 547 2248 ac
572 2194 712 2268 regantur
733 2184 882 2247 universa.
928 2181 1007 2246 ldem
1026 2194 1056 2247 et
1073 2184 1102 2247 iu
1121 2184 1203 2246 coelo

56 2306 171 2372 quoque
188 2287 359 2371 contingere
375 2307 499 2351 necesse
514 2298 577 2366 est,
609 2306 702 2371 eoque
718 2287 827 2370 magis,
858 2288 933 2370 quod
949 2286 1008 2349 illic
1024 2306 1078 2349 nec
1094 2285 1203 2349 invidia

54 2409 110 2452 nec
126 2388 299 2468 aemulatio,
324 2410 418 2473 neque
435 2389 530 2474 legum
549 2387 670 2455 violatio
692 2409 746 2452 nec
765 2388 870 2452 seditio
886 2389 942 2451 ulla
959 2388 1013 2466 sit,
1038 2410 1094 2451 non
1113 2387 1203 2451 iusiu-

55 2491 194 2568 randum,
220 2512 277 2554 non
298 2491 417 2576 rapina,
442 2512 499 2555 non
517 2491 623 2576 aliquid
641 2490 794 2555 eiusmodi.
841 2488 941 2573 Quare
958 2489 1078 2554 alterius
1094 2490 1201 2573 negotii

54 2611 159 2657 caussa
177 2589 344 2658 Potestates
368 2593 512 2657 stabilitae
533 2605 612 2657 sunt.
658 2589 817 2658 Cuiusnam
837 2594 929 2656 vero?
970 2590 1115 2656 Nimirum
1136 2613 1202 2676 pro·

54 2705 120 2780 pter
137 2695 299 2759 divinarum
312 2696 426 2759 laudum
442 2707 614 2759 concentum
632 2706 662 2758 et
675 2695 867 2759 immortalem
882 2695 960 2758 illam
978 2695 1102 2758 numinis
1119 2714 1202 2779 prae·

53 2797 241 2862 dicationem.
287 2793 381 2862 Cuius
402 2799 496 2882 gratia
517 2819 648 2862 summus
669 2798 718 2862 ille
740 2798 812 2862 dens
832 2820 866 2861 ac
884 2799 1018 2884 princeps
1036 2797 1130 2861 omnis
1149 2817 1202 2860 ex·

53 2919 121 2985 pers
143 2898 270 2963 invidiae
287 2921 370 2964 snam
389 2900 493 2984 cuique
509 2900 642 2980 illorum,
673 2921 745 2984 quos
762 2901 918 2985 produxit,
950 2911 1151 2963 ornamentum
1168 2920 1201 2962 ac

52 3002 142 3066 decas
165 3001 312 3082 attribuit,
348 3013 379 3065 at
399 3002 514 3087 imperii
539 3003 583 3066 sui
608 3003 746 3088 splendor
769 3014 854 3087 atque
879 3003 1054 3086 sempiterna
1078 3003 1202 3087 dignitas

53 3115 193 3189 perpetuo
215 3104 390 3169 celebretur.
437 3102 584 3187 Quocirca
606 3105 794 3170 vehementer
814 3116 914 3170 errant
934 3105 982 3168 isti
1002 3105 1050 3189 qui
1069 3105 1115 3168 dei
1133 3125 1199 3189 gra·

53 3207 122 3271 tiam
146 3205 293 3287 ignorant.

138 3306 211 3372 lttut
230 3330 302 3372 vero
320 3310 440 3396 insuper
454 3311 612 3389 affirmant,
637 3310 712 3394 quod
730 3331 747 3374 a
765 3331 811 3372 me
828 3320 912 3373 autea
930 3310 1035 3372 dictum
1055 3319 1116 3386 est,
1140 3307 1200 3371 dia·
1224 3313 1282 3381 Cap.
1302 3316 1331 3365 V.

50 3411 149 3475 bolum
171 3411 311 3496 septimae
330 3409 506 3492 Potestatis,
532 3413 585 3476 boc
604 3424 649 3476 est
666 3411 813 3490 Sabaoth,
839 3432 904 3475 esse
926 3411 1024 3474 filium.
1071 3407 1199 3473 Sabaoth

51 3535 139 3599 porro
157 3512 329 3578 ludaeorum
347 3534 414 3577 esse
431 3515 534 3593 deum,
566 3514 647 3578 cuius
665 3515 757 3578 malus
776 3514 849 3577 tilius
868 3514 907 3576 sit
925 3512 1071 3576 diabolus:
1102 3512 1149 3596 qui
1168 3512 1198 3575 in

50 3628 131 3681 terra
148 3617 313 3681 consistens
330 3616 444 3702 parenti
461 3639 515 3681 suo
530 3618 700 3687 reluctetur.
745 3614 878 3680 Eundem
896 3636 967 3678 vero
984 3626 1131 3700 parentem
1148 3635 1199 3677 ne-

51 3740 107 3805 que
126 3719 286 3797 eiusmodi,
309 3719 364 3782 hoc
383 3730 430 3783 est
446 3721 570 3799 malum,
593 3741 679 3798 csse,
704 3739 798 3803 aeque
817 3719 902 3780 deum
920 3728 1015 3780 tamea
1034 3716 1112 3779 illum
1132 3737 1198 3780 esse

50 3823 100 3907 qui
123 3822 328 3907 comprehendi
354 3834 496 3907 nequeat,
531 3823 581 3886 sed
607 3823 642 3886 ad
667 3821 812 3886 sinistram
834 3817 1013 3881 Potestatem
1038 3818 1195 3904 pertinere.

48 3925 171 3988 Addunt
189 3935 220 3988 et
234 3924 319 3988 aliam
335 3925 498 3989 istiusmodi
516 3924 658 3989 tabulam:
684 3923 827 3986 diabolum
846 3923 880 3984 ad
900 3919 993 3984 Evam
1011 3921 1196 3984 accedentem

49 4047 114 4091 cam
129 4048 163 4091 ca
178 4027 297 4113 perinde
313 4047 347 4090 ac
363 4027 409 4091 vir
424 4048 488 4091 cnm
503 4028 624 4091 muliere
640 4026 715 4089 solet
728 4023 967 4088 consuetudinem
981 4023 1128 4102 habuisse,
1147 4023 1196 4085 de-

48 4150 106 4214 que
127 4150 163 4193 ea
179 4126 304 4196 Caicum
326 4140 356 4194 et
370 4128 497 4193 anetum
516 4127 694 4214 suscepisse.
738 4124 787 4189 Ex
807 4148 864 4210 quo
885 4129 991 4191 tactum
1009 4136 1145 4190 asserunt
1167 4134 1197 4188 at

47 4230 79 4296 ia
96 4230 219 4297 alterum
235 4253 310 4298 anns
325 4233 509 4317 insurgeret,
533 4253 586 4318 pro
603 4251 638 4296 ea
652 4228 790 4295 videlicet
804 4229 913 4295 invidia
929 4249 985 4313 qua
1002 4228 1032 4292 in
1047 4249 1081 4293 sc
1097 4239 1196 4292 mutuo

47 4423 135 4471 taulus.
640 4420 691 4472 cod.
709 4422 828 4470 vascam.

81 4488 140 4539 Car.
155 4488 185 4538 V.
204 4516 239 4527 -
262 4489 285 4541 t.
304 4489 369 4555 γῆς,
386 4490 449 4553 quod
464 4490 608 4540 demetantur
674 4487 699 4538 2.
717 4490 790 4552 letne
808 4486 892 4553 φησιν.

45 4559 72 4608 ta
86 4558 138 4608 nod.
150 4557 249 4623 attam
264 4562 286 4610 et
300 4558 368 4610 editis
383 4558 463 4621 ltbrtr,
487 4558 563 4609 Mtect
579 4572 608 4608 ea
