3046 5084
357 286 491 339 uauauu
508 286 585 340 ΔΜ.
603 287 887 341 autumentur.
905 291 985 342 Tou.
999 292 1031 341 ll.
1213 281 1271 341 129

111 408 189 472 mina
221 405 362 492 quaedam
382 403 600 489 Principatuum
623 427 658 469 ae
674 404 856 470 Poteatatum
878 420 1060 472 commentus
1078 420 1139 488 eat,
1173 412 1269 473 eoele-

116 521 233 594 stesque
259 509 364 594 globos
383 507 502 584 varios,
526 516 612 588 atque
629 506 660 568 in
679 507 859 570 firmamento
875 509 1015 592 coeloque
1037 509 1165 591 quolibet
1179 508 1269 574 lntel-

113 611 251 695 ligentias
269 621 367 674 certas
383 608 520 683 collocat,
544 605 647 688 quibus
663 605 805 669 barbaras
821 608 1029 691 appellationes
1047 608 1166 691 affingit.
1204 610 1268 673 Ne·

116 724 166 797 gat
184 713 306 797 iusuper
320 710 446 773 salutem
469 706 609 789 consequi
627 706 714 770 ullum
737 706 881 769 bominum
903 708 988 770 aliter
1007 729 1111 791 posse,
1135 731 1219 790 quam
1242 711 1267 774 si

115 814 258 877 eiusmodi
274 809 416 896 mysteria
430 806 575 884 didicerit,
593 816 623 869 et
641 805 850 871 Universitatis
866 806 987 871 Parenti
1006 830 1038 871 ea
1057 810 1200 872 sacrificia
1216 832 1268 894 per

113 915 180 979 illos
198 935 273 998 quos
291 910 419 974 diximus
435 906 619 993 Principatus
636 930 671 972 ac
687 907 855 972 Potestates
872 910 1020 975 obtulerit.
1049 909 1191 974 Nostrum
1213 912 1266 974 boc

112 1038 204 1101 porro
222 1012 354 1077 seculum
375 1010 411 1074 ab
436 1010 580 1093 nequitiae
597 1008 812 1095 Principatibus
835 1021 865 1072 et
881 1009 1081 1075 Potestatibus
1102 1035 1166 1076 cnm
1184 1015 1265 1075 dole·

112 1131 161 1180 etu
179 1115 339 1179 conditum.
384 1109 442 1176 Sed
460 1122 490 1175 et
506 1112 601 1174 carnis
619 1113 763 1175 duntaxat
779 1112 863 1175 unius
882 1114 1099 1197 corruptionem
1115 1124 1201 1197 atque
1218 1116 1263 1176 iu·

111 1218 251 1293 teritum,
275 1214 433 1278 animarum
449 1234 522 1276 vero
538 1213 737 1298 expiationem
755 1214 878 1293 astruit,
901 1213 942 1277 ita
959 1227 1073 1294 tamen,
1098 1216 1122 1277 si
1144 1217 1262 1279 menda·

112 1319 249 1381 eissimac
266 1314 438 1400 cognitionis
456 1335 529 1378 suae
547 1314 694 1399 mysteriis
710 1315 840 1378 initiatae
857 1317 975 1378 luerint.
1014 1316 1112 1398 Atque
1129 1317 1195 1378 hinc
1210 1339 1261 1381 eo-

111 1443 175 1484 rum
201 1440 272 1503 quos
300 1417 458 1480 Gnostieos
481 1416 658 1501 appellamus
683 1416 766 1500 origo
789 1418 938 1502 produxit.
984 1415 1143 1480 Praeterea
1165 1420 1260 1501 legem

114 1544 173 1585 nou
191 1543 209 1584 a
224 1523 289 1597 deo,
313 1519 364 1582 sed
383 1540 399 1582 a
415 1519 535 1582 sinistra
548 1519 670 1600 quadam
687 1518 878 1601 intelligentia
897 1521 1055 1603 prolectam
1071 1521 1193 1597 asserit,
1218 1521 1258 1582 uti

114 1644 208 1707 oeque
229 1621 384 1708 propbetas
406 1641 423 1683 a
445 1620 523 1682 bono
547 1620 621 1698 deo,
652 1621 703 1682 sed
728 1619 765 1683 ab
782 1620 837 1682 alia
854 1631 940 1704 atque
960 1621 1015 1683 alia
1031 1633 1134 1684 censet
1149 1620 1258 1686 lntelli-

110 1726 208 1810 gentia
231 1732 415 1808 comparatos
441 1721 544 1784 luisse.
589 1719 732 1804 Adeoque
757 1743 810 1805 pro
827 1721 948 1784 arbitrio
970 1725 1069 1787 delinit
1087 1725 1202 1801 onioia,
1227 1737 1259 1788 ut

110 1827 203 1911 legem
224 1826 309 1888 unius
329 1845 397 1888 esec
413 1822 510 1902 dicat,
541 1818 685 1885 Davidem
701 1822 840 1900 alterius,
870 1820 989 1885 Esaiam
1010 1826 1044 1886 ad
1065 1826 1155 1904 bano,
1179 1825 1257 1889 Eze-

107 1927 228 1991 cbielem
246 1927 283 1989 ad
303 1926 381 1988 illam
398 1924 546 2009 pertinere
562 1921 644 2000 velit,
668 1921 855 2006 singulosque
871 1923 1026 2007 propbetas
1042 1924 1255 2011 priucipatibus

107 2031 169 2093 suia
188 2028 340 2092 attribuat.
387 2025 471 2109 Quos
486 2045 589 2088 omues
606 2022 744 2086 sinistrae
760 2020 974 2105 intelligentiae
990 2026 1144 2103 adscribit,
1170 2039 1256 2110 atque

107 2152 125 2194 a
143 2130 357 2214 complemento
370 2127 478 2191 reiicit.
506 2123 642 2209 Denique
656 2124 787 2208 quisquis
805 2125 899 2188 veteri
916 2134 1089 2189 testamento
1105 2128 1188 2190 bdem
1205 2130 1254 2191 ad·

106 2232 200 2310 bibet,
225 2232 378 2294 incurrere
400 2239 524 2292 mortem
545 2236 710 2291 asseverat.

191 2331 304 2397 Verum
321 2330 462 2395 eiusmodi
478 2330 582 2412 dogma
599 2327 635 2391 ab
652 2327 776 2413 ipsamet
792 2329 917 2392 veritate
936 2328 1091 2392 refellitur.
1135 2329 1213 2394 Nam
1227 2333 1253 2394 si
1273 2347 1331 2415 cap.
1351 2352 1380 2400 v.

105 2435 217 2499 vieille
234 2433 280 2497 dei
297 2444 344 2496 est
359 2430 521 2515 etquidem
536 2451 658 2514 magua,
682 2429 843 2493 scortillom
863 2451 935 2494 vero
955 2430 1165 2494 contubernale
1183 2433 1252 2496 illud

108 2534 255 2622 Spiritus,
278 2545 310 2597 ut
328 2535 386 2612 ait,
411 2544 529 2596 sauctus
547 2542 609 2611 est,
634 2530 712 2595 dieat
726 2552 835 2616 quaeso
854 2555 910 2617 quo
929 2535 1045 2596 tandem
1065 2533 1181 2596 nomine
1204 2556 1254 2618 ap·

105 2638 241 2724 pellenda
256 2635 311 2700 Vis
326 2635 374 2699 illa
391 2634 441 2713 sit,
459 2644 510 2697 aut
525 2633 591 2717 quid
610 2653 732 2696 caussae
749 2634 787 2696 sit
803 2656 855 2697 cur
871 2656 936 2698 eum
952 2634 1140 2699 mulierculae
1155 2638 1253 2722 appel-

106 2741 245 2804 lationem
262 2739 387 2820 aliquam
405 2736 550 2813 tribuerit,
573 2734 629 2798 sibi
647 2734 701 2819 ipsi
720 2735 825 2798 nullam
843 2758 964 2821 prorsus
979 2737 1137 2801 invenerit.
1170 2735 1252 2820 Quo-

106 2861 175 2904 nam
196 2859 269 2901 vero
290 2848 391 2922 pacto,
421 2836 449 2900 id
468 2837 542 2921 quod
561 2846 741 2921 compertum
759 2847 821 2914 est,
852 2838 985 2902 accidere
1003 2839 1096 2923 potuit
1114 2851 1145 2903 ut
1169 2853 1250 2904 certo

106 2939 284 3022 definitaque
308 2951 437 3024 tempore
453 2937 566 3002 Roouae
585 2948 708 3000 mortem
722 2937 845 3016 obierit,
869 2962 932 3001 eom
949 2942 1043 3004 media
1059 2942 1087 3002 in
1106 2943 1177 3006 urbe
1200 2944 1250 3005 de-

105 3043 208 3106 cidens
229 3061 267 3103 ex
286 3040 344 3111 alto
363 3040 453 3105 miser
469 3040 600 3103 interiit?
641 3039 707 3122 Qua
723 3038 793 3102 item
810 3040 924 3103 ratione
941 3039 1048 3105 Petrus
1068 3043 1141 3106 banc
1163 3045 1192 3106 in
1215 3044 1250 3106 il-

104 3145 164 3209 lum
181 3143 355 3206 sententiam
373 3142 454 3221 tulit,
478 3141 584 3204 nullam
606 3161 672 3204 eum
698 3141 728 3204 iu
745 3142 844 3205 divino
860 3143 938 3206 cultu
960 3154 1069 3207 sortem
1085 3167 1118 3207 ac
1136 3156 1248 3229 partem

104 3245 260 3310 obtineret
301 3241 405 3308 Potest
421 3263 494 3305 vero
510 3241 664 3305 muudusa
682 3242 758 3306 bono
773 3244 827 3306 deo
843 3266 901 3307 uon
922 3266 988 3308 esse
1007 3247 1159 3324 conditus,
1183 3266 1248 3307 oum

106 3347 143 3411 ab
158 3368 193 3411 co
209 3347 277 3410 boni
294 3366 398 3410 omues
418 3344 503 3407 electi
520 3343 601 3407 aiut?
621 3343 664 3407 Αι
680 3344 751 3410 baec
767 3367 820 3408 cor
834 3347 953 3410 sinistra
969 3368 1036 3410 esse
1056 3347 1101 3408 vis
1114 3347 1162 3408 illa
1179 3347 1250 3408 dici-

103 3459 168 3527 tur,
192 3470 267 3533 quae
285 3448 315 3512 iu
333 3449 400 3532 lege
417 3466 453 3508 ae
470 3465 523 3531 per
534 3445 688 3530 propbetas
705 3447 801 3510 locuta
818 3449 874 3511 sitl
896 3469 970 3532 quae
985 3445 1097 3511 Christi
1117 3446 1186 3509 boni
1202 3447 1249 3511 dei

103 3551 258 3615 adventum
283 3547 484 3634 praedixerit?
515 3567 588 3632 quae
612 3548 723 3612 uetaria
743 3550 838 3611 omnia
858 3549 1004 3612 vetuerit?
1038 3548 1087 3609 An
1110 3569 1168 3610 nou
1191 3570 1249 3614 uua

101 3650 257 3736 utrobique
271 3649 408 3714 diviuitas
426 3649 560 3734 idemque
578 3649 648 3713 uovi
663 3650 748 3714 simul
766 3670 799 3714 ac
817 3651 927 3713 veteris
945 3649 1111 3712 testamenti
1128 3650 1248 3735 spiritua

101 3773 169 3818 esse
187 3753 284 3828 debet,
307 3771 372 3814 cum
391 3750 523 3816 dominns
542 3752 668 3830 dixerit,
698 3756 763 3814 Non
785 3757 851 3813 oeni
870 3755 979 3812 solvere
1000 3755 1102 3830 legem,
1126 3757 1177 3814 ced
1196 3758 1396 3829 eta-unuani.

96 3858 202 3936 plere?
245 3851 343 3934 Atque
362 3853 483 3937 utillud
501 3853 687 3933 ostenderet,
711 3853 908 3917 denuntiatam
929 3873 946 3914 a
967 3872 1000 3915 sc
1022 3852 1115 3936 legem
1137 3876 1172 3918 ac
1194 3877 1246 3941 per

99 3953 238 4041 Moyscm
254 3970 443 4030 concessam,
467 3954 609 4036 euangelii
626 3975 699 4017 vero
714 3954 837 4038 gratiam
857 3974 909 4037 per
928 3955 1113 4040 seiuetipsum
1135 3958 1245 4021 adveu-

100 4066 219 4141 tumque
236 4076 302 4118 cum
324 4074 414 4118 carue
437 4074 519 4118 auum
540 4055 702 4119 bominibus
718 4057 944 4141 promulgatam,
968 4056 1008 4120 lta
1027 4055 1152 4122 ludaeos
1174 4060 1245 4122 allo·

100 4167 184 4223 cutus
201 4168 263 4222 esta
297 4159 498 4218 St'erederenb
513 4159 623 4235 Mopsi,
648 4160 719 4218 malti
732 4178 840 4237 qaoque
856 4162 1022 4221 crederetui.-
1052 4164 1101 4222 elle
1115 4165 1187 4222 enain
1208 4165 1393 4236 delatumque

133 4336 159 4391 4.
177 4337 251 4397 αὐτὸν
264 4345 401 4427 pcdtctte.
415 4347 436 4393 et
449 4343 578 4392 ceraton.
611 4341 657 4391 lte·
691 4343 784 4424 quottt.
818 4340 976 4430 ἐπελάγησᾳι
996 4349 1047 4398 cad.
1067 4349 1146 4427 t'ottc.¹
1173 4345 1244 4400 duel·

98 4412 159 4528 umbi
170 4410 329 4545 winibal»
345 4481 381 4529 ed
396 4481 478 4529 Peleu.
494 4492 524 4528 aar
542 4478 656 4527 emendat.
687 4410 1022 4556 &pobimiobobbbldbblpb‘
1034 4417 1201 4548 qqqtnppqqqn.

148 4556 238 4615 Capu
250 4557 385 4604 &aaut
399 4560 428 4604 u.
1023 4573 1042 4632 9
