3046 5084
270 306 311 369 58
693 317 811 370 οιοστι
829 318 994 369 τοιουτου

141 449 208 516 Κεφ.
226 447 254 503 ι’.
351 429 459 514 Ἔσχον
484 431 516 496 δὲ
537 423 617 497 οῦτοι
644 435 674 497 οί
691 430 835 499 Ἰουδαῖοι
861 432 925 516 ῦχρι
951 440 1004 515 τῆς
1030 429 1090 497 άπὸ
1114 436 1291 514 Βαβυλῶνος
1312 433 1415 514 αίχμα-

154 543 203 585 1³²5·
218 532 249 575 ¹⁹·
268 538 376 609 λασίας
400 531 548 599 ἐπανόδου
573 538 694 617 βίβλους
718 559 748 600 τε
774 536 826 599 καί
846 533 1002 619 προφήτας
1027 531 1152 608 τούτους
1177 534 1227 597 καλ
1251 540 1416 617 προφητῶν

269 639 389 719 βίβλους
408 633 529 710 ταύτας·
557 635 676 720 πρῶτην
698 636 751 717 μίν
775 638 906 720 Γίνεσιν,
935 636 1072 718 δευτέραν
1097 635 1129 698 δὲ
1144 632 1285 712 ’Έξοδον,
1314 639 1416 719 τρίτην

270 736 445 814 Λευιτικὸν,
472 735 610 820 τετάρτην
630 735 807 821 Ἀριθμσῦς,
838 739 973 819 πίμπτην
990 734 1235 819 Δευτερονόμιον,
1263 737 1350 818 ἕκτην
1368 740 1414 817 βί

267 844 339 923 βλον
353 836 454 922 Ἰησοῦ
470 846 522 903 τοῦ
540 846 645 920 Ναυῆ,
666 838 797 921 ἑβδόμην
815 846 875 903 τῶν
894 845 1026 922 Κριτῶν,
1047 835 1157 923 όγδόην
1176 845 1230 919 τῆς
1246 833 1345 916 Ῥοῦθ,
1368 840 1414 904 ίν·

267 941 359 1024 νάτην
378 947 431 1006 τοῦ
451 937 537 1022 Ἰολβ,
570 939 695 1021 δεκάτην
714 939 748 1005 τό
777 938 956 1022 Ψαλτήριον,
985 939 1141 1022 ἑνδεκάτην
1164 944 1333 1024 Παραυαίας
1353 946 1414 1005 Σο-

265 1050 431 1124 λομῶντος,
455 1039 717 1123 δυοδεκαιδεκάτην
733 1038 973 1123 Ἑκκλησιαστήν,
1002 1039 1237 1124 τριςκαιδεκάτην
1256 1039 1289 1106 τό
1303 1035 1414 1124 Ἀισμα

267 1152 328 1209 τῶν
344 1141 496 1230 ᾀσμάτων,
524 1141 834 1225 τεσσαρεςκαιδεκάτην
853 1141 971 1228 πρῶτην
988 1149 1164 1221 Βασιλειῶν,
1191 1142 1411 1208 πεντεκαιδεκά-

267 1270 321 1327 την
339 1246 477 1329 δευτέραν
496 1251 669 1320 Βασιλειῶν,
697 1243 904 1326 ἑκκαιδεκάτην
921 1249 1021 1328 τρίτην
1042 1250 1213 1323 Βασιλειῶν,
1242 1247 1411 1311 ἑπτακαιδε-

265 1343 359 1428 κάτην
373 1345 511 1430 τετάρτην
530 1353 699 1424 Βασιλειῶν,
728 1343 980 1427 ὀκτωκαιδεκάτην
997 1344 1117 1429 πριότην
1133 1348 1412 1428 Παραλειπομίνων,

267 1447 525 1529 ἐννεακαιδεκάτην
546 1450 683 1533 δευτέραν
702 1449 982 1531 Παραλειπομίνων,
1011 1444 1146 1529 εἰκοστὴν
1161 1447 1194 1512 τό
1213 1447 1411 1534 Δωδεκαπρό-

264 1576 379 1632 φητον,
407 1547 539 1631 εἰκοστὴν
560 1548 680 1633 πρωτην
694 1546 816 1614 Ἡσαΐαν
839 1548 890 1615 τόν
912 1549 1087 1632 προφήτην,
1115 1548 1249 1632 εἰκοστόν
1270 1552 1413 1636 δευτέραν

264 1649 319 1717 τόν
336 1649 493 1734 προφήτην
507 1648 665 1733 Ἱερεμίαν,
693 1650 763 1734 μετά
779 1659 838 1717 τῶν
858 1650 982 1737 Θρήνων
1003 1654 1053 1716 καί
1069 1651 1244 1717 Ἐπιστολῶν
1266 1649 1360 1717 αὐτοῦ
1381 1679 1412 1718 τε

267 1755 316 1818 καλ
332 1761 386 1818 τοῦ
401 1753 532 1839 Βαροῦγ,
554 1753 687 1836 είκοστην
702 1759 801 1836 τρίτην
814 1751 948 1836 Ἰεζικιήλ
961 1753 1012 1819 τόν
1025 1753 1196 1838 προφήτην,
1218 1752 1352 1836 είκσστην
1367 1780 1411 1819 τι-

266 1853 375 1938 τάρτην
395 1853 507 1938 Δανιὴλ
526 1853 578 1921 τόν
597 1855 767 1939 προφήτην,
798 1855 932 1940 είκοστην
952 1858 1088 1937 πέμπτην
1108 1854 1141 1921 τό
1162 1861 1280 1940 πρῶτον
1297 1860 1411 1941 βιβλίον

267 1965 321 2022 τοῦ
343 1955 471 2043 Ἐσδρά,
502 1956 633 2042 εἰκοστήν
653 1960 738 2040 ἕκτην
757 1956 791 2022 τό
814 1958 950 2044 δεύτερον
971 1963 1101 2040 βιβλίον,
1131 1955 1264 2040 είκοστην
1280 1957 1412 2042 ἑβδόμην

266 2057 299 2123 τό
321 2063 435 2141 βιβλίον
453 2058 581 2143 Ἐσθήρ.
626 2062 686 2124 Καί
704 2059 790 2125 αῦται
809 2063 881 2125 είσίν
899 2064 933 2125 αἱ
946 2059 1108 2125 εἰκοσιεπτά
1125 2063 1220 2142 βίβλοι
1238 2065 1271 2124 αί
1285 2064 1319 2126 ίκ
1334 2069 1411 2126 θεοῦ

266 2166 403 2227 δοθεῖσαι
419 2171 481 2238 τοῖς
495 2161 668 2240 Ἰουδαῑοις,
691 2161 837 2228 είκοσιδῦο
853 2164 884 2226 δὲ
900 2160 940 2236 ῶς
956 2160 993 2225 τά
1008 2161 1077 2245 παρ’
1092 2160 1191 2238 αῦτοῖς
1210 2172 1335 2245 στοιχεῖα
1351 2170 1411 2228 τῶν

264 2260 436 2346 Ἑβραϊκῶν
452 2263 629 2349 γραμμάτων
645 2263 873 2349 άριθμοῦμεναι,
897 2261 946 2326 διά
961 2261 993 2328 τό
1009 2267 1186 2329 διπλοῦσθαι
1204 2266 1276 2329 δίκα
1290 2269 1411 2347 βίβλους

267 2367 308 2440 είς
321 2368 405 2430 πέντε
419 2370 581 2451 λεγομίνας.
612 2368 688 2451 Περὶ
702 2364 808 2430 τοῦτου
823 2365 854 2428 δὲ
872 2363 940 2446 άλλη
956 2391 1013 2429 που
1031 2373 1134 2445 σαφῶς
1147 2365 1309 2449 είρήκαμεν.
1338 2370 1411 2432 Εἰσί

266 2468 300 2532 δὲ
320 2471 372 2533 καί
391 2468 473 2534 άλλαι
491 2469 546 2534 δύο
564 2471 660 2550 βίβλοι
675 2464 744 2551 παρ’
761 2463 862 2541 αῦτοῐς
879 2469 910 2532 ἐν
925 2465 1108 2555 α’μφιλέκτρο,
1136 2465 1157 2550 οἱ
1171 2474 1273 2549 Σοφία
1289 2476 1342 2534 τοῦ
1357 2477 1409 2534 Σι·

265 2568 335 2653 ρδχ,
364 2572 415 2636 καί
436 2568 527 2652 ητοῦ
544 2574 755 2649 Σολομῶντος,
785 2571 873 2653 χωρίς
894 2566 987 2634 ἄλλων
1004 2576 1091 2634 τινῶν
1109 2574 1231 2652 βιβλίων
1247 2571 1409 2655 ίναποκρῦ·

266 2697 341 2752 φων.
386 2678 487 2735 Πᾶσαι
503 2671 535 2735 δί
552 2662 638 2735 αῦται
653 2670 728 2752 ίεραλ
744 2673 839 2751 βίβλοι
852 2668 904 2736 τόν
916 2668 1107 2752 Ἰουδαϊσμόν
1122 2674 1287 2753 ἐδίδασκον,
1308 2676 1359 2740 καλ
1374 2672 1411 2740 τά

264 2781 319 2837 τοῦ
334 2771 430 2853 νόμου
445 2769 634 2856 φυλάγματα,
662 2773 716 2846 ἕως
731 2779 784 2854 τῆς
797 2778 849 2837 τοῦ
867 2778 973 2858 κυρίου
988 2770 1075 2855 ἡμῶν
1088 2771 1190 2857 Ἰησοῦ
1209 2782 1340 2861 Χριστοῦ
1354 2802 1408 2842 πα-

267 2876 402 2955 ρουσίας,
431 2875 481 2938 καί
501 2881 599 2950 καλῶς
614 2876 755 2958 ἐφέροντο
773 2872 1045 2960 παιδαγωγοόμινοι
1068 2877 1100 2940 ίν
1122 2882 1164 2963 τῷ
1180 2876 1278 2966 νόμρν,
1306 2879 1333 2942 εί
1348 2880 1408 2943 ἐδί-

264 2978 351 3051 ξαντο
374 2971 426 3039 τόν
451 2975 580 3061 Χριστόν
599 2975 651 3041 τόν
671 2974 731 3042 όπό
755 2983 809 3042 τοῦ
831 2981 1036 3062 παιδαγωγοῦ,
1066 2979 1145 3059 φημί
1169 2980 1202 3045 δί
1227 2987 1280 3046 τοῦ
1302 2979 1408 3063 νόμου,

265 3072 369 3152 αῦτοῖς
381 3080 623 3164 προκηρυχθίντα
637 3104 666 3144 τε
683 3080 732 3144 καί
748 3081 1002 3164 προφητευθίιπα,
1019 3082 1070 3143 ἵνα
1084 3079 1237 3163 δεξάμενοι
1251 3078 1344 3148 αῦτοῦ
1354 3081 1410 3166 τὴν

264 3176 395 3262 θεότητα
415 3182 466 3245 καλ
485 3178 540 3263 τὴν
560 3183 701 3266 ίνσαρκον
721 3178 813 3246 αῦτοῦ
829 3184 996 3267 παρουσίαν
1014 3179 1168 3264 μάθωσιν,
1199 3180 1236 3249 οῦ
1251 3182 1409 3249 κατάλυσιν

263 3279 376 3364 νόμον,
398 3280 469 3347 ἄλλά
486 3282 539 3365 την
555 3290 609 3348 τοῦ
624 3281 718 3366 νόμον
732 3282 888 3369 πλήρωσιν.
929 3282 1055 3367 Ἐπειδὴ
1075 3287 1106 3349 ολ
1118 3283 1206 3349 τόποι
1222 3287 1253 3350 ίν
1268 3292 1309 3372 τρῦ
1325 3283 1407 3372 νόμην

263 3378 355 3466 ἦσαν,
383 3382 453 3468 ἡδέ
468 3383 594 3468 άλήθεια
610 3387 642 3450 ἒν
656 3394 697 3474 τῷ
712 3384 874 3476 εῦαγγιλίφ.
915 3383 1003 3451 Ἐκεῖ
1014 3385 1069 3472 γάρ
1086 3384 1108 3469 ἦ
1124 3383 1265 3472 περιτομὴ
1282 3383 1407 3469 σαρκιτνὴ

265 3483 471 3573 όνοηρετησασα
487 3486 582 3576 χρόνῳ
603 3489 659 3564 δας
677 3496 729 3570 τῆς
745 3487 868 3573 μεγάλης
884 3494 1057 3574 περιτομῆς,
1085 3491 1213 3555 τουτίστι
1234 3493 1287 3552 τοῦ
1304 3489 1407 3568 βυπτί·

265 3609 375 3669 οματος
395 3598 448 3656 τοῦ
463 3592 686 3676 περιτίμνοντος
700 3588 778 3673 ἡμᾶς
793 3588 852 3657 α’πδ
870 3589 1100 3676 άμαρτημάτων,
1127 3591 1179 3656 καί
1195 3592 1409 3675 σφραγίσαντος

265 3686 344 3771 ἡμᾶς
363 3695 404 3768 τίς
427 3690 520 3775 όνομα
539 3700 624 3758 θεοῦ.
667 3695 728 3758 Καί
747 3685 786 3776 ἦν
809 3697 872 3761 ἐκεῖ
888 3692 1052 3777 σάββατον,
1080 3694 1201 3776 κατέχον
1216 3688 1296 3773 η’μῦς
1312 3694 1353 3768 είς
1373 3689 1407 3758 τό

266 3792 340 3876 μίγα
351 3793 509 3876 σάββατον,
530 3797 677 3862 τουτίστιν
690 3799 733 3872 τίς
747 3793 916 3862 άνάπαυσιν
933 3800 1071 3882 Χριστοῦ,
1092 3798 1143 3861 ίνα
1157 3796 1190 3863 ίν
1207 3800 1325 3885 Χριστῷ
1337 3798 1408 3878 σαβ·

151 3932 203 3977 με.
215 3923 247 3968 ²⁰.
266 3897 428 3977 βατίσωμεν
441 3893 500 3961 άπό
516 3894 738 3983 άμαρτημάτων.
769 3901 829 3963 Καί
842 3891 881 3981 ἦν
894 3901 957 3964 ἐκεῖ
968 3897 1119 3980 πρόβατον
1129 3896 1237 3983 ῦλογον
1249 3897 1410 3981 θυόμενον,

265 4000 459 4081 παθοδηγοῦν
472 3995 551 4080 ἡμᾶς
566 4002 607 4075 είς
617 3998 651 4066 τό
666 4004 739 4086 μέγα
752 3999 904 4087 πρόβατον
915 4003 965 4065 καὶ
981 4000 1158 4085 ἐπουράνιον
1172 3999 1248 4088 ῦπὲρ
1261 3999 1346 4083 ἡμῶν
1358 4001 1410 4063 καί

265 4097 340 4185 ὑπὲρ
361 4098 431 4165 ὅλου
451 4108 505 4164 τοῦ
524 4101 638 4186 κόσμου
660 4104 760 4168 τυθίν.
804 4105 865 4167 Καί
883 4094 921 4184 ἦν
940 4104 1003 4167 ίτιιῑ
1019 4099 1239 4178 άποδεκάτωσις
1255 4100 1409 4181 άσφνλιζν·

266 4205 354 4285 μίνη,
375 4206 424 4267 ἵνα
440 4199 482 4284 μή
499 4201 579 4294 λάθη
595 4202 674 4287 ἡμᾶς
690 4203 723 4270 τό
743 4207 831 4284 ίαῑτα,
853 4202 874 4288 ἡ
891 4201 995 4284 δεκάς,
1015 4203 1049 4270 τδ
1066 4212 1186 4293 πρῶτον
1199 4208 1339 4285 στοιχεῖον
1355 4207 1409 4265 τοῦ

266 4302 366 4387 Ἰησοῦ
388 4303 539 4387 όνόματος.

136 4420 201 4487 Κεφ.
220 4419 248 4482 ς’.
354 4407 440 4474 Ἐπεί
461 4400 515 4474 οῦν
535 4415 576 4498 τῷ
598 4407 679 4496 τῦπιμ
700 4406 852 4490 ἤχθησαν,
884 4411 934 4475 καλ
956 4409 1014 4476 οῦκ
1039 4412 1177 4490 ἔφθασαν
1202 4406 1244 4479 είς
1265 4407 1410 4469 τελείωσιν

266 4508 320 4594 τὴν
347 4510 395 4576 διά
421 4513 513 4599 νόμου
541 4513 591 4578 καλ
618 4516 781 4597 προφητῶν
805 4512 857 4577 καί
885 4510 977 4579 ἄλλον
1004 4513 1054 4579 καί
1081 4505 1178 4592 πάσης
1199 4510 1304 4591 βίβλου
1324 4532 1408 4589 κεκη-
