3046 5084
351 370 754 426 consummaveram.
771 373 965 426 asamxcrr.
1173 367 1233 429 599

171 487 275 554 Relnt.
293 487 368 557 XV.
402 487 437 556 si
459 490 489 554 in
508 490 620 556 coslum
638 493 788 578 suspexit,
812 512 847 556 ac
865 494 1017 558 benedixit
1032 495 1108 575 illis,
1133 497 1232 561 ocnio·

89 611 152 655 rum
167 593 418 678 membrorumque
434 592 611 678 reliquorum
625 595 734 659 formas
749 615 806 658 uon
824 597 922 676 specie
937 606 1022 660 tenus
1036 599 1229 681 praeferebat.

173 691 274 759 SohoI.
292 693 380 760 XVI.
415 701 533 771 Morus,
566 701 682 777 Oportet
692 701 785 777 fillum
801 702 919 760 domabis
935 701 1022 760 multu
1034 706 1112 780 putr',
1143 713 1231 763 etoc-
1244 714 1368 769 auratac

89 800 160 872 ccidi,
184 809 213 858 et
229 811 298 879 post
316 811 374 860 tres
394 803 454 860 ds‘es
474 818 633 879 resurgere.

173 898 272 964 Ideint.
290 898 379 965 XVI.
414 896 489 965 Cum
509 899 634 966 bominIs
650 901 755 981 aliun,
780 902 834 964 boc
851 913 897 966 est
914 904 1058 988 seipsum,
1082 915 1112 967 et
1129 905 1187 989 pati
1202 917 1233 968 et

88 983 211 1066 interfici
227 1001 392 1088 unigenitus
409 1003 455 1066 dei
471 1003 546 1068 filius
561 1004 699 1083 affirmet,
724 1005 795 1068 baec
813 1005 945 1069 nimirum
963 1006 1012 1069 ilia
1026 1016 1128 1070 contra
1143 1018 1170 1070 te
1186 1027 1233 1070 se·

88 1104 166 1167 euris
184 1115 246 1184 est,
271 1124 345 1188 quas
360 1106 475 1169 radices
493 1117 557 1168 tuas
572 1126 674 1170 omnes
690 1118 832 1193 amputat,
857 1105 1003 1171 oMaroin
1021 1108 1056 1172 de
1072 1108 1163 1194 spinis
1179 1129 1232 1173 ex-

89 1217 170 1285 orte,
202 1209 298 1269 Nudae
317 1213 378 1270 rrae
395 1230 483 1290 opum
515 1209 602 1270 orbor
617 1211 807 1291 infructuoso,
840 1214 1061 1272 etuutuuruolis.
1107 1207 1185 1275 Nam
1203 1221 1233 1274 et
1246 1225 1356 1272 rodoara.

88 1309 184 1372 stetim
200 1308 327 1390 subiicit,
351 1314 468 1391 Etpcst
479 1323 537 1372 tres
551 1315 611 1373 drea
622 1333 782 1392 resurgere.
830 1308 906 1395 Quid
923 1324 969 1376 est
981 1324 1078 1375 autem
1094 1314 1168 1398 qnod
1185 1334 1233 1376 re·

89 1431 211 1496 surgere
230 1412 351 1490 dicitnr,
376 1413 432 1475 nisi
451 1432 556 1498 corpus
571 1412 641 1477 iIInd
659 1415 734 1496 quod
752 1434 867 1499 passum
887 1425 949 1492 est,
981 1425 1066 1498 atque
1083 1414 1112 1477 in
1131 1435 1233 1478 mona·

89 1525 186 1579 mento
201 1515 366 1599 sepultum?
408 1512 516 1579 Umbra
533 1515 622 1595 enim,
646 1526 696 1579 ant
710 1526 826 1594 ventus,
850 1528 900 1579 aut
915 1517 1050 1601 spiritus,
1074 1526 1123 1580 aut
1137 1516 1230 1595 larva,

87 1637 182 1701 neque
205 1618 291 1680 Inuus
312 1637 346 1680 ac
367 1616 562 1701 sepnItnram,
586 1637 641 1681 nec
661 1619 906 1684 resurrectionem
930 1640 1034 1703 capere
1057 1618 1210 1703 potuisset.

172 1717 273 1785 Schol.
290 1716 393 1782 XVII.
428 1724 469 1781 Et
481 1741 544 1781 ecce
561 1724 620 1781 oui
637 1741 698 1781 orem
713 1724 763 1782 illo
779 1723 978 1802 loquebantur,
1010 1725 1091 1783 Elaias
1105 1732 1135 1782 et
1148 1727 1230 1801 Mop-
1243 1739 1296 1783 nuc.
1305 1739 1326 1792 a,
1337 1740 1369 1782 au.

85 1845 130 1885 ses
151 1827 180 1885 rit
199 1825 306 1904 glunit.
1040 1827 1043 1832 ’

169 1922 272 1989 Reiut.
291 1919 395 1989 XVII.
429 1921 577 2007 Quantum
594 1923 727 2008 equidem
747 1925 851 2010 opinor
873 1923 953 1988 bisce
972 1924 1069 1989 verbis
1088 1925 1150 1989 iaIx
1169 1924 1229 2004 illa,
1243 1943 1312 1988 meu.
1324 1945 1370 1986 es.
1450 1919 1456 1928 '

86 2049 170 2112 quam
195 2025 354 2090 Zacharias
378 2037 601 2104 commemorat,
634 2027 788 2090 adversum
812 2038 839 2088 te
861 2027 1057 2110 significatur,
1088 2050 1160 2112 qnae
1184 1995 1374 2102 tnrsIII'IIplll-X

86 2129 182 2193 omnia
201 2140 305 2194 contra
322 2129 415 2214 Iegem
438 2150 473 2193 ac
492 2130 648 2214 prophetas
668 2128 817 2194 mendacia
837 2129 978 2192 succidat.
1024 2128 1142 2194 Etenim
1161 2152 1232 2215 qno·
1284 2105 1326 2143 Μ’

85 2233 162 2297 uiam
178 2253 346 2297 emersurus
361 2253 428 2296 eras
442 2232 612 2315 aliquando,
644 2231 691 2316 qui
707 2232 771 2315 Iege
791 2231 993 2316 prophetisque
1010 2233 1183 2317 repudiatis,
1215 2254 1231 2296 a

85 2335 232 2401 salvatore
248 2335 369 2419 eiusque
385 2334 480 2420 gioria
495 2355 530 2397 ac
547 2333 667 2398 coelesti
684 2333 815 2398 doctriua
832 2333 944 2397 alienos
961 2355 1012 2398 eos
1027 2356 1094 2399 esse
1111 2347 1231 2399 conten·

85 2440 182 2518 dares,
205 2449 359 2522 utrumque
376 2438 410 2501 ad
428 2436 497 2501 ilIud
509 2436 620 2521 gloriae
633 2457 705 2500 suae
719 2457 754 2500 nc
770 2436 929 2500 maiestatis
945 2438 1073 2520 speciem
1089 2437 1230 2516 adhibuit,

84 2563 119 2607 ae
136 2540 285 2627 discipulis
300 2539 362 2604 suis
378 2539 522 2618 ostendit,
546 2538 678 2625 discipuli
693 2561 781 2625 porro
798 2539 898 2617 nobis,
922 2560 955 2602 uc
972 2541 1023 2602 toti
1037 2540 1109 2603 adeo
1125 2542 1231 2604 mundo

85 2642 301 2730 significarunt,
337 2643 391 2706 boc
413 2653 459 2706 est
480 2640 598 2706 cuilibet
614 2642 723 2705 bomini
745 2643 793 2726 qui
816 2643 892 2705 vitae
911 2662 945 2706 ac
965 2642 1067 2706 salotis
1086 2642 1231 2708 desiderio

85 2757 231 2812 teneatur.
275 2743 422 2810 NimIrnm
437 2756 470 2808 ιιι
487 2746 533 2829 qui
550 2745 643 2830 prino
660 2744 725 2808 loco
743 2755 919 2808 memoratus
935 2757 996 2824 est,
1020 2745 1117 2810 asciae
1133 2746 1172 2810 sit
1187 2745 1232 2809 in-

86 2861 164 2930 star,
188 2869 263 2933 quae
280 2831 394 2913 radice's
413 2858 478 2912 tuas
496 2848 629 2925 excidat,
653 2849 727 2911 alter
744 2848 787 2910 sic
804 2857 937 2932 tanquam
956 2848 1087 2912 veritatis
1106 2849 1170 2912 ialx
1183 2870 1230 2912 ra·

84 2973 147 3017 mos
172 2961 237 3016 taos
261 2961 407 3036 amputet,
441 2971 479 3013 ex
502 2950 606 3034 quibus
628 2949 740 3013 cicutae
762 2950 865 3013 similis
886 2971 920 3013 ac
941 2950 1037 3015 letifer
1057 2952 1106 3015 itte
1125 2972 1230 3016 succus

84 3055 216 3140 risciquc
230 3074 312 3117 more
327 3052 553 3138 sequacissimus
569 3053 753 3137 exprimitur.
793 3050 870 3116 Nam
885 3054 909 3116 si
925 3053 1035 3117 alienus
1049 3065 1130 3118 esset
1142 3051 1231 3140 Moy·

84 3158 206 3238 ossilla,
231 3156 275 3221 cui
293 3157 365 3239 legis
383 3166 428 3219 est
443 3178 460 3219 a
474 3152 593 3219 Christo
607 3155 749 3238 quondam
766 3157 899 3219 mandata
916 3156 1077 3241 provincia,
1102 3157 1126 3219 si
1143 3155 1230 3219 atiani

83 3261 203 3346 insuper
221 3259 397 3346 propbetas,
423 3280 567 3343 nunqnam
585 3277 637 3322 eos
654 3277 752 3321 secum
769 3279 822 3320 sna
839 3257 887 3321 illa
903 3258 931 3320 in
948 3258 1040 3341 gioria
1057 3279 1229 3342 repraesen-

84 3373 171 3428 taret.
217 3359 252 3426 Iu
274 3382 331 3446 qno
353 3362 419 3446 quid
441 3360 573 3424 mirabile
594 3359 750 3443 contigerit
769 3360 979 3424 animadverte.
1023 3358 1129 3445 Neque
1152 3360 1229 3424 enim

84 3487 136 3532 eos
155 3466 186 3529 in
208 3464 379 3551 sepulchro,
412 3473 463 3527 aut
483 3464 518 3526 ad
535 3483 651 3527 omnem
672 3479 812 3548 apparere
829 3464 936 3540 voluit,
970 3463 1021 3524 sed
1036 3473 1106 3526 tnnc
1122 3463 1228 3543 solnm,

83 3590 148 3634 cum
173 3568 336 3655 splendoris
364 3567 409 3630 sui
433 3566 601 3652 partiendam
630 3565 714 3630 nobis
740 3566 821 3630 velut
843 3565 1034 3629 arrhabonem
1063 3586 1097 3628 ac
1124 3566 1229 3651 pignus

83 3682 263 3758 aspergeret.
309 3670 386 3735 'I'am
406 3669 483 3734 eninr
501 3678 619 3733 sanctos
635 3668 700 3733 iilos
716 3687 815 3732 secum
833 3666 960 3754 Moysen
981 3678 1011 3731 et
1029 3665 1122 3731 Etiam
1140 3669 1229 3733 addu-

83 3776 145 3853 xit,
168 3785 201 3839 ιιι
222 3773 351 3838 eiusdem
373 3795 472 3837 seeum
495 3771 577 3858 regni
600 3772 754 3857 participes
775 3794 810 3835 ac
831 3773 929 3835 socios
950 3792 1017 3840 csse
1039 3782 1226 3836 monstraret.

168 3875 269 3943 ScboI.
289 3874 408 3941 XVIII.
442 3877 561 3939 Erebe
582 3898 653 3950 oon,
677 3877 731 3938 llic
752 3887 797 3937 ert
806 3877 893 3956 filius
914 3897 989 3938 meus
1009 3879 1137 3938 dilectus.
1239 3899 1365 3954 boesas

151 4081 268 4147 ιΙιιιιιιι.
284 4080 405 4147 XVIII.
435 4079 625 4146 Manifestum
648 4080 824 4159 emisisset,
857 4081 976 4164 opinor,
1009 4083 1114 4145 nubem
1133 4101 1228 4166 neque

82 4207 219 4273 suprema
239 4187 271 4251 in
293 4185 431 4271 regione,
464 4204 558 4269 neqse
579 4203 667 4269 snpra
689 4183 802 4246 coetum
825 4202 909 4263 esse,
940 4185 992 4248 sed
1012 4185 1041 4248 in
1059 4185 1112 4248 bac
1130 4183 1228 4249 intima

83 4290 262 4355 conditarum
282 4309 379 4352 rernm
398 4287 524 4352 statione
542 4285 672 4364 versari,
704 4286 779 4349 uude
797 4308 858 4350 vox
874 4288 971 4353 estad
987 4288 1162 4353 salvatorem
1178 4289 1228 4351 de·

83 4394 173 4479 lapsa.
219 4389 312 4478 Igitur
329 4392 353 4454 si
374 4392 408 4455 de
426 4388 503 4453 nube
521 4389 634 4453 Iocutus
653 4398 736 4473 pater
752 4389 838 4453 tilium
858 4410 941 4454 suum
964 4391 1111 4478 discipulis
1130 4400 1229 4455 osten·

79 4618 214 4680 psum
228 4619 313 4681 moi
327 4630 354 4667 ee
370 4567 448 4680 murts
462 4617 524 4678 qood
539 4628 593 4666 euru
607 4624 681 4677 aspro
697 4619 776 4667 estere
792 4615 907 4665 utdmom
