3046 5084
401 360 649 415 rennuunt
666 363 748 417 uota
760 364 806 417 ut.
823 364 996 417 nunaut.
1214 352 1274 418 535

128 482 261 560 demun,
291 479 328 545 ad
350 479 436 545 aliam
459 480 612 565 deinceps,
644 502 703 568 qun
723 503 777 548 nos
793 483 919 548 instituti
941 484 1040 570 operis
1061 486 1155 550 series
1177 495 1274 564 vocat,

128 583 325 648 convertenda
347 604 450 648 rursus
471 584 578 648 oratio.

274 824 611 902 ADVERSUS
657 823 1128 918 aucuoqucus

401 969 484 1041 quae
510 953 562 1021 est
587 945 735 1022 haeresis
753 946 830 1021 XX.
859 946 913 1022 vel
929 944 1003 1020 XL.

212 1096 352 1161 Proxima
373 1095 443 1160 huic
463 1108 510 1161 est
532 1097 779 1165 brabantinorum
803 1097 952 1174 haeresis,
984 1116 1059 1180 quae
1081 1107 1176 1158 tamen
1201 1095 1275 1158 baud
1295 1104 1353 1172 Cap.
1374 1105 1391 1152 t.

126 1199 272 1286 plerisque
288 1210 372 1262 extra
385 1196 581 1262 Palaestinam
595 1199 624 1263 in
639 1199 711 1263 locis
723 1200 863 1263 cernitur.
898 1195 1078 1282 Quamquam
1095 1198 1176 1261 virus
1192 1219 1275 1261 suum

126 1303 155 1366 in
173 1299 318 1365 Maiorem
341 1299 428 1364 etiam
447 1301 618 1365 Armeniam
641 1302 828 1365 diffuderunt.
874 1299 936 1364 lmn
960 1312 990 1364 et
1008 1301 1038 1364 in
1056 1299 1198 1363 Arnreoia
1218 1297 1275 1362 Mi-

127 1424 201 1468 nore
217 1403 316 1467 lolium
332 1403 409 1467 istud
427 1414 509 1467 certo
528 1402 564 1467 ab
582 1403 698 1466 homine
716 1403 933 1468 disseminatum
952 1413 1013 1480 est,
1038 1403 1086 1486 qui
1105 1402 1189 1487 paulo
1207 1412 1275 1464 ante

128 1503 293 1572 Constantii
312 1504 497 1590 imperatoris
514 1505 623 1569 obitum
647 1524 686 1569 ex
705 1505 847 1569 Armenia
866 1507 896 1569 in
913 1503 1108 1568 Palaestinam
1127 1504 1275 1588 prolectus

126 1620 189 1688 cst,
213 1605 355 1671 Eutactus
371 1606 506 1686 nomine,
530 1607 594 1671 sive
608 1606 733 1670 Ataotus
750 1607 860 1693 potius,
884 1606 1000 1670 honest
1017 1607 1145 1670 moribus
1161 1617 1275 1690 pertur-

126 1713 223 1775 batus.
269 1707 328 1793 Qui
348 1730 413 1773 cnm
430 1709 620 1789 inlelixillud
639 1709 742 1793 dogma
758 1709 962 1787 combibissct,
986 1709 1016 1771 in
1034 1709 1155 1794 patriam
1174 1728 1275 1771 rever-

127 1834 178 1878 sus
197 1812 326 1898 prolatari
349 1811 445 1896 coepit
466 1812 542 1895 qnod
559 1811 709 1874 didicerat.
755 1809 905 1874 Eiusmodi
923 1833 1009 1895 porro
1026 1812 1106 1876 velut
1123 1811 1158 1873 ab
1176 1810 1274 1894 aspide

127 1936 271 1980 venenum
289 1935 307 1978 a
324 1934 396 1977 sene
414 1913 537 1998 quodam
556 1913 709 1991 hauserat,
742 1912 859 1975 nomine
876 1910 984 1991 Petro,
1015 1913 1067 1977 sed
1084 1912 1201 1975 minime
1222 1912 1275 1973 hac

127 2018 317 2104 appellatione
335 2017 440 2100 digno,
464 2015 559 2100 quiin
578 2014 814 2099 Eleutheropolis
832 2025 861 2077 et
880 2013 1152 2098 Hierosolymorum
1171 2012 1275 2076 huibus

126 2119 291 2199 habitabat,
318 2119 404 2182 tertio
421 2118 458 2182 ab
478 2117 617 2182 Hebrnne
635 2116 745 2201 lapide,
770 2117 873 2200 oppido
893 2116 968 2199 quod
986 2113 1204 2179 Cabarharicha
1223 2138 1275 2178 no-

126 2223 248 2286 minant.
295 2220 372 2284 lluic
394 2242 481 2304 porro
503 2221 567 2284 seni
590 2220 714 2282 vestitus
736 2228 799 2282 e'rat
820 2218 904 2281 initio
922 2217 1080 2302 asperitate
1101 2219 1162 2303 ipsa
1181 2218 1276 2280 borri-

126 2325 192 2389 bilis
211 2335 242 2388 et
264 2323 300 2387 ad
322 2322 535 2387 simulationem
557 2322 727 2398 affectatus,
760 2341 793 2384 ac
817 2342 881 2384 curn
905 2320 1090 2383 extrinsecus
1114 2320 1178 2384 ovis
1201 2320 1275 2405 pelle

126 2437 205 2491 esset
224 2427 357 2504 indutus,
390 2425 474 2510 lupus
496 2435 560 2488 erat
579 2425 659 2488 intus
678 2423 883 2508 rapacissimus
903 2434 933 2486 et
950 2423 1091 2486 occultus.
1136 2421 1273 2486 Anacha-

126 2540 189 2594 reta
207 2528 311 2614 quippe
329 2548 396 2593 esse
413 2527 568 2591 videbatur
583 2527 613 2590 in
632 2527 771 2611 spelunca
788 2526 910 2610 degens.
956 2523 1015 2608 Qui
1033 2526 1146 2609 quidem
1163 2525 1274 2610 pleros·

126 2652 183 2717 quc
204 2630 346 2695 abdicatis
371 2631 494 2694 inmunis
516 2629 650 2694 omnibus
674 2630 708 2693 ad
734 2649 801 2692 sese
823 2628 983 2712 pertraxit,
1016 2626 1164 2712 Paterque
1186 2628 1275 2711 vulgo

127 2756 191 2799 cum
214 2734 250 2798 ob
274 2745 417 2813 aetatem,
448 2743 509 2796 tum
533 2732 570 2796 nb
593 2731 722 2795 habitum
746 2730 837 2816 ipsum
862 2731 1000 2815 appellari
1023 2729 1148 2793 solebat.
1194 2727 1274 2793 ldem

127 2837 260 2922 quiequid
278 2835 403 2899 babebat
417 2835 446 2899 in
463 2856 574 2920 egenos
590 2834 784 2912 distribuere,
808 2854 842 2895 ao
858 2834 985 2917 quotidie
1001 2834 1120 2918 stirpem
1137 2853 1273 2920 erogare.

128 2937 187 3004 Sed
212 2939 248 3002 ab
271 2939 391 3002 ineunte
415 2948 511 3002 aetate
533 2937 679 3001 veniisse
702 2936 873 2999 haeresibus
898 2937 1061 2999 addixerat.
1106 2934 1216 3000 Postea
1239 2937 1275 3000 ad

127 3042 245 3106 Attium
263 3040 430 3127 episcopum
454 3040 565 3103 delatus
587 3061 622 3102 ac
638 3036 846 3102 Gnosticorum
870 3038 1001 3102 haeresis
1019 3039 1171 3102 convictus
1193 3059 1275 3102 asa·

129 3143 261 3207 cerdotin
275 3152 468 3206 exautnratus
481 3152 537 3206 est.
584 3138 665 3204 lilius
680 3139 783 3226 quippe
797 3141 853 3204 loci
868 3152 984 3205 creatus
999 3142 1067 3205 olim
1084 3143 1179 3206 luerat
1193 3162 1275 3226 pres·

126 3246 224 3331 bpter.
268 3242 479 3330 Deprehensus
495 3245 592 3328 itaque
608 3254 638 3306 et
653 3243 689 3306 ab
705 3243 794 3307 A'c'tio
811 3245 909 3327 pulsus
924 3245 954 3307 io
970 3244 1127 3307 Cochahen
1147 3244 1274 3307 Arabiae

126 3347 260 3433 oppidum
285 3348 434 3431 protentus
456 3358 518 3425 est,
551 3345 599 3409 ubi
622 3343 839 3409 Ebiooaeorum
861 3366 895 3408 ac
916 3344 1140 3409 Nazoraeorunr
1163 3347 1275 3410 semina

127 3450 268 3536 pullulare
286 3459 461 3535 coeperant,
485 3460 517 3512 ut
532 3448 563 3512 iu
581 3449 678 3512 multis
697 3448 856 3511 refutandis
874 3448 1043 3510 haeresibus
1059 3458 1145 3511 antea
1162 3448 1275 3512 monui-

126 3574 202 3617 mus.
247 3551 418 3631 Postremo,
450 3551 530 3614 velut
548 3548 652 3614 aetatis
668 3549 835 3614 maturitate
853 3550 1015 3634 sapientior
1033 3552 1143 3630 lactus,
1174 3552 1275 3636 postli-

126 3656 215 3719 minio
230 3654 333 3733 rediit,
357 3654 485 3718 abditum
502 3653 570 3717 illud
588 3653 669 3717 virus
682 3654 712 3717 iu
727 3664 846 3738 pectore
863 3655 978 3729 ferens,
1003 3663 1034 3715 et
1048 3653 1165 3736 ignotus
1182 3654 1275 3718 omni·

127 3757 199 3837 bus,
223 3757 317 3820 donec
332 3758 448 3821 taudem
464 3754 612 3820 nonnullis
627 3776 644 3819 a
660 3755 855 3833 sermonibus,
879 3776 952 3839 quos
967 3756 995 3818 in
1010 3755 1170 3840 aliquorum
1188 3778 1274 3822 aures

126 3859 345 3937 insusurrabat,
376 3881 429 3944 pro
450 3858 599 3923 haeretico
617 3869 782 3944 compertus
807 3880 825 3921 a
848 3858 931 3920 nobis
952 3858 1223 3925 excommunicatus
1246 3873 1276 3925 et

126 3962 336 4027 mediocritatis
350 3972 466 4025 nostrae
486 3982 576 4047 opera
591 3961 745 4025 convictus
760 3971 817 4024 est.
863 3956 948 4024 Unde
964 3961 993 4024 in
1010 3962 1176 4047 speluncam
1193 3964 1274 4028 dein·

126 4086 196 4150 ceps
217 4064 376 4142 abscessit,
408 4063 536 4128 omnium
556 4064 746 4129 execratione
767 4063 933 4141 damnatus,
965 4075 1074 4127 ettam
1096 4085 1113 4126 a
1137 4065 1273 4130 iratribus

125 4167 283 4232 derelictos
297 4187 382 4251 quam
398 4186 414 4229 a
428 4165 592 4251 plerisque,
616 4165 750 4250 aquibus
768 4166 936 4229 necessaria
953 4169 1032 4230 vitae
1048 4168 1193 4253 praesidia
1206 4168 1283 4256 sup-'

127 4269 274 4355 petebant.
319 4269 366 4332 Ad
385 4269 462 4332 hunc
479 4269 576 4352 itaque
592 4287 692 4332 senem
708 4267 774 4347 ille,
799 4288 883 4351 quem
900 4269 972 4347 dixi,
997 4268 1153 4351 Eutactus,
1177 4271 1202 4336 si
1218 4273 1273 4336 hoc

126 4371 246 4436 nomine
263 4371 411 4436 vocandus
428 4381 492 4452 est,
526 4390 591 4434 cum
612 4390 653 4434 ex
671 4371 809 4457 Aegypto
825 4371 973 4452 venisset,
1006 4373 1041 4436 ab
1064 4393 1157 4459 eoque
1178 4374 1273 4462 impiis
1345 4360 1348 4366 ’

125 4523 362 4646 ιιίίσὶῶῗβῗρῶήβῖιριχὰ
374 4523 421 4594 mlo
434 4523 504 4581 ndito
517 4528 569 4578 cod.
579 4527 687 4592 Rhadtp,
751 4524 776 4578 3.
792 4527 857 4578 Ltbrt
873 4527 956 4578 tabant
971 4528 1015 4582 τοῦ
1032 4545 1061 4582 τε
1077 4525 1160 4585 τόπου.
