3046 5084
386 359 522 411 PdeRll
539 361 602 414 utu.
616 363 635 412 l.
652 362 734 415 ΤΟΜ.
748 364 791 414 lll.
808 364 906 414 unua.
917 365 1039 415 XXXVI.
1225 353 1283 413 lbi

134 479 173 543 tis
190 479 333 544 creatoris
350 479 506 544 factionem
523 500 700 568 magnopere
719 483 901 567 perturbari,
933 494 1020 566 atque
1040 483 1182 567 originem
1203 504 1283 547 suarn

135 582 294 667 matrisque
314 583 451 646 damnare
471 604 582 667 genus3
615 584 707 669 ipsum
727 606 799 648 vero
817 585 864 669 qui
881 585 937 647 ista
957 585 1065 646 dixerit
1085 585 1205 647 abiectis
1222 584 1285 646 viu-

136 686 209 749 culis
226 684 288 749 suis
303 696 333 748 et
348 685 465 770 angelo,
484 687 548 749 sive
562 686 669 766 anima,
690 687 833 772 propriam
850 687 878 749 in
895 687 993 750 sedem
1009 687 1174 748 transferri.
1214 685 1287 748 Exi-

135 789 255 853 stimant
272 789 347 851 enim
360 788 523 851 secundum
540 808 645 873 corpus
661 798 690 850 et
705 789 828 851 animam
846 789 962 852 tertium
978 788 1110 872 quiddam
1127 788 1155 849 in
1171 789 1286 850 homino

135 891 271 976 reperiri.
317 889 415 973 Atque
438 889 510 953 baec
532 901 600 953 sunt
620 911 693 975 quae
716 892 751 954 de
773 890 888 954 illorum
907 887 1106 976 redemptione
1125 890 1286 975 comperire

135 992 292 1079 potuimus.

219 1092 314 1158 Porro
328 1094 457 1179 quisquis
470 1093 577 1158 iudicio
593 1095 687 1175 valet,
712 1095 759 1158 ubi
776 1095 961 1158 inanissimas
979 1095 1065 1157 basce
1081 1115 1173 1178 nugas
1187 1096 1286 1158 audie·
1306 1094 1364 1161 0⁰1³·
1381 1094 1422 1142 Ν·

134 1197 191 1274 rit,
216 1197 258 1260 sic
279 1209 413 1283 tauquam
432 1197 535 1260 mimos
554 1197 724 1282 fabulasque
740 1197 855 1261 ridebit.
903 1196 967 1260 lloc
983 1197 1060 1260 enim
1076 1197 1191 1260 illorum
1208 1197 1286 1281 quis-

135 1319 190 1383 que
208 1301 346 1385 suscipit,
379 1310 410 1363 ut
427 1299 463 1362 ab
479 1299 601 1363 aliorum
618 1300 752 1385 dogmate
768 1299 914 1362 diversum
932 1299 1066 1384 quiddam
1086 1321 1137 1384 pro
1155 1300 1285 1362 volunta-

135 1401 173 1465 tis
188 1422 259 1465 snae
275 1401 392 1465 libidine
411 1402 537 1480 sential3
562 1423 616 1464 nec
631 1402 689 1465 ulla
707 1423 756 1466 res
771 1402 863 1488 ipsum
880 1422 896 1463 a
914 1412 991 1463 lanta
1008 1402 1173 1464 temeritate
1190 1401 1285 1463 deter-

135 1513 211 1584 reat,
235 1505 286 1567 sed
301 1524 499 1589 quaecumque
514 1515 611 1590 potest
628 1505 744 1590 impune
760 1505 999 1567 comminiscitur.
1045 1505 1091 1566 Ac
1107 1525 1171 1566 cum
1190 1503 1217 1566 io
1235 1503 1286 1564 bo-

135 1604 266 1670 diernum
283 1627 374 1690 usquc
390 1607 464 1669 diem
482 1607 517 1668 ab
531 1606 588 1669 illis
606 1607 695 1671 multa
711 1608 915 1693 proferantur,
940 1617 1153 1690 nascanturque
1169 1617 1286 1690 porten-

136 1720 183 1787 ta,
213 1709 407 1797 quilquotidie
424 1708 494 1772 novi
512 1708 617 1792 aliquid
635 1709 670 1771 ad
688 1709 850 1772 illudendos
869 1708 1000 1771 lromines
1017 1709 1202 1791 confingunt,
1232 1708 1286 1769 dil·

136 1811 210 1875 boile
228 1821 275 1875 est
294 1811 442 1874 extricare
461 1810 574 1890 omnic,
607 1811 653 1873 rel
671 1811 804 1874 oratione
822 1811 984 1896 complecti.
1033 1808 1131 1893 Quare
1155 1831 1227 1894 quae
1250 1811 1285 1872 do

136 1913 188 1978 bac
205 1913 320 1976 beoresi
337 1913 479 1998 disputata
497 1923 580 1990 sont,
612 1912 648 1976 iis
666 1912 795 1976 conteuti
813 1934 879 1976 csso
898 1913 1052 1990 debemus,
1084 1932 1159 1996 quae
1178 1913 1212 1974 od
1233 1900 1285 1973 no·

134 2027 224 2081 stram
249 2014 417 2079 memoriam
439 2026 647 2100 pervenerant.
693 2015 791 2099 Atque
813 2016 887 2078 banc
908 2037 1021 2077 omnem
1044 2014 1159 2077 illorum
1179 2015 1285 2077 doctri·

134 2140 201 2182 uam
217 2119 281 2202 quis
298 2140 356 2180 non
371 2137 467 2179 meras
484 2137 551 2181 esse
567 2116 679 2181 fabulas
695 2139 729 2181 ac
743 2119 865 2181 ludibria
881 2119 1056 2203 perspiciat?
1096 2114 1177 2180 Cedo
1194 2117 1283 2188 euim,

135 2221 207 2283 bens
231 2231 278 2298 to,
312 2219 496 2304 maioresque
520 2219 578 2298 toi,
610 2222 686 2284 uode
709 2242 814 2306 corpus
838 2221 1011 2306 accepistis?
1042 2221 1117 2282 unde
1141 2219 1286 2282 animam?

133 2323 211 2386 uude
228 2322 398 2386 interiorem
417 2323 496 2385 illum
517 2321 683 2386 bominem?
726 2320 759 2386 Si
783 2345 800 2387 a
818 2325 970 2408 superiore
987 2323 1037 2385 illo
1056 2322 1155 2384 nescio
1176 2344 1232 2405 quo
1251 2343 1286 2383 ac

133 2424 256 2511 spiritali
275 2424 382 2487 babere
397 2435 426 2487 te
441 2424 566 2504 dixeris,
591 2447 643 2511 pro
659 2446 697 2488 eo
711 2447 746 2489 ao
765 2425 880 2488 mentiri
897 2426 987 2502 soles,
1013 2436 1042 2488 et
1057 2424 1118 2511 spei
1137 2425 1285 2488 cniusdam

132 2529 303 2591 ostensione
319 2527 420 2591 illusos
438 2549 455 2589 a
477 2539 505 2590 tc
525 2528 657 2591 bomines
676 2528 793 2606 indere,
826 2551 882 2611 quo
901 2527 1041 2591 eiusmodi
1061 2527 1209 2612 proposito
1229 2526 1283 2588 sibi

133 2651 222 2714 scopo
239 2640 302 2694 tuas
318 2631 353 2693 ad
371 2630 543 2716 praestigias
560 2631 774 2715 prolectantur,
799 2633 845 2694 dic
860 2632 985 2694 obsecro
1002 2652 1077 2715 quoe
1094 2631 1132 2694 sit
1148 2629 1284 2693 coelestis

131 2732 209 2797 illius
232 2754 266 2796 ac
288 2733 425 2818 spiritalis
449 2755 512 2796 carm
538 2735 679 2796 materiae
700 2745 839 2797 concreto
862 2734 1006 2810 societas,
1039 2744 1088 2795 aut
1112 2733 1195 2796 huius
1220 2754 1284 2795 cum

131 2836 266 2900 animali:
300 2847 349 2899 aut
367 2857 424 2920 quo
443 2836 558 2898 landem
578 2846 662 2920 pacto
681 2847 798 2899 creator
815 2858 890 2920 quae
909 2837 943 2900 ad
964 2857 996 2899 se
1014 2835 1198 2921 pertinebant
1215 2835 1284 2896 nilril
1392 2894 1396 2906 ,

131 2938 314 3003 condiderit?
357 2934 420 3002 Cur
439 2959 593 3023 supremus
615 2939 664 3001 ille
682 2939 840 3022 spiritalem
859 2960 940 3003 suam
964 2940 1022 3002 vim
1043 2938 1204 3015 conditori,
1235 2937 1282 3021 qni

131 3041 227 3105 miuus
250 3052 330 3103 recte
349 3041 466 3104 molitos
489 3051 571 3116 erat,
603 3039 779 3104 attribuerit.
826 3039 889 3106 Cur
906 3041 982 3104 idom
1002 3043 1050 3104 ille
1071 3042 1204 3104 conditor
1222 3039 1283 3103 ani-

130 3143 207 3207 male
228 3165 310 3207 suum
336 3164 399 3206 com
424 3143 565 3206 materiali
588 3143 780 3208 commiscens
806 3145 946 3208 materiae
968 3167 1052 3229 qoam
1076 3145 1200 3206 babebat
1224 3144 1282 3204 vim

129 3243 245 3330 illigare
261 3244 417 3308 maduerit?
461 3242 546 3327 Quod
566 3245 590 3307 si
609 3245 666 3308 vim
683 3246 731 3309 ille
748 3267 829 3309 suam
847 3247 1013 3310 immiscere
1032 3247 1126 3331 cnpit,
1151 3267 1207 3307 non
1228 3247 1284 3308 erit

131 3347 225 3412 aliena
241 3349 376 3412 materia.
423 3346 476 3412 Sin
495 3358 542 3410 est
556 3348 669 3427 aliena,
693 3350 757 3433 quis
774 3350 800 3412 ei
818 3351 863 3412 ius
881 3351 908 3412 in
927 3350 1077 3412 materiam
1097 3358 1284 3433 potestatem-

131 3452 370 3536 qoeconcessiti
413 3451 459 3514 Ac
474 3451 596 3536 primum
612 3450 680 3514 illud
699 3451 766 3515 volo
784 3453 851 3515 mihi
870 3452 966 3529 dicas,
998 3453 1154 3536 impostor,
1188 3461 1282 3513 utrum

130 3555 243 3618 animae
257 3553 392 3617 indoctos
409 3554 493 3633 odio,
518 3574 554 3615 au
571 3554 646 3638 quod
663 3556 790 3618 lotorum
809 3567 873 3618 erat
888 3555 1042 3639 ignoraus,
1068 3553 1188 3615 materia
1207 3553 1282 3616 illam

130 3656 334 3720 adstrinxerit.
364 3654 435 3720 Non
449 3656 548 3719 dubito
561 3658 629 3741 quin
646 3657 747 3722 boram
763 3679 897 3722 asserere
912 3670 1044 3720 neutrum
1060 3657 1180 3719 audeas.
1210 3654 1282 3719 Pro·

130 3759 176 3823 cul
191 3759 270 3823 euim
287 3758 364 3822 absit
381 3760 531 3823 materiam
548 3771 580 3825 ut
596 3781 703 3846 corpus
719 3761 911 3846 appellemus,
943 3769 993 3823 aut
1010 3780 1058 3822 res
1075 3781 1091 3821 a
1111 3760 1165 3823 dcc
1182 3761 1281 3822 condi-

129 3871 186 3925 ta's.
233 3857 293 3925 Sed
315 3863 435 3926 alterius
458 3862 607 3926 cuiusdam
630 3865 769 3928 onateriac
792 3864 934 3947 scriplura
957 3860 1087 3924 meminit
1111 3873 1175 3947 post
1196 3861 1281 3925 vilem

129 3964 204 4028 banc
225 3975 255 4027 et
276 3965 437 4042 obiectam,
470 3986 545 4048 quae
567 3966 686 4029 cuilibet
706 3967 761 4030 arti
785 3967 923 4050 operique
946 3965 1127 4050 proponitur.
1174 3963 1281 4029 Cuius-

129 4067 206 4132 modi
224 4077 271 4130 est
285 4067 335 4130 ille
353 4066 400 4150 qui
418 4088 457 4130 ex
472 4068 568 4131 animo
588 4068 724 4154 pullulat,
755 4068 920 4151 inquinatus
938 4068 1026 4129 animi
1044 4079 1139 4131 motos
1156 4089 1190 4131 ac
1207 4068 1282 4132 lotu-

127 4170 225 4234 lcntac
240 4171 351 4255 peccati
368 4169 578 4252 cogitationes,
604 4192 678 4254 quoe
694 4191 734 4234 ex
749 4170 940 4233 foetidissimo
955 4191 1066 4248 cocno,
1093 4171 1172 4234 velot
1185 4171 1281 4234 deter-

128 4273 220 4338 rimos
235 4294 328 4358 vapor
343 4293 378 4335 ac
396 4270 536 4356 pestilens
552 4272 690 4358 spirituo,
721 4273 850 4336 exhalat.
897 4270 991 4355 Quom
1010 4273 1046 4336 ob
1064 4295 1196 4338 caussam
1212 4274 1279 4338 bea·
1290 4292 1436 4346 roratas·

127 4409 219 4489 τέχνη,
236 4411 299 4474 qood
315 4413 341 4460 tn
357 4412 423 4459 tibris
439 4410 506 4458 editis
523 4412 613 4472 lepidus.
721 4425 769 4461 eoae
786 4413 913 4464 Gorncrius
929 4418 950 4463 el
966 4415 1083 4464 Petuntur.
1117 4414 1181 4462 Libri
1198 4413 1282 4462 haberat

160 4482 185 4532 b.
202 4494 290 4544 προκιι
323 4495 367 4544 νην
382 4481 480 4528 correxit
489 4479 606 4529 Petoctua.
634 4481 695 4529 Vul-
721 4479 864 4546 δυςοδμίας.
1071 4552 1075 4562 Ι

126 4562 394 4682 eoiipboxibcpli'tem
406 4617 687 4680 oldomdcorrr'pendum
719 4550 1176 4689 caddoilibbbrbebicbiibebittimm
1198 4550 1281 4603 hm
