3046 5084
332 366 465 416 rnunnn
485 367 546 419 ura.
562 371 580 418 1.
595 341 677 420 ro'n.
692 369 734 420 ιιι.
752 368 851 418 anan.
862 368 985 418 xxxin.
1170 357 1228 418 451

169 483 255 568 Quod
274 485 308 549 ad
330 482 426 550 iesum
446 488 587 570 pertinet,
619 487 709 565 hane,
733 486 790 566 ait,
814 478 1052 570 generationem,
1083 507 1157 569 quae
1177 507 1231 549 ex·
1250 493 1309 560 Cap.
1325 493 1371 542 tX·

83 585 184 672 piieari
207 588 304 651 verbis
327 589 443 671 nequit,
476 589 597 651 sortitos
620 598 676 651 est.
721 587 838 652 Etenim
859 589 894 650 ab
914 588 1117 651 universorum
1135 586 1234 651 Matre

83 689 174 773 priora
194 689 243 753 ina
258 687 388 754 Tetrade
407 689 481 752 filiae
499 691 593 754 instar
608 691 735 755 seeundo
752 691 861 755 Tetras
880 702 984 753 exorta
1003 700 1033 752 et
1050 686 1170 772 Ogdoas
1188 702 1234 752 est

83 794 176 871 taeta,
209 814 224 854 a
244 815 298 875 qua
319 791 415 856 Deras
434 794 590 879 prooessit.
637 791 738 877 itaque
759 792 854 856 Deeas
874 804 904 855 et
921 790 1040 876 Ogdoas
1059 813 1233 877 progressae

81 906 162 959 sunt.
215 893 291 957 Turn
313 893 412 960 Deras
440 918 504 959 eum
527 893 668 979 Ogdoade
691 897 823 981 copulata
851 917 885 958 ao
912 894 1009 958 decies
1039 896 1116 957 iliam
1139 894 1234 956 moiti-

82 999 193 1083 plieans
214 994 442 1081 Octogenarinnr
463 1019 615 1060 neruorum
636 998 744 1062 effecit.
790 997 884 1081 Quem
906 999 1003 1061 denies
1022 997 1141 1082 insuper
1162 998 1235 1059 mul·

81 1099 215 1185 tipiieans
245 1101 279 1162 nd
304 1101 471 1184 octingenta
495 1101 642 1185 perduxit.
695 1098 735 1164 Ut
762 1100 856 1163 omnis
885 1101 933 1163 iile
956 1101 1104 1163 literarum
1134 1121 1235 1162 nume·

81 1223 132 1266 rus
155 1202 191 1265 ab
215 1199 356 1284 Ogdoade
379 1224 553 1286 progressus
575 1204 609 1266 ad
635 1200 781 1264 Deuadem
805 1205 843 1266 sit
866 1207 901 1263 Η
919 1213 947 1264 et
973 1206 1007 1262 Π
1025 1214 1055 1266 et
1077 1205 1125 1278 Ω,
1160 1223 1233 1285 quae

81 1315 151 1369 sunt
169 1300 498 1368 DCCCLXXXVili.
546 1302 694 1387 Siquidem
714 1302 782 1367 lesu
804 1326 908 1367 nomen
928 1305 965 1367 ob
984 1326 1048 1368 enm
1069 1327 1231 1382 numerum,

81 1429 167 1490 quern
198 1406 299 1470 literae
327 1408 469 1484 reddunt,
503 1402 817 1471 DCCCLXXXViii
848 1408 981 1486 coniicit,
1021 1431 1055 1471 ae
1082 1409 1235 1493 perspicue

80 1509 184 1589 eoeio,
209 1520 240 1571 ot
257 1520 373 1593 putant,
398 1510 463 1594 ipso
478 1509 656 1573 sublimioris
675 1507 743 1573 iesu
759 1512 980 1593 generationem
996 1514 1137 1574 eontinet.
1176 1507 1235 1573 Un-

80 1613 117 1675 de
135 1621 165 1674 et
184 1612 212 1673 iu
234 1608 414 1674 Graecorum
434 1612 599 1695 alphabeto
615 1609 761 1674 Monades
781 1624 865 1690 neto,
900 1615 1020 1675 totidem
1036 1611 1172 1676 Deuades
1192 1624 1235 1675 at-

80 1735 138 1799 que
162 1713 376 1777 Henatontudes
400 1714 522 1798 reperiri
545 1715 663 1791 dieunt,
696 1725 725 1777 ot
747 1711 1064 1778 DCCCLXXXVHI
1083 1736 1234 1777 rrunoernm

81 1817 239 1901 praebeat,
265 1817 319 1878 hoe
334 1827 380 1880 est
394 1814 508 1893 lesunr,
533 1837 571 1879 ex
589 1816 722 1879 omnibus
738 1817 866 1879 orrrneris
883 1828 1070 1897 corruentem,
1095 1819 1132 1879 ob
1149 1818 1233 1900 idque

28 1958 30 1965 ›
80 1941 149 1983 sese
167 1924 196 1980 A
213 1930 241 1982 et
259 1919 489 1996 annuntiasse,
515 1941 571 2002 quo
587 1919 663 1981 iiiam
681 1940 720 1981 ex
737 1919 870 1981 omnibus
885 1920 928 1982 sui
945 1920 1163 2003 productionem
1180 1941 1233 1982 ex·

80 2024 231 2107 primeret.
279 2019 364 2103 Quod
384 2021 438 2084 hoe
456 2043 570 2084 rursum
590 2022 674 2083 modo
693 2024 851 2106 perfeetum
869 2033 925 2083 est.
971 2018 1234 2102 PrimusQuater·

79 2126 182 2188 uarius
201 2146 252 2209 per
271 2125 382 2187 numeri
404 2124 640 2208 progressionem
661 2124 689 2185 in
708 2144 775 2186 sese
795 2125 929 2186 redactos
949 2121 1108 2186 [terrarium
1129 2125 1234 2208 produ·

79 2228 137 2292 xit.
182 2224 260 2290 Nanr
285 2249 372 2289 unum
396 2237 426 2289 et
448 2227 504 2289 duo
528 2227 586 2288 tria
602 2236 632 2288 et
649 2219 774 2309 quatuor
792 2227 875 2289 sionni
896 2227 1056 2311 composita
1074 2229 1174 2290 deoem
1194 2230 1234 2291 ia·

81 2330 181 2408 ciunt,
212 2330 287 2413 qnod
314 2330 407 2414 ipsum
435 2349 501 2390 esse
526 2326 623 2391 iesum
650 2328 830 2391 existimant.
878 2326 937 2392 Sed
957 2340 987 2391 et
1005 2325 1159 2407 Christus,
1191 2330 1234 2392 io·

80 2434 195 2518 quiunt,
214 2445 282 2495 oeto
297 2431 442 2495 extiteris
457 2441 614 2495 contextus
629 2431 750 2516 primam
765 2429 934 2514 Ogdoadem
952 2432 1143 2508 demonstrat,
1161 2453 1235 2515 quae

81 2557 147 2600 enm
166 2535 265 2597 deeern
284 2534 440 2597 eooiunota
454 2531 552 2597 iesum
571 2534 693 2619 peperit.
739 2532 855 2596 Dicitur
872 2555 985 2618 quoque
1006 2529 1077 2607 Υἱός
1097 2528 1235 2615 Χριστός,

81 2638 181 2716 aiunt,
206 2636 260 2699 hoe
277 2647 323 2699 est
341 2634 487 2699 Dodeoas.
533 2634 610 2699 Nam
627 2632 698 2708 Τίὸς
711 2637 811 2698 literas
830 2635 915 2698 habet
932 2647 1072 2720 quatuor,
1098 2633 1235 2701 Christus

80 2751 167 2817 neto,
202 2760 276 2822 quae
298 2739 419 2801 eoiieeta
442 2736 608 2802 Dodeondis
633 2739 758 2802 efferare
783 2739 1021 2821 magnitudinem.
1068 2736 1127 2804 Sed
1152 2750 1235 2803 ante-

80 2864 166 2927 quam
186 2840 310 2904 nominis
331 2841 414 2904 ionius
433 2843 609 2925 episenrnm,
641 2841 696 2904 hoo
716 2853 762 2905 est
784 2840 884 2918 lesus,
917 2841 981 2904 tiliis
1002 2854 1173 2926 appareret,
1205 2843 1235 2905 in

80 2966 194 3008 surnnra
211 2944 342 3007 homines
359 2944 523 3027 ignorantia
539 2956 568 3006 et
584 2966 685 3008 errore
703 2945 810 3010 versati
826 2955 905 3006 sont.
951 2941 1146 3028 Posteaquam
1164 2966 1234 3008 rero

80 3069 138 3112 sex
158 3047 307 3110 literarum
327 3068 433 3109 nornen
457 3057 503 3109 est
521 3049 714 3131 pateiaeturn,
746 3049 820 3131 quod
839 3048 905 3109 ideo
925 3068 1040 3110 earnern
1062 3049 1170 3125 induit,
1205 3058 1236 3110 ot

79 3169 136 3213 sex
157 3150 235 3234 ipsas
256 3160 286 3212 et
303 3145 414 3213 XXIV
432 3149 532 3212 literas
552 3149 801 3234 comprehendens
821 3151 855 3212 ad
876 3171 980 3213 sensns
1001 3150 1147 3213 ironrinum
1167 3171 1234 3212 sese

79 3251 262 3331 demitteret,
297 3263 355 3315 turn
372 3253 486 3316 demum
506 3274 541 3315 eo
559 3253 675 3336 cognito
694 3252 730 3316 ab
747 3274 849 3314 errore
869 3253 1060 3330 destiterunt,
1091 3264 1120 3315 et
1136 3253 1170 3314 ad
1191 3252 1234 3314 vi-

80 3366 137 3419 tam
160 3366 345 3419 emerserunt
370 3377 384 3415 a
411 3366 520 3434 morte,
552 3378 615 3419 eunr
640 3358 674 3418 ad
697 3356 830 3418 veritatis
855 3368 965 3439 patrem
989 3356 1117 3419 ductoris
1141 3356 1234 3416 instar

80 3457 151 3542 ipsis
170 3479 276 3521 nomen
296 3458 364 3521 iliud
384 3457 544 3520 extitisset.
590 3456 741 3522 Piaeuisse
760 3458 900 3545 siquidem
921 3459 1046 3520 ornoinm
1064 3455 1182 3519 Parenti
1202 3467 1234 3519 ut

79 3561 274 3644 ignorantiam
294 3560 452 3623 discuteret
475 3573 655 3645 mortemque
678 3562 805 3624 tolieret.
851 3559 1038 3643 ignorantiae
1064 3581 1152 3644 porro
1173 3559 1231 3622 dis·

80 3663 179 3727 eussio
204 3663 295 3748 ipsius
319 3663 447 3746 eogoitio
475 3662 538 3726 init.
583 3646 769 3747 Proindeipue
789 3664 919 3725 deiectus
938 3663 964 3724 is
983 3674 1028 3725 est
1047 3663 1149 3741 hunno,
1183 3663 1231 3745 qui

79 3768 118 3830 de
134 3767 211 3830 iilius
228 3766 379 3830 volontate
395 3767 430 3828 ad
449 3767 586 3830 eoelestis
602 3763 729 3831 Virtutis
745 3767 898 3850 exemplar
913 3766 1054 3848 singulari
1072 3777 1118 3829 est
1133 3765 1231 3850 provi·

79 3871 178 3934 dentia
200 3870 385 3933 constitutos.

77 4075 159 4124 mnam
171 4051 562 4126 untn'Epet-——pdoemn
596 4055 639 4111 Διό
709 4059 747 4109 n.
768 4052 929 4109 συνεστώτων
946 4059 1178 4120 Pseudo-Origenes.

77 4144 124 4180 non
141 4130 293 4190 reperiuntur.
710 4126 747 4177 t‘t.
764 4125 837 4177 τοῦτο
855 4127 946 4176 Pseudo
955 4153 964 4163 -
974 4128 1083 4188 Origenes
1097 4133 1118 4177 et
1133 4128 1178 4175 Vct.
1190 4128 1229 4178 in·

106 4201 130 4246 a.
142 4192 556 4256 detestandam·Pseudo-onnam.
573 4191 638 4246 ἔτει·
672 4201 765 4256 terpora.
803 4197 873 4257 t'utpo
889 4193 941 4246 τοῦ.

77 4281 110 4316 τοι
128 4261 272 4318 δεικνύοντα
288 4265 416 4325 Epiphanii
433 4264 486 4311 ituri
500 4266 618 4324 praebent.
707 4263 745 4313 13.
763 4261 808 4314 καὶ
819 4263 940 4326 τέσσαρες
954 4266 1064 4315 Patauino
1071 4266 1227 4327 primnmod·

112 4331 137 4383 9.
154 4329 196 4386 τᾶν
212 4326 314 4396 Ἰησοῦν
331 4333 545 4393 Pseudo-Origenes
557 4334 577 4380 et
592 4333 638 4379 Vei.
671 4334 731 4381 didit
747 4347 775 4381 ta
791 4335 842 4381 eod.
858 4334 930 4382 Votie.

77 4404 200 4463 tntcrpreo.
224 4402 354 4463 Epipnnoit
367 4396 638 4450 renumerationem
707 4396 745 4450 14.
761 4397 920 4468 περιεβάλετο
943 4403 1010 4451 codd.
1031 4405 1105 4452 tenet.
1128 4403 1225 4465 Rnedr'p.

77 4466 107 4522 ed
128 4471 199 4533 ἓῖῆ.
674 4470 746 4530 Vuipo
764 4466 948 4535 περιεβάλλετο.

114 4539 157 4588 to.
170 4516 284 4591 tuidwd.
296 4539 350 4587 Vra.
385 4539 463 4588 Omitt.
479 4537 638 4586 Pseudo-Ori·
706 4538 745 4584 to.
762 4529 857 4601 ὁδηγοῦ
878 4540 965 4598 tepebat
985 4541 1030 4586 Vct.
1043 4540 1171 4600 intrrprm,
1188 4543 1228 4601 qni

76 4620 154 4670 penet-
669 4607 737 4654 vertit
752 4604 871 4655 ducatore
889 4605 920 4655 nd
939 4607 1036 4655 Patrem
1053 4605 1171 4655 ueritatis.

953 4692 1022 4757 29*
