3046 5084
407 347 541 399 ananau
558 348 621 400 bl!-
634 349 654 400 i.
669 349 752 401 Tobi-
765 350 797 399 tt.
814 349 910 401 nasa.
925 349 1014 400 XXX.
1217 337 1277 398 277

143 469 302 531 transferre
319 487 379 531 non
403 465 591 529 erubescunt.
635 462 815 549 Quamquam
835 466 967 530 domiuus
985 466 1099 531 iliorum
1121 466 1276 551 nequitiam

141 568 294 632 manifeste
314 567 481 651 redarguit,
510 586 577 629 cum
598 564 635 628 ad
648 562 733 629 Petri
752 566 891 630 iuvandos
914 568 1003 651 pedes
1017 568 1161 630 accedam
1176 589 1213 631 eo
1234 569 1276 630 di-

141 679 242 749 uente,
264 672 330 731 Noa
350 669 457 730 aucta
472 669 543 728 midi
555 669 642 746 pean
658 670 688 727 iu
709 677 869 740 nemmem,
892 667 1015 731 subiecit
1031 668 1127 745 iiiico,
1155 672 1223 729 Nisi
1235 672 1361 730 lar-amn.
1371 685 1425 740 raa

141 792 205 832 cero
219 775 303 851 pedes
321 782 399 842 taos,
423 791 479 830 aon
493 769 607 829 morto
620 778 730 847 portam
746 789 861 828 mecam.
905 765 953 830 At
968 788 1040 850 quae
1052 765 1142 831 Petro
1159 789 1279 853 respou-

140 870 246 949 deute,
269 874 335 933 Non
348 873 437 931 solam
448 872 545 949 pedes,
568 872 620 930 sed
629 881 658 930 ct
673 879 766 948 caput,
791 868 923 930 domiuus
939 867 1060 947 adiecit,
1084 873 1141 947 Qui
1151 873 1224 931 nam
1238 883 1281 931 est

141 976 242 1045 semel,
266 994 323 1032 noa
337 992 408 1050 opas
423 981 482 1043 ert,
513 981 545 1031 ut
568 979 653 1050 rapat
671 971 760 1043 avet,
789 973 841 1031 sea
856 973 941 1049 pedes
957 973 1113 1044 dantum
1144 983 1187 1032 est
1207 977 1279 1033 ambr

139 1077 258 1135 mundus
282 1082 366 1133 totas.
412 1069 526 1153 Quibus
549 1070 648 1133 verbis
671 1069 830 1133 declaravit
857 1069 1051 1135 lavationibus
1078 1071 1218 1135 eiusmodi
1242 1094 1278 1137 ao

140 1172 367 1255 supervacaneis
387 1170 507 1248 ritibus,
537 1171 741 1255 hominumque
761 1170 904 1234 mandatis
924 1192 958 1234 ac
979 1172 1119 1237 doctrinis
1143 1173 1184 1236 nti
1207 1174 1278 1237 nihil

141 1274 279 1337 attinere.
324 1268 379 1337 Cui
399 1272 513 1356 quidem
537 1282 736 1352 consentanea
759 1281 828 1336 suut
852 1294 926 1355 quae
950 1275 1111 1357 aquodam
1136 1275 1276 1360 propheta

141 1375 292 1438 dicuutur:
325 1378 444 1454 Ρογιιίω
463 1379 516 1435 iste
538 1375 620 1435 Iadti's
643 1394 686 1435 me
699 1377 835 1448 honorat,
865 1396 916 1435 eor
935 1386 1026 1436 uatem
1049 1381 1171 1455 moram
1193 1380 1382 1483 ‘wgfflffi‘gff'pf
1395 1390 1426 1433 aa

141 1488 186 1537 eet
200 1497 218 1536 a
233 1498 292 1549 mep
313 1478 431 1557 frasam
445 1498 510 1537 cero
523 1479 690 1549 uoluntas,
714 1479 1014 1550 autesiodorum,
1038 1482 1168 1539 mandata
1188 1482 1276 1540 domi·
1311 1474 1385 1546 15,ss

141 1600 217 1638 num.
262 1574 336 1658 Quid
352 1589 397 1641 est
415 1578 492 1641 euim
506 1579 581 1661 quod
596 1572 774 1641 Pharisaeos
796 1598 831 1641 au
852 1578 964 1640 scribas
979 1579 1119 1660 arguebat
1135 1581 1209 1662 qnod
1224 1580 1276 1644 ba·

139 1678 260 1763 ptismos
283 1676 452 1741 adhiberent
472 1698 626 1741 urceorum
652 1678 843 1756 sterlinum,
875 1699 908 1741 ao
934 1690 1098 1743 ceterorum
1119 1681 1147 1743 id
1170 1702 1274 1764 genus,

140 1791 171 1841 et
187 1779 291 1843 crebro
306 1800 407 1842 manns
428 1780 599 1843 abluerent?
628 1778 748 1841 comita
763 1779 875 1843 demum
893 1781 1075 1863 pronuntiat,
1106 1786 1198 1844 dilutis
1218 1806 1276 1845 ma·

137 1883 220 1943 nabas
240 1887 408 1943 manducare
430 1903 486 1942 noa
505 1884 653 1960 impartiare
667 1882 811 1941 hommem.
859 1877 959 1961 Quare
982 1904 1040 1945 nou
1066 1903 1167 1946 eorum
1190 1885 1276 1947 modo

137 1982 263 2045 lotiones
279 1982 439 2060 damnarit,
455 1981 506 2044 sed
523 1991 553 2044 ct
569 2000 670 2043 manus
687 1980 805 2042 abluere
823 2001 1070 2064 supervacaneum
1086 2004 1152 2047 esse
1164 1985 1273 2064 docuit,

136 2104 232 2168 neque
253 2085 346 2148 fraudi
367 2083 500 2167 cuiquam
521 2103 606 2160 esse,
631 2082 706 2165 quod
728 2101 830 2144 mauns
852 2083 924 2144 uulit
945 2083 1055 2146 eluere.

221 2267 282 2335 lam
300 2271 375 2354 quod
390 2270 427 2333 ad
440 2290 523 2334 usum
541 2268 671 2335 carnium
687 2280 810 2355 spectat,
835 2290 930 2333 noune
947 2291 1047 2334 eurum
1064 2272 1160 2335 statim
1176 2292 1274 2335 ameu-
1316 2289 1374 2351 cup.

137 2373 177 2438 tia
194 2373 396 2437 convincitur?
425 2369 553 2449 Primum
575 2373 652 2456 quod
666 2372 799 2435 domiuus
816 2370 988 2436 ludaeorum
1014 2373 1120 2456 pascha
1142 2374 1275 2436 comede·

136 2476 187 2539 rit.
232 2471 396 2539 Constabat
418 2484 514 2538 autem
538 2473 644 2560 pascha
665 2472 837 2537 Indaeorum
863 2495 956 2557 agno,
990 2495 1024 2537 ao
1047 2473 1111 2537 siue
1133 2475 1275 2537 termento
1344 2556 1347 2564 Ι

1305 2357 1389 2405 ΧΧΙΙ.

137 2575 266 2641 subactis
283 2575 417 2660 panibus.
461 2576 539 2660 Agui
556 2598 644 2662 porro
658 2576 794 2641 carnibus
812 2576 892 2639 vesci
914 2597 977 2639 mos
995 2587 1059 2639 erat
1075 2575 1180 2639 assatis
1202 2576 1274 2657 igni,

137 2679 214 2763 quod
229 2689 259 2741 et
276 2677 399 2763 apostoli
416 2676 471 2763 ipsi
488 2688 641 2743 testantur.
676 2681 731 2741 ddi·
744 2684 796 2752 aa,
821 2679 964 2762 inquiunt,
985 2700 1118 2759 parmam
1135 2680 1188 2739 tibi
1202 2699 1276 2738 coza·
1302 2691 1385 2796 apptp.

136 2785 218 2843 cdere
234 2782 363 2861 pascha?
397 2776 510 2862 Quibus
527 2781 660 2844 domiuus
674 2781 840 2865 respoudit,
870 2786 913 2842 Ite
929 2785 1128 2855 uicinitatem,
1153 2793 1181 2841 ea
1201 2785 1276 2842 moe·
1381 2772 1387 2783 '

136 2887 220 2945 archi
234 2885 369 2943 homiaem
385 2884 545 2963 amphoram
562 2904 651 2964 aquae
664 2894 840 2964 portantem:
870 2887 1019 2963 sequamaia'
1029 2906 1089 2945 eiam
1107 2905 1276 2964 paucumque

137 2989 218 3059 abrai,
242 2995 271 3045 et
288 2987 372 3045 dicite
383 2985 596 3065 patrifamilias,
624 2986 679 3046 ati
690 2996 735 3045 est
748 2988 948 3058 deuersorium,
973 2986 1135 3065 udipascha
1152 3007 1213 3046 cam
1232 2989 1275 3046 di·

137 3089 254 3166 sm‘prah's
269 3087 474 3167 massarium?
514 3090 555 3147 Bt
574 3090 701 3147 ostendet
724 3087 801 3146 uota
820 3089 997 3147 coenaculum
1019 3099 1155 3160 stratum,
1188 3099 1216 3146 et
1236 3088 1278 3146 ibi

134 3200 246 3268 parma
292 3186 458 3269 lterumque
483 3187 636 3266 domiuus,
663 3191 823 3262 Besa‘demb,
847 3187 907 3266 ait,
929 3192 1085 3250 desideravi
1105 3191 1157 3249 doe
1169 3191 1276 3267 pareda

136 3293 305 3351 mammaeam
321 3290 469 3351 auduram.
493 3287 599 3372 Neque
616 3289 722 3372 pascha
736 3288 906 3373 simpliciter
920 3289 1004 3365 dixit,
1022 3291 1073 3352 sed
1088 3292 1141 3350 hoo
1148 3292 1273 3369 pusedop

137 3411 175 3454 ue
192 3392 257 3474 quis
274 3390 379 3454 dietum
399 3391 467 3454 illud
485 3390 606 3455 subdole
623 3391 658 3455 ad
674 3389 839 3474 opinionem
854 3411 936 3455 suam
954 3391 1197 3454 accommodaret.
1229 3390 1275 3450 Ac

137 3492 243 3576 pascha
261 3492 329 3556 illud
345 3513 449 3556 carues
467 3503 569 3571 erant,
593 3493 634 3555 uti
651 3491 796 3571 diximus,
817 3492 876 3576 igni
895 3502 1007 3570 tostae,
1038 3513 1103 3554 cum
1125 3489 1190 3553 aliis
1212 3488 1274 3573 quti-

136 3593 268 3658 busdam.
313 3593 356 3657 At
374 3595 414 3657 ihi
433 3594 565 3658 veritatis
584 3595 661 3658 serie
681 3616 720 3658 ox
736 3595 854 3678 ingenio
872 3595 983 3657 sublata
1005 3593 1092 3655 verba
1115 3592 1163 3654 ilia
1184 3603 1276 3655 mum-

136 3706 222 3775 ruut,
254 3697 330 3779 quud
356 3707 403 3760 ost
429 3719 470 3760 ex
499 3697 662 3760 coniunctis
692 3695 866 3759 dictionibus
896 3695 1050 3777 uuicuique
1081 3693 1273 3778 perspicuum.

137 3795 238 3880 Quare
254 3797 410 3881 discipulos
425 3800 464 3862 ita
480 3799 633 3883 loquentes
650 3798 775 3862 iaciunt:
803 3801 857 3859 Udi
870 3803 910 3858 aas
924 3818 1056 3875 paremus
1071 3798 1125 3857 citi
1137 3800 1277 3858 comedere

132 3903 264 3980 pareda?
299 3895 447 3965 Christum
467 3920 538 3964 vcro
556 3901 592 3965 ad
606 3921 640 3963 ea
656 3899 896 3986 respondentem:
919 3901 1063 3979 Numquid
1077 3901 1212 3960 desiderio
1230 3903 1277 3959 de-

135 4004 260 4063 stiteram·
270 4004 412 4064 comedere
425 4023 537 4063 earnem
551 4005 604 4065 doe
618 4006 727 4084 pascha
743 4004 903 4062 cubituum?
945 3999 1035 4083 Atqui
1053 3998 1136 4065 facilc
1153 4012 1199 4064 est
1212 4020 1277 4063 soe-

136 4101 259 4167 leratum
282 4103 356 4167 bauo
378 4102 493 4166 illorum
523 4103 834 4186 irtudcmssdetegere,
865 4123 929 4165 oum
952 4123 988 4165 ea
1013 4122 1087 4186 quae
1116 4111 1278 4186 sequuntur

137 4215 238 4291 aperte
261 4205 427 4283 clamitent,
459 4202 545 4267 ambo
570 4224 637 4268 esse
659 4204 802 4268 elementa
829 4224 979 4289 perperam
1000 4205 1113 4283 addita,
1144 4204 1280 4269 videlieet
1367 4185 1372 4196 ’

136 4312 205 4386 set
221 4312 254 4386 ἡ.
298 4304 376 4372 Nam
393 4327 445 4390 pro
465 4327 501 4368 eu
522 4305 597 4389 quod
615 4315 680 4383 cst,
710 4310 855 4368 desiderio
873 4310 1043 4383 desumant,-
1067 4307 1134 4386 isti,
1163 4300 1220 4386 μὴ,
1249 4304 1277 4368 id

137 4419 199 4489 est,
221 4431 304 4484 aum,
328 4407 495 4472 adverbium
511 4406 717 4471 adiunxerant.
764 4403 899 4473 Christus
916 4431 1003 4495 porro
1018 4409 1173 4474 verissime
1192 4408 1277 4486 dixit,

136 4544 180 4596 τοῦ
197 4546 235 4595 ed.
249 4547 330 4597 Petam
364 4538 439 4597 adru
460 4545 511 4596 eod.
526 4543 623 4607 amam.
757 4542 782 4594 3.
799 4543 875 4610 κρέας
883 4547 935 4600 eod.
944 4549 1016 4598 Votis,
1030 4553 1051 4598 at
1066 4549 1104 4598 ed.
1112 4549 1191 4597 Peton.
1219 4541 1281 4611 κρέα

169 4610 194 4662 Ὶ.
212 4609 344 4678 ἐπιθυμίαι
361 4615 411 4663 oud.
430 4615 525 4675 Rhedtp.
724 4615 775 4665 eod.
791 4616 886 4676 Rhedtp.
900 4620 921 4665 et
937 4618 973 4665 ed.
986 4619 1061 4678 princ.
