3046 5084
341 352 477 406 neuneu
494 351 557 403 utu.
568 352 589 404 r.
605 353 688 405 ron.
701 353 747 405 ru.
764 353 864 404 unua.
875 353 933 403 xc.
1154 343 1215 406 545

58 472 200 541 Salonam
215 495 249 539 ac
264 470 421 538 Diabolum
435 471 578 551 nunrinat,
599 471 644 536 bis
656 472 774 538 verbis:
798 476 898 536 Nonne
910 477 1054 535 duodecem
1068 496 1115 536 uos
1128 478 1212 556 stege
1225 496 1369 555 renouare.
1439 549 1443 558 ,

55 590 87 641 et
99 601 174 641 eane
189 596 227 640 ee
242 579 320 639 ocbr's
334 577 464 639 diobolae
480 581 545 638 eet?
588 571 683 639 Cuius
700 574 787 639 etiam
806 575 848 638 rei
865 596 969 639 caussa
988 576 1121 640 dominus
1138 575 1216 640 eius-

57 682 122 744 denr
146 679 361 765 improbitatem
384 699 588 762 exaggerans:
623 682 691 740 Cum
714 681 856 760 loquetur,
890 678 998 762 iuquit,
1030 683 1213 754 mendaeem,

56 789 92 847 de
105 788 233 865 propere
248 787 384 864 loquitur.
433 779 500 864 Quo
516 781 644 867 pertinet
659 780 746 858 illud,
771 781 847 865 quod
866 780 895 842 iu
914 781 971 844 alio
988 783 1133 865 evangeiii
1153 783 1218 846 luco

57 889 198 973 seriptum
216 895 280 948 est:
304 888 441 977 Quantum
453 887 507 966 sur
520 897 592 959 erut,
617 895 646 946 et
662 886 769 945 loculos
780 883 926 964 pertubat.
965 882 1023 947 llic
1039 885 1128 968 igitur
1145 882 1371 959 Dia-tomum.

58 991 117 1055 boli
136 989 293 1072 insignitus
316 986 434 1051 nomine
452 982 540 1050 ludas
556 983 680 1050 Geinum
700 996 810 1072 patrem
831 984 930 1049 babuit
951 987 999 1069 qui
1016 986 1142 1051 Abclum
1162 990 1219 1051 lra-

59 1104 133 1157 trem
152 1090 303 1154 mendacio
319 1111 374 1153 suo
390 1088 619 1175 circumscripsit
636 1099 666 1152 et
678 1087 796 1151 occidit.
844 1085 902 1170 Qui
920 1091 1006 1152 etiam
1024 1089 1218 1175 interroganti

60 1195 197 1283 dpmiuo,
225 1194 424 1256 Ubr‘ertAbet
432 1195 526 1267 frater
540 1199 628 1253 treus?
649 1191 788 1254 mentitus
806 1191 967 1273 respondit,
991 1196 1105 1254 Nereae.
1151 1190 1218 1256 lile·
1232 1202 1348 1267 ‹remeo-

58 1296 117 1361 rite
136 1297 233 1380 itaque
248 1296 336 1358 etiam
353 1295 411 1358 istc
428 1294 478 1379 qui
495 1315 596 1358 rerum
615 1292 760 1356 diabolum
778 1293 907 1356 muribus
926 1305 970 1356 est
987 1294 1132 1374 imitatus,
1156 1296 1219 1360 eius

58 1400 136 1464 lilius
157 1398 266 1463 domiui
288 1418 343 1461 ore
360 1398 576 1482 pronuntiatur.
622 1396 726 1480 Aque
746 1396 823 1458 enim
841 1396 963 1481 quisque
983 1409 1137 1483 superatus
1160 1410 1217 1476 est,

59 1502 88 1567 ei
105 1513 134 1566 ct
150 1502 254 1565 servit.
300 1501 346 1564 Ac
362 1520 417 1564 nos
433 1499 506 1563 adeo
521 1499 724 1583 quodcumque
740 1499 855 1561 deutrum
872 1500 1031 1583 egerimus,
1054 1522 1106 1564 eos
1122 1513 1219 1587 patres

59 1604 248 1681 habebimus,
280 1624 402 1687 quorum
424 1602 557 1687 exempla
582 1602 684 1665 iisdem
708 1601 792 1664 lactis
814 1603 1026 1686 expressimus.
1073 1602 1220 1688 Quocirca

61 1706 291 1794 perspicaciam
310 1704 358 1768 illa
378 1703 486 1767 domiui
506 1714 553 1767 est
571 1704 717 1767 declarata
736 1705 901 1767 sententia:
936 1710 990 1766 Vos
1006 1711 1073 1767 estr's
1081 1710 1221 1788 filri'drir-

60 1812 134 1885 tote
167 1809 254 1888 item,
286 1812 354 1869 Cum
376 1810 503 1888 loquetur
523 1811 696 1869 nrenduoe'nm
719 1829 757 1868 en
770 1811 898 1888 propriis
916 1811 1058 1888 qurritur,
1091 1816 1220 1891 quenulam

56 1923 142 1994 poter
163 1916 224 1973 erite
245 1915 366 1973 mendae
388 1922 439 1971 est.
488 1905 603 1990 Quibus
627 1908 726 1973 verbis
750 1904 850 1971 ludam
873 1921 903 1971 et
922 1906 1047 1974 Geinum
1071 1911 1219 1994 iutelligit.

61 2011 134 2078 lllud
155 2034 244 2092 vero,
277 2017 350 2075 Num
371 2025 497 2094 etputer
515 2014 782 2085 consumatorem,
817 2012 851 2074 ad
870 2012 1015 2075 diabolum
1034 2014 1220 2077 referendum

61 2129 123 2196 est,
148 2117 224 2201 quud
241 2116 278 2178 ad
297 2117 360 2179 eius
377 2115 568 2177 imitationem
588 2114 625 2177 ab
644 2114 702 2177 illis
718 2113 777 2176 sint
795 2125 960 2199 perpetrata
977 2115 1127 2179 nonnulla.
1173 2115 1223 2182 Si-

61 2220 177 2305 quidem
201 2240 253 2304 per
275 2239 309 2282 os
332 2217 479 2302 serpentis
496 2216 644 2302 inspirans
663 2216 794 2280 diabolus
819 2216 891 2278 talsa
917 2217 1012 2279 umoia
1030 2218 1145 2283 locutus
1164 2231 1220 2297 est,

63 2322 166 2408 sicque
184 2333 253 2385 tunc
270 2319 364 2384 Evam
384 2319 500 2383 telellit.
546 2319 645 2403 Atque
662 2318 738 2382 bunc
754 2319 783 2382 in
802 2320 916 2382 modum
937 2330 996 2383 tota
1016 2320 1134 2386 abistis
1152 2344 1223 2386 cuu-

61 2427 129 2491 bcta
149 2424 246 2488 tabula
264 2423 382 2509 peuitus
399 2420 563 2488 evanescit.
610 2420 696 2505 Quod
714 2443 786 2485 vero
803 2422 838 2484 dc
858 2417 953 2486 Caino
970 2424 1115 2509 scriptura
1133 2435 1222 2489 testa·

61 2539 121 2608 tur,
146 2528 225 2591 illum
244 2528 363 2590 lratrcm
381 2525 526 2591 occidisse
541 2546 638 2603 suum,
663 2524 739 2609 quod
754 2535 834 2588 esset
851 2545 891 2588 ex
906 2526 1032 2605 diabolo,
1058 2527 1085 2591 id
1103 2527 1222 2592 omniuo

61 2631 291 2694 demonstratum
316 2638 377 2707 est,
410 2650 467 2691 nou
486 2648 526 2692 ex
543 2627 651 2692 diaboli
668 2638 733 2691 satu
749 2639 921 2712 conceptum
941 2630 976 2692 ab
993 2627 1058 2693 Eva
1075 2630 1165 2695 luisse
1182 2633 1223 2695 le·

62 2744 122 2798 tum
145 2733 287 2817 aliquem,
322 2732 360 2793 ita
384 2742 414 2796 ut
438 2730 519 2794 velut
536 2730 673 2815 coniugio
693 2732 817 2816 quodam
837 2732 1006 2816 congressis
1024 2734 1224 2819 copulatisque

61 2835 233 2922 corporibus
246 2831 420 2899 (laiuumet
435 2833 561 2897 Abelum
578 2833 743 2919 pepererit,
766 2845 798 2896 ut
813 2833 878 2896 istis
894 2835 1018 2919 placuit,
1043 2838 1095 2899 scd
1111 2838 1148 2901 ob
1162 2860 1224 2902 mo-

61 2961 125 3004 rum
144 2937 362 3003 similitudinem
382 2956 614 3022 expressamque
636 2936 799 3000 imitatione
822 2936 928 3000 diaboli
952 2939 1109 3023 nequitiam
1132 2941 1221 3005 tilium

61 3040 128 3107 eius
154 3039 305 3126 appellari.

147 3141 226 3226 Quin
249 3143 318 3206 illud
342 3143 429 3205 etium
453 3141 490 3205 ab
512 3141 577 3206 istis
601 3142 762 3206 asserimur
794 3139 998 3207 Adamumex
1018 3143 1371 3230 EraconiugcCap.v11.

62 3244 188 3312 Setbum
206 3266 373 3331 germanam
396 3245 564 3330 suscepisse
584 3244 728 3307 sobolem.
776 3244 853 3308 Tum
874 3267 945 3309 veru
962 3269 1126 3332 supremam
1147 3249 1223 3312 illam

61 3346 211 3414 Virtutem
238 3350 335 3411 ierunt
356 3369 421 3411 cum
443 3347 623 3410 administris
646 3347 691 3410 dci
714 3347 845 3411 melioris
867 3349 980 3432 angelis
999 3351 1146 3434 delapsam
1168 3347 1223 3415 Se·

62 3451 143 3516 tltum
160 3451 255 3536 ipsum
274 3451 424 3535 rapuisse,
450 3471 534 3534 quem
553 3460 583 3512 et
598 3443 773 3532 Ἀλλογενῆ,
798 3450 851 3512 boc
870 3463 915 3513 est
933 3456 1147 3534 Ab'enr'genum‚
1172 3475 1224 3519 vo-

62 3564 142 3618 cant.
190 3550 286 3635 Quem
304 3575 369 3616 cum
388 3574 504 3617 sorsum
520 3551 644 3636 aliquem
662 3552 690 3616 in
708 3553 803 3616 lucum
821 3552 1004 3632 sustulisset,
1037 3576 1072 3619 ac
1087 3556 1223 3621 diuturno

62 3668 213 3743 tempore,
244 3678 282 3719 ne
303 3658 377 3719 lorto
395 3655 629 3735 interficeretur,
661 3657 800 3734 aluisset,
831 3657 919 3740 longo
938 3658 1052 3721 demum
1068 3658 1224 3724 intervallo

62 3760 91 3825 iu
109 3760 187 3825 buuc
204 3759 305 3822 urbem
322 3759 474 3837 intulisse,
507 3758 649 3843 simulque
668 3769 698 3821 et
716 3758 875 3845 spiritalem
893 3770 920 3821 et
938 3781 1110 3847 corporeum
1126 3762 1224 3826 reddi-

61 3861 160 3943 disse,
191 3883 229 3927 ue
258 3857 410 3941 aCniuo,
443 3863 490 3924 vel
513 3861 622 3925 ceteris
651 3861 812 3924 conditoris
836 3863 935 3924 mundi
959 3861 1160 3928 Potestatibus
1189 3887 1223 3929 ac

62 3963 279 4051 Principatibus
295 3965 520 4051 opprimeretur.
555 3961 689 4027 Eundem
707 3985 796 4049 porro
811 3976 974 4029 creatorem
989 3978 1075 4051 etque
1091 3967 1223 4054 opilicem

62 4067 188 4131 desiisse
209 4069 365 4145 venerari,
397 4077 426 4129 ot
447 4066 526 4130 illam
545 4066 704 4150 agnovisse
724 4063 870 4129 Virtutem
892 4089 966 4152 quae
989 4069 1068 4133 nullo
1090 4091 1223 4156 cumpre-

63 4169 150 4234 beudi
164 4170 404 4256 uomiuepotest,
420 4190 475 4233 uec
490 4191 548 4233 uou
565 4169 708 4232 adversus
724 4178 874 4233 auctorem
889 4171 986 4234 muudi
1003 4172 1125 4257 eiusque
1136 4172 1224 4237 Prin·

63 4272 177 4359 cipetue
196 4282 226 4337 et
248 4270 417 4337 Potestates
436 4271 574 4357 pleraque
594 4269 757 4336 detexisse.
805 4270 881 4337 lliuc
900 4274 986 4338 etiam
1006 4275 1097 4341 libros
1115 4276 1225 4362 aliquot

62 4529 392 4600 ipcompreeualereueque
405 4530 485 4598 ipoeu
519 4546 549 4581 ue
562 4529 625 4581 uliae
659 4528 758 4580 catoris.
792 4533 904 4584 Petcuirre
919 4549 1003 4584 nomen
1019 4530 1085 4588 Κάίν
1100 4538 1222 4585 restituen-

63 4609 204 4669 potestater
224 4617 254 4651 nc
270 4600 423 4668 principatus
440 4616 498 4651 muu
518 4601 525 4649 i
543 4599 624 4650 tubri-
658 4601 716 4651 dum
729 4613 778 4651 esse
795 4604 929 4664 suspicatus
946 4607 985 4654 est.

117 4682 207 4739 (torpor
221 4681 358 4727 llaereeeol.
373 4682 401 4727 lt.
978 4693 1019 4756 35
