3046 5084
359 334 493 386 rosano
511 336 576 387 orn.
588 337 609 387 t.
625 336 707 389 rota.
720 338 753 388 o.
770 338 868 389 nune.
884 339 1011 389 xxxro.
1199 328 1261 391 aba

111 454 294 519 recensenda
309 454 545 540 consolandoque
560 455 689 541 nequitia
703 476 769 521 eom
783 457 1013 542 nobismetipsis,
1036 468 1095 521 torn
1112 459 1178 523 aliis
1190 480 1262 543 qno·

110 576 167 640 qne
180 556 278 621 diuina
294 576 349 641 ope
368 555 435 620 lreti
449 557 604 622 consolerc
620 558 776 643 possimus.
810 555 907 640 Quam
921 560 956 622 ad
971 579 1032 622 rem
1048 560 1157 623 domini
1170 562 1263 625 nostri

111 658 271 723 doctrinam
290 679 324 722 ac
343 659 526 724 notissimam
545 658 678 724 ueritatis
696 661 968 746 contemplationem
987 660 1204 738 adhibebimus,
1233 673 1264 725 ut

110 761 188 826 illam
204 782 348 848 myagron
364 762 513 848 viperam,
541 783 616 847 quae
634 763 819 848 plurimarum
836 763 959 827 aliarum
975 764 1077 828 similis
1092 774 1155 844 est,
1184 763 1265 827 rclot

111 864 283 949 evangelico
305 863 406 928 calceo
428 864 631 949 proculcantes
652 874 768 931 ceteras
789 866 1006 951 aggrediamur.

224 1078 1148 1200 snvonsusbnoonossrss

308 1249 390 1322 quse
416 1232 468 1301 est
492 1225 640 1303 haeresis
660 1227 779 1320 xlta,
806 1228 876 1337 sire
895 1228 1062 1303 XXXIII.

194 1375 348 1443 Secundus
365 1376 455 1463 igitur
471 1388 559 1464 atque
576 1376 745 1467 Epiphanes
761 1378 868 1445 Isidori
883 1380 1105 1445 cohortationes
1123 1380 1158 1443 ad
1177 1400 1260 1443 osum
1280 1387 1339 1455 Cep.
1356 1388 1373 1439 t.

112 1490 210 1544 sectae
223 1501 293 1544 snae
307 1479 510 1566 opinionisque
524 1482 747 1547 transtulerunt.
778 1480 931 1548 Successit
946 1484 981 1546 iis
996 1480 1195 1562 Ptolemaeos,
1211 1482 1260 1566 qui

112 1582 180 1648 licet
194 1581 419 1662 Gnosticorum,
441 1583 491 1667 qui
506 1585 547 1648 itn
561 1585 713 1666 dicontur,
737 1585 891 1664 haeresin,
922 1608 956 1650 ac
974 1583 1260 1663 Valentinianorum,

111 1705 241 1749 necnon
260 1695 291 1749 et
309 1685 430 1750 aliorum
448 1688 628 1771 quorundam
645 1688 683 1751 sit
700 1689 871 1774 amplexos,
903 1688 1040 1751 nonnulla
1056 1699 1153 1751 tameo
1172 1688 1208 1752 ad
1226 1708 1262 1751 ea

107 1808 183 1873 qnae
205 1809 222 1851 a
241 1788 390 1873 magistris
407 1786 562 1867 hauserat,
594 1789 717 1869 adiecitg
749 1790 831 1855 coins
853 1791 940 1854 etiam
964 1790 1080 1853 nomine
1098 1800 1260 1854 sectatores

109 1891 223 1974 qnidam
237 1890 303 1956 eins
315 1889 491 1976 gloriantur,
509 1912 584 1976 qous
595 1888 782 1957 Ptolemaeos
795 1894 956 1955 nominant.
987 1891 1043 1956 Ilic
1056 1893 1106 1955 ille
1120 1914 1184 1956 com
1200 1892 1261 1957 suis

109 1990 299 2058 Ptolemaeus
317 1993 406 2077 longe
428 1994 463 2057 iis
485 2015 560 2078 qnos
578 2004 783 2081 praeceptores
803 1994 900 2057 babuit
919 1993 1083 2058 eruditione
1102 1995 1258 2079 praestitit,

111 2108 142 2160 et
152 2096 268 2161 illorum
281 2097 442 2160 doctrinam
456 2117 561 2180 magna
577 2096 748 2161 accessione
762 2095 930 2160 cumulavit.
960 2094 1077 2160 Etenim
1092 2098 1158 2175 deo,
1177 2117 1260 2181 qoem

110 2198 152 2263 illi
166 2195 285 2286 Ilptbon
302 2198 465 2285 appellant,
489 2199 631 2283 coniuges
648 2199 720 2263 duaa
736 2220 753 2262 a
770 2220 803 2263 se
821 2199 956 2264 inventas
974 2197 1121 2277 attribuit,
1146 2220 1218 2282 quas
1233 2210 1263 2264 ct

110 2300 293 2365 affectiones
311 2302 445 2381 vocarit,
470 2297 686 2386 Cogitationem
705 2301 841 2366 videlicet
858 2323 893 2365 ac
912 2299 1117 2380 Voluntntcm3
1141 2323 1262 2386 quornm

108 2402 191 2491 prior
211 2404 241 2468 in
265 2404 315 2469 illo
336 2425 454 2490 semper
472 2404 606 2469 existens
626 2426 662 2468 ac
679 2402 813 2489 cogitans
828 2402 934 2488 aliquid
951 2404 1139 2490 produxerit,
1170 2404 1261 2467 ultera

108 2527 182 2570 vero
206 2516 308 2591 postea
332 2506 481 2571 recentior
504 2506 676 2572 accesserit.
721 2503 850 2571 Primum
873 2506 969 2585 enim,
1000 2505 1111 2591 inquit,
1142 2507 1178 2569 de
1198 2527 1264 2590 pro·

108 2608 237 2674 creando
252 2609 406 2694 cogitarit,
424 2609 529 2673 deinde
543 2611 645 2675 rnlnit.
691 2607 839 2694 Quocirca
854 2609 965 2674 duabus
981 2609 1016 2672 iis
1032 2609 1261 2689 dilectionibus,

108 2712 172 2778 sive
189 2710 372 2790 Virtutibus,
397 2732 463 2777 nam
483 2722 513 2777 et
531 2709 664 2777 Virtutes
681 2714 798 2777 easdem
817 2723 921 2790 vocnt,
947 2707 1133 2797 Cogitatioue
1149 2733 1184 2775 ac
1201 2708 1263 2775 Vn·

108 2816 239 2896 lontate,
263 2814 344 2879 velut
359 2814 486 2879 invicem
501 2815 675 2895 commistis,
698 2812 852 2900 Unigenae
865 2812 1067 2900 Veritatisqoc
1082 2836 1135 2901 par
1149 2826 1195 2879 est
1209 2836 1261 2879 es-

110 2928 218 2983 ortum.
272 2914 355 3001 Quas
382 2917 496 3002 quidem
525 2918 646 2983 duarum
668 2928 854 3004 paternarum
879 2917 1092 2996 affectionum,
1127 2927 1262 3003 tanquam

110 3040 186 3106 qnae
208 3019 303 3083 videri
327 3031 493 3104 nequeunt,
527 3020 723 3105 aspectabiles
745 3020 854 3105 bguras
883 3042 917 3084 ac
941 3021 1097 3085 simulacra
1119 3021 1261 3105 prodiisse

111 3124 256 3188 sentinot=
285 3119 455 3186 Voluntatis
473 3123 584 3186 scilicet
606 3120 785 3201 Veritatem,
811 3118 1006 3206 Cogitationis
1027 3143 1097 3187 uem
1118 3120 1259 3186 Menatem.

110 3226 157 3291 Ac
175 3246 229 3312 per
244 3223 434 3289 Voluntatem
451 3224 567 3310 quidem
584 3221 736 3311 lagenitae
755 3220 952 3310 Cogitationis
968 3227 1124 3290 masculam
1141 3229 1262 3311 effigiem

110 3327 265 3408 extitisse,
295 3328 449 3414 ipsiusmet
475 3348 548 3392 vero
572 3325 758 3407 VoluntatIs,
790 3329 944 3392 lemineam
969 3328 1071 3392 luisse.
1117 3327 1263 3393 Voluntas

112 3453 184 3518 crgo
196 3426 395 3516 Cogitationis
408 3429 579 3495 administra
593 3431 638 3495 vis
654 3431 718 3495 luit.
761 3427 910 3515 Siquidem
927 3431 999 3496 haec
1014 3431 1130 3494 tametsi
1146 3431 1181 3494 de
1197 3452 1262 3517 prc-

112 3534 249 3599 dnetiooe
261 3533 339 3619 apo'd
352 3554 386 3597 se
401 3534 561 3619 cogitaret,
592 3532 711 3598 minime
727 3544 824 3597 tameo
840 3556 893 3619 per
907 3555 940 3598 se
954 3533 1048 3615 ipsam
1064 3535 1197 3619 prolerre
1213 3555 1261 3597 co·

110 3636 202 3723 gitata
224 3636 328 3720 potnit.
374 3633 436 3703 Sed
457 3647 489 3702 ot
507 3634 677 3702 Voluntatis
699 3634 745 3701 ris
763 3638 907 3715 accessit,
938 3647 997 3700 tum
1020 3636 1096 3719 quod
1116 3636 1263 3722 cogitabat

111 3738 262 3824 produxit.

197 3838 347 3907 Ostoltas
362 3840 512 3927 anilesque
530 3842 659 3908 labolasl
703 3841 802 3909 Nemo
817 3842 913 3920 enim,
937 3841 986 3925 qui
1003 3840 1147 3926 paululum
1164 3842 1263 3906 iudicii
1281 3856 1341 3909 car.
1361 3859 1391 3908 tt.

112 3980 157 4032 dot
169 3980 383 4042 emur-crumas
397 3981 442 4030 tt
476 3982 550 4044 Vutpc
563 3980 674 4050 alatari
705 3982 751 4065 ped
771 3977 815 4066 pbr
831 3975 981 4064 Oplipsncpc
999 3974 1042 4031 adr
1058 3976 1141 4040 Νοῦν,
1166 3976 1264 4063 ἱτῆςρὲ

112 4048 231 4176 ²1diAE
242 4130 313 4175 mooe
328 4116 396 4165 babet
411 4117 645 4181 Pseudo-Ostama.
707 4046 1116 4198 abbvliriipqumdlddllbbmiad
1124 4050 1264 4181 Sicilire?

146 4184 172 4237 8.
189 4185 297 4239 &albato
308 4185 375 4234 babet
385 4184 607 4247 Pseudo-Ordouices.
626 4187 674 4236 Ire·
707 4185 756 4249 ripe
772 4188 951 4249 desperanter
972 4181 1078 4244 Eurotae
1093 4178 1107 4238 e‘
1125 4184 1207 4250 bailus
1222 4181 1265 4238 tat

113 4255 169 4305 sect
188 4254 243 4304 tttrt
261 4256 321 4303 tates
337 4267 447 4319 egressas
467 4257 490 4303 et
505 4252 633 4320 adgressas
653 4258 674 4302 et
706 4249 736 4339 pd
754 4251 862 4319 θέλημα
878 4245 960 4320 ὥςπερ
977 4249 1083 4319 δύναμις
1098 4249 1198 4321 ἐγένετο
1215 4253 1265 4319 τῆς

115 4336 260 4443 Pfgd'm:
274 4323 431 4452 blitildem.
454 4388 606 4469 Tbelematis
617 4389 675 4458 qui·
715 4320 893 4471 Ἢίαἰῗνοίας
908 4393 959 4442 rod.
972 4393 1045 4442 Votr'c.
1058 4394 1078 4440 et
1090 4390 1145 4440 ln&
1156 4392 1210 4441 edd.
1221 4393 1265 4441 Pc-

117 4456 176 4509 dera
188 4457 256 4515 Non,
271 4458 385 4508 Ennoea·
397 4466 480 4507 antem
494 4457 632 4519 tletbmon,
650 4467 676 4508 et
708 4464 756 4509 tou.
796 4456 884 4518 nouae
899 4461 1062 4522 commedio.
1082 4463 1104 4508 et
1117 4461 1173 4509 edit.
1188 4462 1263 4520 price.

116 4534 224 4645 mm
237 4522 288 4576 bec
298 4523 455 4576 adventiciae
466 4524 607 4577 Voluntatis
620 4542 676 4577 ma-
707 4529 811 4580 Atterum
821 4528 961 4590 scriptorum
974 4532 1072 4578 testator
1084 4529 1154 4578 mom
1167 4530 1213 4579 Vct.
1226 4529 1265 4577 Ia·

173 4609 201 4644 ns
214 4592 345 4661 estimo
358 4600 410 4647 cett.
434 4596 676 4661 Paluda-orimum:
708 4601 795 4661 terpscs
810 4596 906 4648 irenaei.
