3046 5084
406 338 540 390 l’bNAlill
556 339 621 391 ΜΒ.
635 340 655 393 i.
671 340 753 393 uolt.
766 342 800 392 ll.
817 340 916 393 HAER.
933 342 1032 393 XXIV.
1230 330 1288 390 155

138 457 279 522 roborare
293 468 449 522 conantur.
494 454 574 519 Nam
589 456 747 536 Abenses,
771 469 803 522 ut
816 469 883 522 ante
899 459 973 537 dixi,
997 455 1171 523 CCCLXV
1189 479 1290 523 nune-

139 581 203 622 rum
219 560 361 623 continet.
408 557 486 620 Hinc
503 556 594 639 igitur
610 559 657 619 isti
676 558 795 621 totidem
814 558 917 621 diebus
930 559 1034 622 eonbci
1052 560 1120 623 anni
1136 561 1289 625 circuitu·

139 671 289 725 asserunt.
334 658 395 725 Sed
410 658 507 720 inanis
522 657 596 719 baec
610 658 705 721 oratio
722 677 775 741 per
792 658 918 741 seipsam
936 658 1070 721 concidet
1091 679 1211 724 necesse
1231 672 1288 724 est.

139 759 292 846 Siquidem
309 781 404 823 mnus
422 768 539 842 praeter
551 753 726 822 CCCLXV
736 757 799 821 dies
813 757 906 821 tribus
924 759 1044 843 insuper
1059 758 1139 821 boris
1154 772 1290 825 constare

138 865 283 927 cernitur.
329 859 441 923 Eadem
467 879 558 936 uero,
589 859 700 943 inquit,
734 858 809 922 baec
837 879 942 923 caussa
969 869 1016 922 est
1039 881 1091 922 eur
1117 859 1146 923 in
1178 860 1292 924 homine

141 959 317 1028 CCCLXV
340 960 471 1024 membra
492 961 568 1038 sint,
600 970 633 1025 ut
657 960 804 1044 quaelibet
825 961 937 1024 illarum
956 960 1105 1025 Virtutum
1130 982 1213 1024 suum
1236 959 1293 1024 sibi

140 1065 292 1128 vindicare
308 1061 411 1145 possit.
449 1058 482 1125 ln
497 1082 554 1146 quc
569 1061 685 1145 quidem
697 1065 853 1125 confictum
869 1060 937 1125 illud
953 1063 1206 1147 adulteriumque
1223 1064 1294 1146 doq-

141 1187 189 1229 ma
212 1185 272 1226 non
295 1165 391 1227 mines
408 1163 529 1227 eormit.
574 1160 689 1248 Quippe
707 1184 767 1227 non
789 1163 874 1248 plura
889 1159 1078 1229 CCCLXlV
1102 1165 1240 1229 membris
1260 1164 1292 1229 in

142 1265 259 1330 homine
281 1275 480 1329 numerantur.

227 1369 273 1431 Ac
291 1367 393 1431 beatus
412 1366 462 1430 ille
478 1366 676 1449 apostolorum
700 1387 857 1431 successor
879 1364 1020 1431 irenaeus
1042 1366 1176 1431 subtilius
1200 1367 1288 1431 eade
1308 1372 1443 1441 capvttt.

143 1489 175 1532 re
198 1469 345 1554 disputans
368 1469 493 1532 bominis
517 1467 670 1533 stultitiam
700 1490 764 1532 cum
789 1468 851 1554 pari
882 1470 1080 1534 imbecillitate
1104 1469 1290 1533 coniunctam

143 1592 214 1634 saure
230 1570 437 1634 admirabiliter
456 1572 596 1635 convicit.
639 1569 708 1634 Nec
731 1572 828 1634 minus
853 1571 1074 1657 inpraesentia
1098 1571 1195 1635 futiles
1213 1571 1291 1635 eius·

140 1673 204 1736 deu
216 1671 361 1736 Basilidas
377 1692 472 1755 nugae
489 1673 660 1736 refellentur
675 1672 724 1756 qui
740 1693 758 1736 e
773 1672 858 1738 coelo
874 1674 1008 1758 delapsus
1023 1684 1054 1736 et
1072 1672 1213 1736 coelestia
1229 1695 1292 1735 rna·

139 1774 244 1838 nibem
256 1773 472 1857 contemplatus
488 1785 545 1852 est,
568 1775 616 1837 vel
633 1795 650 1837 e
668 1775 751 1837 coelo
767 1774 876 1860 potins,
901 1775 956 1837 boc
974 1786 1021 1837 est
1035 1796 1125 1859 scopo
1143 1775 1289 1853 veritatis,

137 1875 260 1939 excidit.
304 1872 384 1937 Nam
407 1873 434 1938 si
459 1875 573 1939 coelum
599 1875 676 1938 istud
701 1875 737 1938 ab
757 1874 882 1959 Angelis
899 1897 972 1958 quos
999 1875 1046 1939 ille
1072 1875 1223 1939 coustituit
1245 1889 1292 1940 est

136 1977 327 2062 productum,
351 1986 382 2037 et
398 1975 418 2037 ii
440 1997 544 2039 rursus
561 1997 578 2039 a
593 1975 811 2060 superioribus,
843 1977 1012 2060 superiores
1029 1997 1046 2038 e
1062 1981 1208 2060 supremis
1225 1998 1292 2060 pru·

136 2079 229 2142 creati
247 2087 334 2154 sunt,
366 2098 403 2141 eo
425 2098 475 2140 res
501 2077 634 2140 nimirnrn
657 2077 785 2153 recidet,
816 2087 847 2138 ut
873 2097 984 2139 summa
1005 2076 1055 2139 illa
1071 2076 1193 2156 Virtus,
1216 2098 1291 2160 quae

139 2180 279 2244 Abrasax
299 2178 421 2255 dieitur,
453 2178 594 2242 universa
618 2177 797 2256 condiderit,
828 2178 924 2260 sitque
944 2179 1073 2240 omnium
1086 2198 1291 2261 quaecumque

138 2292 341 2359 santeanssa,
366 2299 421 2342 nec
438 2281 548 2364 absque
565 2281 612 2344 illa
629 2280 782 2364 quiequam
796 2279 941 2357 extiterit,
961 2301 1026 2342 eum
1046 2281 1117 2342 baec
1134 2278 1196 2362 ipsa
1213 2279 1291 2362 prin·

138 2384 244 2468 cipiunt
270 2404 306 2446 ac
330 2383 454 2466 primurn
481 2402 578 2445 rernm
601 2381 729 2446 omnium
757 2381 909 2466 exemplar
929 2381 966 2445 ab
991 2380 1049 2445 illis
1071 2400 1137 2443 esse
1161 2380 1290 2456 dicatur3

138 2487 270 2568 adeoque
289 2484 424 2568 seqnitur
444 2483 542 2546 mnndi
565 2484 651 2548 beina
670 2503 757 2567 quem
778 2495 885 2547 vocarat
906 2485 1051 2547 delectum
1075 2504 1134 2545 non
1156 2484 1191 2545 ad
1214 2481 1291 2545 aliud

139 2607 308 2670 essequam
324 2587 358 2649 ad
378 2586 500 2670 primum
518 2585 587 2649 illud
604 2584 776 2671 principium
793 2606 987 2669 caussamque
1008 2606 1109 2648 eorum
1127 2605 1200 2669 quae
1223 2593 1292 2647 aurat

140 2699 241 2773 postea
264 2691 339 2752 lacta
364 2689 563 2751 referendum.
608 2685 681 2752 lllud
699 2708 771 2750 vero
789 2688 826 2750 de
845 2688 947 2750 eodem
974 2688 1140 2772 percucurri
1163 2694 1289 2771 oportet.

140 2789 219 2874 Quid
237 2803 267 2853 tu
282 2791 417 2867 tandem,
443 2790 481 2852 nni
498 2789 601 2868 bomo,
630 2810 685 2852 nos
706 2788 736 2852 ia
759 2799 869 2851 ιιιιιῑιιιι
892 2789 1102 2853 multitudinem
1122 2785 1292 2874 compellis?

141 2913 176 2954 ac
196 2911 253 2954 naon
271 2890 366 2973 potius
386 2892 422 2954 ad
440 2891 611 2976 principium
632 2892 742 2975 ipsum,
767 2891 822 2953 boc
840 2901 991 2954 estonum
1011 2894 1095 2954 deum
1112 2903 1142 2955 et
1159 2889 1291 2974 omnipo·

142 3004 268 3068 tentem,
292 2992 432 3056 deducis?
457 2992 687 3076 quandoquidem
714 2993 777 3056 sive
800 2992 855 3055 boc
880 2994 945 3056 sive
969 2995 1027 3056 alio
1054 2995 1139 3057 mode
1164 3003 1289 3067 statuas,

142 3115 229 3157 uuum
248 3094 366 3158 omuino
385 3116 481 3158 rerum
500 3094 627 3157 omniurn
647 3080 819 3178 principium
843 3115 877 3158 ac
892 3096 1038 3159 dominum
1058 3095 1144 3159 lateri
1167 3112 1290 3157 necesse

139 3197 190 3260 sit.
222 3193 302 3280 Quin
318 3196 373 3260 boc
389 3196 476 3261 velim
491 3195 560 3258 mibi
575 3194 699 3258 labulosi
717 3195 800 3259 bnins
813 3198 969 3260 commenti
987 3197 1146 3261 architecte
1158 3188 1292 3257 deChri·

138 3311 185 3362 ato
203 3300 396 3385 respondeas.
443 3295 478 3363 Si
502 3299 531 3360 in
557 3316 675 3359 erucem
693 3294 796 3362 Simon
815 3298 863 3361 ille
879 3295 1056 3384 Cyrenaeus
1078 3308 1125 3362 est
1146 3294 1290 3369 sublatus,

138 3422 198 3464 nou
221 3401 311 3485 igitur
328 3421 381 3487 per
400 3396 550 3465 Christum
576 3408 657 3484 parta
677 3399 764 3464 nobis
783 3411 830 3462 est
849 3401 948 3479 salus,
980 3402 1032 3464 sed
1056 3420 1107 3482 per
1125 3395 1288 3472 Simonem,

138 3524 193 3567 nee
205 3502 263 3566 lam
281 3523 334 3589 per
347 3499 499 3568 Cbriatum
517 3503 641 3565 muudus
657 3501 769 3566 salvum
785 3503 850 3566 lore
866 3523 899 3566 se
914 3522 1036 3586 sperare
1053 3499 1170 3576 debent,
1192 3506 1291 3582 utpote

137 3607 187 3689 qui
206 3605 326 3669 minime
347 3606 388 3668 sit
405 3625 520 3690 passus.
565 3601 673 3688 Neque
691 3606 768 3668 euim
785 3605 887 3668 salutis
911 3623 977 3666 esse
994 3622 1098 3665 caussa
1115 3597 1217 3664 Simon
1239 3620 1291 3684 po-

137 3717 213 3785 test,
237 3727 327 3791 poros
346 3707 445 3792 utique
464 3726 499 3769 ac
522 3717 609 3792 putus
631 3706 735 3783 bomo,
769 3725 864 3789 neque
886 3703 1039 3787 quicquam
1064 3701 1197 3788 amplius.
1242 3701 1289 3764 Ad

139 3811 212 3872 baec
237 3807 417 3891 unigenitam
436 3809 483 3873 dei
501 3809 589 3873 blinm
607 3806 769 3872 calumniae
787 3807 984 3884 condemnas,
1007 3805 1033 3869 si
1050 3805 1172 3870 alterum
1195 3804 1290 3867 bonus

139 3909 275 3973 dominus
290 3908 437 3973 uiolenter
451 3911 488 3975 ad
507 3930 610 3974 necem
625 3930 681 3973 son
700 3909 764 3973 loco
783 3906 945 3970 tradiderit.
987 3905 1055 3971 Nee
1068 3907 1144 3971 aliud
1163 3916 1224 3969 tota
1241 3925 1291 3968 res

136 4021 258 4098 praeter
282 4009 427 4073 somnium
443 4010 519 4090 erit,
542 4012 601 4075 imo
619 4009 808 4094 malignitatis
826 4008 1104 4094 praestigiarumque
1126 4007 1288 4093 specimen,

137 4135 204 4179 cnm
218 4111 408 4195 semetipsum
426 4111 559 4177 dominus
577 4110 770 4177 Fraudulentis
783 4110 895 4174 artibus
908 4111 1072 4176 subducens
1088 4112 1132 4176 sui
1150 4109 1290 4174 vicanum

138 4217 262 4280 alterum
280 4212 450 4277 substituat.
482 4210 591 4299 Sicque
607 4224 656 4278 tua
673 4213 722 4276 illa
734 4211 907 4277 stultissima
926 4215 1073 4279 envibatio
1092 4211 1207 4278 ueritati
1226 4212 1289 4294 qni-

139 4318 203 4382 dem
218 4315 393 4381 calumniam
411 4325 517 4394 suuet,
541 4337 596 4379 nec
613 4315 688 4398 quod
705 4314 785 4378 volet
801 4326 895 4380 tamen
912 4319 1028 4402 assequi
1048 4316 1165 4402 poterit,
1186 4315 1238 4378 sed
1255 4313 1290 4376 de

140 4540 191 4590 cod.
201 4542 292 4603 Vetto,
308 4542 456 4591 desideratam
471 4542 496 4591 tn
510 4540 561 4590 end
575 4539 674 4601 ltbedc'p.
686 4544 706 4589 et
724 4539 778 4590 edtt
792 4543 867 4603 princ.
