3046 5084
254 347 315 410 202
676 359 797 412 εεοοτι
815 359 983 410 οειεειαιι

252 473 341 550 όλλλας
359 478 492 558 τραχείας
508 478 646 558 τρίβους,
668 474 720 558 οάχ
740 479 790 540 ’ἵνα
806 478 935 557 βαδίσω,
957 469 1016 538 άλλ’
1032 475 1083 536 ῖνα
1100 469 1160 536 άπό
1178 469 1313 554 μήκοθεν
1326 470 1401 539 ύπο-

253 580 337 652 δείξω
362 584 426 650 τοῖς
447 578 637 657 βουλομένοις
660 576 697 641 τά
719 579 879 661 τραχύτερα
902 577 955 658 μέν
978 574 1197 659 ἐπιγινοόσκειν,
1227 573 1349 660 φεύγειν
1368 577 1405 641 δὲ

254 676 305 742 διά
322 684 374 758 τῆς
391 685 491 759 στενῆς
512 681 564 742 καί
579 680 773 760 τεθλιμμένης
792 673 865 744 όδοῦ
888 686 941 761 τῆς
957 675 1106 761 φερούσης
1120 678 1161 752 είς
1177 675 1254 758 ζωόν
1270 676 1402 756 αἰώνιον,

253 781 306 844 καί
331 777 559 859 καταλιμπάνειν
583 778 638 861 την
662 788 799 844 πλατεῖαν
822 781 874 844 καί
897 777 1065 864 εὐρύχωρον
1090 781 1140 843 καλ
1164 776 1329 861 άκανθοόδη
1351 782 1404 844 καὶ

254 878 492 965 προςκομμάτων
512 884 644 962 ἔμπλεων
660 878 733 947 όδόν
753 880 945 965 βορβορώδη,
967 882 1019 944 καί
1035 877 1181 965 άσελγείας
1197 883 1249 944 καί
1262 884 1404 961 πορνείας

253 984 511 1064 ἐμπεπλησμένην,
539 975 576 1063 ἧς
598 988 737 1066 πορνείας
757 985 808 1047 καί
834 980 980 1066 άσελγεῖας
997 979 1031 1046 τό
1050 980 1157 1064 όμοιον
1175 984 1253 1047 ἐστιν
1275 984 1349 1046 ἰδεῖν
1369 984 1404 1047 ἐν

253 1092 294 1171 τῷ
311 1085 420 1172 ἑρπετῷ
436 1092 477 1170 τῷ
493 1083 646 1170 δεινοτάτῳ
664 1077 689 1171 ᾦ
705 1086 845 1148 ἐπέθεντο
862 1083 895 1147 τό
915 1082 1009 1164 όυομα
1026 1080 1221 1167 άπειροόδινον
1239 1085 1356 1165 ἔχιδναν
1370 1087 1405 1148 οἱ

254 1190 382 1249 παλαιοί.
417 1183 502 1248 ’Ἐστι
518 1184 574 1269 γάρ
596 1193 651 1267 τῆς
672 1183 810 1266 τοιαύτης
831 1181 978 1267 ἐχίδνηςὴ
994 1182 1085 1263 φύσις
1103 1183 1191 1267 όμοία
1214 1191 1268 1266 τῆς
1287 1182 1403 1249 τούτων

254 1291 427 1369 μοχθηρίας.
472 1285 531 1351 Διό
554 1285 608 1371 γάρ
626 1294 679 1368 τῆς
701 1284 836 1368 ἀνδρείας
853 1285 971 1367 φύσεως
987 1284 1008 1367 ἢ
1025 1292 1193 1370 γυναικείας
1209 1283 1263 1368 τήν
1282 1285 1402 1388 αἰσχρό-

252 1414 324 1470 τητα
342 1391 539 1463 ἐπιτελοῦντες
561 1388 671 1469 ταύτην
695 1386 911 1473 ἀπαγορεύουσι
932 1388 986 1469 τήν
1002 1394 1060 1451 τοῖν
1077 1387 1252 1472 σπερμάτων
1273 1391 1402 1469 καταβο-

252 1487 325 1571 λὴν,
347 1487 536 1568 άφανίζοντες
556 1489 608 1572 την
632 1493 665 1556 ἐκ
685 1497 760 1554 θεοῦ
784 1499 846 1565 τοῖς
867 1493 1000 1571 κτίσμασι
1023 1493 1184 1574 γενομένην
1199 1494 1400 1574 τεκνογονίαν,

254 1588 296 1665 σός
314 1588 398 1655 καλό
416 1589 578 1668 άπόστολός
593 1615 682 1673 φησι,
709 1591 770 1674 Τήν
793 1590 847 1677 γάρ
873 1589 1061 1673 άντιμισθίαν
1080 1591 1117 1672 ἣν
1134 1594 1194 1656 ἐδει
1214 1597 1267 1673 τῆς
1288 1589 1404 1673 πλάνης

255 1695 286 1758 ἐν
302 1694 417 1769 ἑαυτοῖς
432 1692 706 1776 α’πολαμβάνοντες,
728 1696 779 1759 καὶ
792 1692 828 1757 τά
846 1695 921 1776 ε’ξῆς.
969 1692 1054 1758 Οὕτω
1071 1693 1126 1778 γάρ
1144 1715 1218 1771 φασι
1238 1692 1293 1775 τὴν
1307 1691 1403 1758 Ἀπει-

254 1793 382 1877 ροόδινον
399 1797 515 1878 ἐχιδναν
532 1803 706 1877 θελχθεῖσαν
722 1803 764 1885 τῷ
779 1795 871 1860 πάθει
894 1802 947 1876 τῆς
971 1797 1133 1877 ἐπιθυμίας
1155 1792 1209 1878 τήν
1225 1820 1256 1858 τε
1276 1794 1404 1876 θήλειαν

255 1894 331 1980 πρός
346 1895 399 1961 τόν
414 1896 522 1982 άρρενα
540 1901 591 1962 καὶ
609 1895 660 1962 τόν
679 1895 786 1982 άρρενα
802 1895 878 1982 πρός
894 1895 948 1978 τὴν
964 1895 1089 1978 θήλειαν
1104 1899 1329 1982 περιπλακείσας
1349 1897 1403 1978 μέν

254 1994 332 2079 όμοῦ
351 1997 401 2062 διό
419 2006 471 2064 τοῦ
488 1998 632 2081 στόματος
650 1999 808 2082 χαινούσης
831 2007 883 2081 τῆς
900 2004 1022 2080 θηλείας
1044 1995 1096 2063 τόν
1116 1996 1223 2083 άρρενα
1239 1997 1294 2080 τὴν
1310 2023 1402 2079 κεφα·

129 2098 308 2182 ρις.1οο.λὴν
325 2099 497 2183 είςβάλλειν,
521 2104 631 2182 ἐκείνης
649 2103 680 2166 δέ
697 2100 791 2166 πάθει
813 2105 1003 2183 συσχεθείσης
1025 2097 1198 2181 άποτέμνειν
1219 2098 1274 2182 τήν
1293 2099 1403 2166 τούτου

255 2201 402 2284 κεφαλήν,
425 2204 476 2267 καλ
492 2201 588 2278 οὕτως
605 2201 658 2268 τόν
672 2201 731 2268 άπό
747 2211 800 2268 τοῦ
817 2202 961 2284 στόματος
977 2201 1155 2278 σταλάξαντα
1177 2199 1225 2266 ίόν
1241 2208 1403 2267 καταπιοῦ-

253 2326 309 2368 σαν
327 2307 358 2369 ἐν
378 2307 467 2394 ἑαυτῇ
482 2308 655 2390 ἐγκυμονεῖν
671 2306 723 2387 μέν
737 2312 853 2370 τοιοῦτο
873 2312 974 2388 ζεῦγος
991 2301 1193 2387 άρρενόθηλυ,
1215 2302 1288 2387 ὅπερ
1302 2310 1404 2387 ζεῦγος

258 2403 430 2491 1άδρυνθέν
447 2411 479 2473 ἐν
497 2416 533 2496 τῇ
548 2412 653 2495 κοιλίᾳ,
675 2408 726 2471 καί
741 2405 782 2488 μὴ
798 2409 863 2488 ἐχον
879 2405 976 2470 πόθεν
994 2413 1184 2490 γεννηθῆναι,
1205 2404 1259 2489 τὴν
1272 2404 1401 2485 πλευρόν

251 2516 305 2591 τῆς
320 2508 430 2594 μητρός
446 2507 629 2594 τιτρώσκειν,
652 2510 701 2573 καί
721 2507 816 2583 οὕτως
831 2515 1009 2592 γεννᾶσθαι,
1033 2506 1105 2582 όόςτε
1121 2505 1286 2573 άπολέσθαι
1301 2504 1352 2571 τόν
1368 2532 1400 2570 τε

251 2611 367 2676 τούτων
387 2614 497 2688 πατέρα
514 2612 566 2674 καλ
581 2610 635 2692 τήν
653 2615 771 2694 μητέρα.
814 2607 926 2694 Διόπερ
943 2607 1152 2694 ’Λπειροόδινον
1167 2607 1242 2699 αὐτῇ
1255 2610 1396 2673 ἐπέθεντο

253 2711 358 2794 όνομα,
380 2712 426 2777 ότι
441 2711 555 2776 ω’δίνων
573 2710 610 2777 ού
625 2719 768 2797 πειρᾶται.
804 2711 895 2792 Δεινὴ
911 2712 942 2775 δέ
959 2713 1007 2775 καί
1023 2710 1138 2795 φοβερά
1156 2708 1236 2797 παρά
1250 2708 1348 2774 πάντα
1361 2708 1399 2775 τά

254 2812 361 2890 ἑρπετά
385 2814 535 2898 τυγχάνει,
564 2816 596 2878 ἐν
620 2817 709 2904 ἑαυτῇ
731 2812 1003 2895 τόνῖάφανισμόν
1027 2814 1249 2898 ἐξεργαζομένη,
1276 2813 1326 2877 καί
1349 2810 1401 2877 διά

254 2912 400 2995 στόματος
414 2913 467 2997 τήν
484 2916 659 2998 αἰσχρότητα
674 2914 933 2998 άπολαμβάνουσα.
966 2907 1016 2980 ‘Hc
1033 2917 1129 2980 ἐοικεν
1143 2914 1219 2998 αὕτη
1234 2913 1255 2998 ἡ
1271 2921 1402 2999 1φρενο-

254 3014 367 3097 βλαβὴς
384 3019 494 3100 αἵρεσις
500 3069 509 3097 ,
530 3011 569 3100 ἧς
585 3017 640 3101 τὴν
655 3017 785 3101 κεφαλὴν
804 3020 854 3082 καί
871 3016 904 3082 τό
923 3023 1006 3099 σῶμα
1026 3020 1077 3081 καλ
1092 3015 1129 3082 τά
1149 3020 1180 3095 ἐξ
1196 3014 1289 3100 αύτῆς
1304 3042 1400 3103 γεγεν·

253 3120 365 3201 νημίνα
386 3121 518 3183 ἐνταῦθα
539 3124 751 3204 συντρίψαντες
767 3127 808 3208 τῷ
826 3119 902 3208 ξύλῳ
923 3127 976 3201 τῆς
995 3125 1071 3202 ζωῆς
1091 3118 1144 3195 τάς
1164 3121 1262 3203 δτέρας
1281 3124 1399 3184 διασκο-

252 3230 318 3286 πεῖν
335 3222 566 3306 4προέλθωμεν,
588 3221 662 3286 θεόν
679 3220 822 3307 ὅάροιγόν
838 3221 1078 3305 ἐπικαλούμενοι,
1101 3212 1125 3309 ρό
1142 3220 1212 3303 τιμή
1224 3223 1275 3285 καί
1291 3219 1401 3304 κράτος

253 3326 295 3400 είς
316 3327 428 3401 αίοῖνας
449 3322 579 3403 αίάνων,
603 3321 689 3407 άμήν.

525 3574 661 3643 ΚΑΤΑ
689 3572 1125 3657 ΚΑΡΠΟΚΡΑΣΙΩΝ,

503 3687 642 3787 ἑβδόμη,
683 3687 707 3781 ἡ
745 3691 806 3762 καὶ
843 3685 975 3780 εἰκοστὴ
1016 3686 1146 3783 ἑβδόμη.

341 3840 524 3922 Καρποκρῖις
543 3865 587 3914 τις
612 3839 708 3921 ἕτερος
727 3840 849 3922 γίνεται,
872 3833 1018 3918 συστήσας
1039 3836 1134 3924 ἐαυτῷ
1158 3831 1302 3916 άθίμιτον
1321 3835 1403 3896 διδα-

252 3939 373 4002 σκαλίαν
390 3945 443 4018 τῆς
459 3941 661 4023 ψευδωνύμου
677 3937 770 4004 αότοῦ
790 3937 922 4024 γνάμης,
943 3935 1078 4022 χειρόνας
1092 3935 1213 4003 πάντων
1229 3928 1316 4011 οὗτος
1331 3933 1403 4010 τούς

251 4038 382 4124 τρόπους
406 4044 589 4121 κεκτημένος,
631 4041 680 4106 Ἐκ
703 4041 823 4106 πάντων
846 4038 901 4125 γάρ
925 4040 1037 4105 τούτων
1054 4038 1193 4123 Σίμωνός
1213 4064 1243 4102 τε
1266 4040 1318 4103 καὶ
1335 4043 1400 4100 Με-

253 4140 395 4227 νάνδρου,
417 4147 595 4226 Σατορνίλου
612 4170 642 4208 τε
658 4146 710 4209 καί
727 4146 899 4208 Βασιλείδου
917 4144 968 4207 καί
985 4140 1150 4222 Νικολάου,
1171 4142 1221 4206 καί
1238 4136 1332 4203 αότοῦ
1347 4142 1402 4200 τοῦ

255 4248 437 4327 Καρποκρᾶ,
467 4243 507 4306 ἐτι
532 4246 563 4309 δέ
587 4248 619 4310 ἐκ
643 4244 821 4329 προφάσεως
845 4242 1057 4323 Ούαλεντίνου,
1087 4242 1108 4327 ἡ
1130 4251 1183 4326 τῆς
1200 4235 1402 4323 ψευδωνύμου

301 4382 360 4433 ειν.
376 4381 452 4432 XIX.
470 4409 503 4420 -
540 4385 561 4432 1.
577 4385 643 4433 Lsori
665 4387 747 4433 οαοαιλ
767 4377 809 4437 ἇι-
842 4387 953 4435 Petamus
961 4388 1125 4448 suspicabatur
1140 4375 1265 4447 ἅφριομόν
1273 4380 1310 4429 ντί
1324 4372 1403 4445 ἀφρο-

252 4448 372 4516 δρυνδέν,
398 4456 447 4500 tam
468 4453 548 4511 ιοτῖγίι·
571 4466 643 4513 quam
666 4454 730 4501 editi.
774 4454 809 4514 Cf.
843 4450 986 4518 δισιασμόν.

253 4521 316 4569 λοστ.
334 4517 383 4579 30,
400 4518 424 4570 7.
448 4517 497 4580 25,
516 4520 538 4570 ί.
561 4519 611 4581 56,
627 4518 652 4568 λ.
877 4520 903 4571 δ
923 4524 997 4584 Vulgo
1013 4536 1089 4587 φρονο
1153 4514 1195 4585 ¹⁸¹<-

287 4586 312 4637 2.
329 4579 442 4651 α’φιομδν
458 4588 509 4637 σοδ
523 4586 621 4649 Rhodio.
633 4591 654 4637 τί
667 4588 718 4636 ωδ.
732 4587 810 4635 Pais.
877 4584 902 4637 4.
919 4587 1081 4654 προέλθωμεν
1151 4621 1158 4634 ·
1181 4586 1280 4649 Mia-
1318 4596 1404 4649 wm-
