3046 5084
392 343 527 395 rnunuu
544 344 607 397 ure
620 346 640 396 ι.
655 346 737 399 rota
756 347 785 398 ιι
804 345 902 397 uaxu.
918 346 1007 396 xxx.
1211 334 1271 394 245

131 476 160 527 et
184 464 302 529 castitas
324 463 444 527 onnaioo
464 460 650 545 prohibetur,
672 462 795 546 idqnod
815 474 846 525 et
863 473 980 527 ceterae
1003 483 1105 528 omues
1129 463 1272 528 eiusmodi

131 566 269 629 haereses
286 572 439 648 usurpant.
471 560 549 625 Nam
568 561 638 625 olim
653 563 688 625 de
702 562 871 645 virginitate
887 563 1005 646 gloriari
1021 563 1164 644 solebant,
1188 567 1272 629 uiuri-

129 688 191 729 rum
209 666 246 729 ob
264 664 404 729 lacobum
421 665 539 725 tratrem
559 661 681 740 domini,
704 663 834 744 adeoque
850 663 940 725 libros
957 685 1026 726 suos
1043 665 1078 726 ad
1096 667 1228 729 seniores
1244 678 1274 730 at

129 768 258 851 virgines
282 765 457 828 inscribunt.
502 761 563 825 Sed
588 761 673 826 huius
696 761 831 825 lectionis
850 763 1002 825 exordium
1022 775 1086 847 post
1103 763 1274 850 Hierosoly-

128 870 255 931 mitanae
275 867 356 928 urbis
376 863 522 927 excidium
538 863 646 946 coepit.
690 861 757 946 Quo
774 874 903 947 tempora
918 858 1076 926 Christiani
1093 886 1194 928 omnes
1210 888 1274 929 cum

128 971 157 1031 in
174 968 290 1032 Peraea
306 966 466 1048 degerent,
489 975 575 1048 atque
591 962 621 1026 in
639 963 711 1028 urbe
724 962 807 1027 Pella
826 965 1019 1048 potissimum,
1043 986 1118 1049 quae
1135 966 1164 1028 in
1181 965 1276 1029 Deca-

128 1070 256 1152 politana
274 1066 424 1152 provincia
442 1075 498 1145 est,
523 1067 605 1129 cuius
623 1075 705 1128 extat
725 1065 754 1126 in
770 1067 924 1148 evaragelio
939 1067 1060 1144 mentio,
1084 1088 1174 1150 prope
1189 1064 1276 1130 Bata·

129 1188 231 1232 coaeum
251 1189 285 1231 ac
300 1166 515 1231 Basanitidema
539 1188 604 1230 oum
622 1166 692 1244 illio,
716 1167 845 1249 inquam,
870 1167 1044 1231 domicilium
1065 1168 1425 1247 collocassentmauuams.

130 1271 196 1332 ltine
212 1268 319 1332 llbioui
341 1269 406 1331 data
423 1278 468 1331 est
485 1267 663 1353 propagandi
684 1269 795 1331 erroris
814 1269 942 1331 occasio.
988 1266 1047 1351 Qui
1063 1269 1093 1332 in
1109 1291 1183 1354 pago
1199 1257 1354 1364 quo-22¹3}
1363 1259 1426 1353 ᾖξ’·

130 1373 194 1434 dam
213 1367 331 1434 Cocabe
347 1370 378 1433 iu
393 1369 512 1453 regione
529 1366 771 1448 Cnruaimorum,
798 1370 919 1433 Arnemi
936 1381 967 1432 et
982 1372 1218 1448 Astarotharum,
1244 1384 1274 1434 et

130 1470 305 1535 Basanitidis
319 1481 413 1534 tractu
427 1470 559 1534 babitare
572 1472 680 1556 coepit,
704 1472 943 1554 quemadmodum
959 1482 1044 1535 vetus
1060 1474 1096 1535 ad
1113 1495 1166 1536 nos
1184 1494 1274 1556 usqne

132 1577 204 1636 lama
221 1573 347 1657 pertulit.
384 1568 453 1634 lude
469 1573 557 1656 igitur
572 1572 689 1657 pessimi
707 1572 892 1656 praedicandi
908 1575 1050 1656 dogmatis
1067 1575 1178 1637 initium
1195 1595 1274 1638 sum-

130 1675 201 1758 psit,
232 1674 307 1737 unde
332 1685 362 1736 et
384 1673 489 1756 impios
509 1670 684 1736 Nazaraeos
709 1674 842 1756 coepisse
868 1675 1030 1738 docuimus.
1077 1676 1174 1739 Ambo
1196 1677 1272 1739 enim

127 1774 237 1837 collatis
252 1776 331 1838 inter
349 1795 382 1839 se
401 1774 543 1859 capitibus
560 1794 642 1836 suam
658 1774 732 1837 alter
747 1795 812 1836 cum
831 1775 923 1837 altero
939 1776 1149 1859 improbitatem
1169 1800 1204 1840 ac
1222 1799 1273 1840 ue·

125 1874 242 1958 quitiam
261 1875 500 1938 communicavit.
545 1874 644 1957 Atque
666 1874 720 1936 etsi
746 1876 955 1957 quadamtenus
978 1897 1046 1940 ase
1066 1889 1165 1941 mutuo
1188 1878 1272 1941 dissi-

125 1978 228 2057 deant,
252 1977 282 2039 in
306 1976 503 2060 excogitando
524 1986 620 2038 tanam
643 1974 816 2057 pravissimo
833 1977 965 2059 dogmate
988 1998 1055 2040 sese
1071 1979 1196 2041 invicem
1220 2000 1272 2042 ex-

126 2090 306 2161 presserunt.
353 2073 493 2141 Ceterum
513 2075 629 2138 memini
646 2095 691 2137 me
708 2075 774 2137 aliis
792 2076 930 2152 inducis,
953 2099 1017 2139 cum
1035 2080 1177 2141 adversus
1198 2081 1272 2143 alias

125 2177 264 2243 haereses
283 2179 510 2256 contenderem,
535 2178 571 2241 dc
588 2172 771 2240 Cocabonum
792 2177 851 2240 situ
869 2187 954 2260 atque
970 2179 1077 2242 Arabia
1095 2181 1270 2263 disputasse.

207 2380 357 2466 Principio
373 2381 462 2465 igitur
476 2379 591 2459 Rhion,
615 2391 647 2444 ut
661 2380 740 2460 dixi,
765 2376 913 2444 Christum
934 2383 1024 2445 eniri
1041 2383 1164 2460 semine,
1189 2383 1272 2446 nimi·
1293 2392 1351 2458 cip.
1369 2395 1410 2444 nt.

124 2504 188 2547 rum
207 2480 341 2566 losepbi,
371 2482 500 2566 genitum
523 2482 693 2545 affirmabat.
728 2480 840 2546 Verum
855 2482 1003 2566 aliquanto
1021 2484 1124 2547 abhinc
1143 2495 1273 2568 tempora

125 2585 153 2649 in
174 2585 346 2648 hodiernum
366 2606 458 2669 usque
478 2585 553 2647 diem
576 2584 625 2668 qni
647 2585 710 2648 eius
728 2604 859 2648 errorem
877 2587 969 2648 secuti
986 2598 1071 2664 saint,
1100 2585 1204 2649 animis
1222 2606 1272 2648 eo·

124 2709 187 2749 rum
206 2687 235 2750 io
252 2686 378 2750 absurda
394 2708 428 2749 ac
444 2687 582 2772 perplexa
600 2687 739 2771 quaedam
757 2687 902 2771 abreptis,
927 2688 974 2751 alil
993 2688 1080 2751 aliter
1096 2689 1132 2750 de
1153 2684 1272 2751 Christo

125 2789 325 2870 pronuntiant.
369 2788 415 2851 Ac
440 2787 582 2873 suspicari
609 2808 680 2851 sane
706 2789 775 2851 licet
798 2788 834 2851 ab
860 2810 896 2852 eo
922 2801 1051 2874 tempore
1080 2811 1192 2873 quase
1215 2789 1271 2852 illis

126 2888 260 2953 Elxaeus
281 2889 413 2953 adiunxit
440 2889 529 2953 lalsus
553 2890 666 2973 quidam
690 2891 849 2975 propheta,
882 2894 929 2975 qui
951 2895 1023 2976 apud
1041 2891 1219 2977 Sampsenns
1243 2905 1272 2955 et

127 2989 262 3056 Ossoous
279 3003 365 3075 atque
382 2989 558 3054 Eleossacos
586 2991 702 3069 extitit,
732 2991 767 3054 ab
792 2994 894 3056 eodem
918 2995 1036 3056 edoctos
1059 2995 1212 3057 confictum
1235 2996 1270 3056 de

126 3091 246 3157 Christo
269 3114 303 3156 ac
326 3093 429 3177 spiritu
451 3103 555 3155 saucto
579 3092 679 3156 nescio
705 3093 772 3177 quid
796 3094 912 3157 effutire
936 3096 1081 3180 coepisse.
1126 3094 1269 3158 Nonnulli

125 3195 201 3258 enim
218 3215 257 3257 ex
274 3194 310 3257 iis
324 3195 465 3257 Adamnm
484 3193 575 3256 luisse
591 3189 739 3256 Christum
754 3195 934 3278 praedicant,
957 3197 1035 3260 illum
1054 3198 1171 3280 inquam
1192 3196 1271 3257 Ada-

126 3319 215 3375 aarum,
241 3297 289 3381 qui
308 3297 416 3379 primns
432 3318 449 3358 a
465 3297 521 3357 deo
539 3297 681 3358 formatus
698 3296 826 3360 eiusdem
845 3309 891 3361 est
908 3297 1052 3362 animatus
1068 3299 1174 3361 afflatu.
1210 3296 1270 3359 Alii

125 3398 242 3460 ecoelo
260 3394 409 3461 Christum
427 3417 495 3459 esso
513 3398 705 3476 cantitentur,
729 3399 780 3460 sed
798 3410 866 3462 ante
882 3401 976 3462 omnia
992 3412 1138 3476 creatum,
1163 3419 1196 3459 ac
1214 3399 1272 3481 spi·

125 3500 211 3562 ritum
236 3520 303 3562 esse
328 3500 488 3583 quondam,
518 3498 688 3582 angelisque
714 3512 882 3585 praestare,
911 3512 997 3584 atque
1023 3498 1152 3562 omnium
1175 3519 1270 3562 reram

127 3600 302 3664 dominatum
323 3612 442 3678 tenere,
467 3600 606 3684 appellari
623 3621 710 3684 porro
727 3598 889 3666 Christum.
935 3599 994 3682 Qui
1017 3622 1081 3662 cum
1105 3611 1270 3684 perpetuam

125 3701 184 3765 illic
206 3701 413 3765 habitationem
438 3705 560 3766 sortitus
580 3701 635 3780 sit,
658 3704 772 3787 quoties
795 3703 913 3767 libuerit
930 3704 959 3766 in
982 3702 1053 3765 haec
1073 3701 1171 3764 intima
1193 3704 1270 3766 dola-

123 3803 217 3882 bitur,
247 3805 487 3887 qucrnadmodum
513 3804 544 3867 in
565 3803 678 3868 ddamo
702 3805 870 3882 descendit,
900 3816 930 3868 et
953 3804 1125 3886 patriarchis
1147 3827 1270 3891 corpore

125 3904 319 3969 circumtusus
334 3905 482 3990 apparuit,
506 3906 586 3969 velut
601 3927 666 3969 cnut
683 3907 720 3969 ab
735 3906 946 3983 Abrahamum,
970 3903 1119 3986 lsaacum,
1143 3919 1174 3971 et
1191 3906 1271 3970 laco-

124 4007 190 4070 bum
214 4007 297 4070 adiit.
341 4003 422 4068 ldem
445 4005 569 4092 denique
592 4007 747 4092 postremis
765 4006 942 4091 temporibus
960 4008 1056 4086 veuit,
1080 4009 1185 4073 Adumi
1206 4031 1271 4072 cor-

125 4130 196 4193 pore
217 4119 387 4186 contectus,
412 4120 441 4171 et
461 4108 546 4173 homo
564 4108 646 4172 visus
668 4120 730 4186 cst,
755 4109 784 4170 in
804 4129 919 4172 crucem
940 4110 1068 4175 sublatus
1092 4114 1269 4189 resurrexit,

124 4221 155 4274 et
169 4212 302 4275 ascendit
317 4211 347 4274 io
366 4212 491 4274 coelum.
536 4209 653 4274 Rursus
671 4210 718 4272 ubi
737 4210 854 4273 libuerit
869 4213 909 4275 ita
926 4234 993 4277 sese
1010 4235 1070 4277 rem
1091 4215 1198 4278 habere
1219 4236 1269 4277 ne-

125 4413 287 4466 llelceasaoou
303 4414 444 4483 appellatos
452 4449 460 4474 ,
477 4413 547 4465 velut
560 4413 604 4464 illo
618 4412 684 4465 ima·
717 4432 790 4477 „cum
804 4415 845 4466 ille
858 4415 999 4484 figmentum
1014 4416 1140 4486 quoddam
1153 4437 1182 4469 ac
1195 4435 1272 4485 nugas

124 4480 278 4546 ginatiouem
294 4483 419 4550 quandam
438 4482 470 4532 do
489 4481 588 4533 Christo
606 4492 632 4532 et
651 4483 683 4533 de
716 4484 802 4534 nescio
826 4502 885 4551 quas
906 4486 939 4536 de
957 4487 1056 4537 Christo
1079 4495 1105 4536 et
1129 4486 1161 4537 do
1184 4498 1272 4537 sancto

124 4558 213 4601 sonmo
228 4550 322 4620 Spiritu
336 4560 475 4603 recensent.
503 4553 612 4604 Verterlm
627 4567 684 4616 epo:
716 4551 804 4621 spiritu
821 4561 931 4605 narret.“
