3046 5084
300 351 436 403 rautnu
454 352 517 404 nan.
529 353 549 402 1.
566 352 646 404 rou.
659 352 704 403 tu.
720 352 819 404 naua.
833 353 957 405 xxxiv.
1142 340 1204 404 435

50 494 132 534 suurn
148 483 315 552 eapeetanr,
340 482 374 532 at
387 483 418 532 et
433 483 463 532 tu
477 475 510 533 id
526 477 615 553 parra
631 477 672 533 sis
689 476 765 552 qaod
781 494 833 552 ego
848 494 925 545 rtem,
949 484 1047 552 elego
1063 477 1115 533 rim
1133 477 1208 553 quod

52 587 84 636 tu
104 597 145 635 er.
191 578 259 654 Age
277 576 348 635 luere
365 577 471 634 semum
490 579 520 634 in
538 576 660 635 thalamo
678 585 726 634 tuo
743 577 859 635 colloca.
907 578 1014 654 Accipe
1031 595 1049 635 a
1066 597 1108 634 rue
1123 596 1206 654 spon·

50 698 112 738 mm
120 722 129 751 ,
154 697 269 756 eumque
283 698 351 756 cape
366 687 396 736 et
406 677 443 736 ad
457 698 488 737 eo
504 697 613 756 capere.
660 679 735 737 ane
748 680 892 737 descendit
905 681 934 736 in
950 687 977 736 te
989 681 1104 754 patra.-
1128 682 1210 757 uperi

51 800 85 840 oe
101 790 195 852 mura,
220 790 250 839 et
265 783 429 839 vaticinare.
477 777 523 840 Ad
543 777 614 840 daec
632 778 827 862 respondente
846 777 967 855 lomina,
991 781 1141 858 Nunquam
1158 800 1206 840 ou-

53 884 171 943 tieiunta
186 902 262 954 sum,
287 902 376 961 aeque
392 884 630 954 outreruarr‘reio,
655 879 704 943 ille
720 891 817 943 certas
835 880 1036 942 invocationes
1053 882 1206 964 proferens

51 1003 169 1046 mesum
187 992 219 1044 ut
233 982 413 1046 stolidaeitti
431 993 580 1067 stuporem
597 981 724 1058 inliciat,
747 987 855 1062 Aperi,
881 981 990 1065 inquit,
1015 1004 1045 1042 os
1063 994 1155 1057 taum,
1180 994 1208 1043 et

52 1089 189 1167 quiequid
202 1087 324 1146 uolueris
340 1087 463 1166 querere,
488 1096 518 1146 et
529 1086 737 1146 conuiuatus.
782 1081 833 1146 llla
850 1083 1012 1146 istiusmodi
1029 1085 1126 1148 iullata
1143 1105 1208 1148 ver-

52 1187 99 1250 bis
115 1187 249 1269 elataque
264 1207 299 1248 ne
317 1185 476 1270 prophetici
494 1186 571 1250 illius
586 1185 697 1249 afflatus
714 1186 920 1270 expectatione
936 1185 1125 1266 irrllaurmata,
1149 1187 1209 1271 pal-

53 1288 164 1374 pitante
179 1289 243 1373 plus
259 1288 345 1351 solito
362 1299 492 1373 pectore,
511 1309 603 1371 nugas
618 1287 756 1372 quasdem
770 1287 885 1350 effutire
900 1309 934 1350 ae
948 1288 1081 1372 quicquid
1097 1289 1125 1350 iu
1141 1288 1209 1351 birc-

53 1410 118 1455 cam
142 1389 258 1454 venerit
276 1390 427 1453 effundere
449 1412 507 1454 non
527 1390 654 1469 dubitat,
687 1411 745 1452 nou
765 1390 861 1453 minus
883 1410 959 1452 vane
979 1411 1064 1474 quam
1084 1400 1207 1468 temere,

52 1502 156 1578 utpote
177 1491 255 1556 inani
272 1491 376 1576 spiritu
395 1493 549 1556 calefacta.
593 1489 690 1570 Nam,
723 1493 885 1575 etquidem
908 1491 993 1554 nobis
1016 1492 1106 1555 multo
1125 1512 1209 1577 prae-

53 1593 181 1658 stantior
197 1594 232 1656 de
249 1593 411 1658 hominibus
429 1594 571 1658 eiusmodi
587 1595 679 1671 dixit,
704 1594 802 1657 andex
820 1604 850 1657 et
866 1593 1017 1676 impudens
1035 1603 1080 1657 est
1096 1593 1209 1658 animus

53 1695 136 1761 inani
160 1703 229 1759 aere
252 1696 422 1759 calefactus.
468 1693 517 1759 Ex
538 1695 589 1759 illo
613 1695 750 1779 deinceps
773 1705 903 1780 tempore
928 1706 1023 1758 vatem
1049 1717 1081 1760 se
1106 1697 1210 1758 mulier

55 1797 224 1877 existimat,
248 1807 280 1861 et
292 1794 413 1874 Marco,
439 1797 486 1880 qui
504 1797 606 1860 desua
622 1796 652 1858 iu
668 1796 760 1881 ipsam
775 1798 883 1860 virtute
902 1798 1074 1875 trausludit‚
1099 1798 1209 1881 gratias

54 1899 134 1985 egit,
164 1900 261 1984 itaque
278 1901 391 1962 reterre
410 1898 524 1976 studet,
557 1908 587 1960 ut
605 1919 662 1960 uon
683 1900 814 1962 fortunas
833 1900 918 1961 modo
938 1919 1007 1961 suas
1026 1898 1053 1961 ei
1071 1899 1210 1983 largiatur

55 2002 147 2086 (uude
163 2002 351 2086 pecuniarum
369 1999 517 2086 ingentem
534 2001 582 2063 ille
601 2002 659 2064 vim
677 2000 826 2083 collegit),
851 2021 952 2063 verum
972 2002 1059 2063 etiam
1078 2001 1210 2086 eorporis

54 2104 103 2170 sui
117 2113 291 2190 potestatem
307 2103 405 2182 iaciat,
429 2123 494 2165 eum
511 2122 603 2186 eoque
620 2102 734 2187 penitus
750 2101 880 2186 copulari
896 2101 1004 2187 cupiat,
1030 2114 1061 2165 ut
1076 2104 1104 2165 in
1123 2124 1209 2166 unum

54 2205 200 2290 cumipse
216 2205 383 2269 coalescere
399 2205 503 2290 possit.
542 2201 602 2268 Sed
621 2203 726 2267 accidit
742 2204 898 2282 interdum,
924 2204 1079 2268 nonnullae
1097 2217 1128 2267 ut
1141 2205 1211 2267 lide-

53 2308 147 2374 liores
163 2307 288 2370 feminae
303 2329 338 2371 ac
355 2306 459 2370 timore
475 2306 520 2369 dei
538 2306 698 2389 praeditae,
723 2325 777 2369 nec
794 2306 831 2369 ab
848 2306 897 2368 illo
914 2307 1069 2391 deceptae,
1095 2306 1210 2369 tametsi

54 2410 177 2496 perinde
198 2430 248 2473 eas
270 2419 302 2472 ut
323 2409 450 2493 reliquas
475 2409 503 2470 in
529 2408 658 2472 fraudem
681 2417 808 2471 tentaret
830 2409 980 2493 impellere
1003 2430 1037 2471 ae
1056 2407 1210 2471 vaticinari

53 2512 212 2590 iussisset,
245 2509 321 2574 huno
339 2511 432 2595 ipsum
450 2508 635 2573 nihilominus
653 2520 879 2594 respuerentur
897 2511 1131 2587 detestarentur,
1163 2530 1211 2573 se·

55 2635 114 2700 que
129 2615 166 2678 ab
180 2613 230 2676 illo
247 2624 334 2676 coetu
348 2624 553 2696 segregarent,
577 2611 652 2675 haud
668 2613 787 2694 ignarae
804 2612 870 2695 quin
888 2613 1076 2696 prophetandi
1092 2612 1137 2676 vis
1153 2634 1210 2675 non

56 2713 194 2781 eMareo
212 2715 360 2778 derivaret
373 2716 402 2777 iu
422 2715 572 2793 lrorniues,
602 2717 653 2777 sed
671 2715 707 2776 iis
727 2715 840 2798 potius,
873 2715 976 2797 quibus
994 2714 1132 2778 divinitus
1150 2737 1213 2779 mu·

57 2839 116 2882 nus
132 2817 201 2881 illud
218 2827 298 2880 essct
315 2816 460 2893 oblatum,
484 2816 624 2901 singulari
642 2816 764 2900 quodam
782 2816 922 2879 beuellcio
938 2819 1140 2901 contingeret,
1164 2818 1211 2902 qui

56 2941 119 2984 uun
134 2918 307 3002 simulatque
321 2916 443 2982 Marcus
457 2919 643 3003 imperasset,
667 2919 718 2980 sed
733 2919 907 3002 ubicumque
922 2940 957 2981 ec
973 2921 1212 3004 quandocumque

57 3022 132 3086 deus
149 3022 254 3099 vellet,
278 3021 480 3104 loquerentur.
525 3018 601 3083 Nam
621 3020 696 3105 quod
716 3021 799 3084 alteri
819 3021 898 3084 iubet
918 3022 1042 3105 aliquid,
1066 3023 1093 3085 id
1112 3044 1148 3086 eo
1166 3021 1213 3085 eui

57 3123 177 3189 iubetur
191 3123 284 3187 maius
303 3134 348 3186 est
364 3144 400 3185 ao
415 3124 629 3209 praestantius,
653 3123 789 3206 quoniam
804 3122 872 3185 illud
892 3123 1073 3208 primarium,
1098 3125 1153 3187 hoe
1169 3124 1214 3186 in·

58 3227 150 3291 ierius
166 3236 256 3290 estet
271 3225 445 3316 srahigetum.
492 3222 585 3308 lgitur
600 3224 626 3288 si
640 3222 761 3288 Marcus
778 3226 916 3309 imperat,
940 3226 1053 3290 aliusve
1071 3227 1146 3309 quis,
1172 3227 1211 3288 uti

58 3349 124 3393 roos
147 3338 194 3391 est
216 3328 244 3390 in
263 3326 407 3391 conviviis
429 3328 533 3390 sortitu
556 3348 591 3390 ac
614 3347 666 3412 per
685 3328 780 3390 ludum
802 3328 899 3390 lacere
919 3348 1009 3412 seque
1029 3328 1152 3391 invicem
1176 3329 1212 3390 ad

59 3429 247 3495 divinandum
263 3451 297 3492 ae
314 3429 368 3492 sibi
384 3429 437 3514 ipsi
453 3429 682 3506 vaticinantium,
707 3440 894 3513 utquomque
910 3429 999 3492 libido
1016 3432 1088 3509 lert,
1111 3428 1213 3513 impel-

57 3533 140 3611 lere,
164 3530 222 3595 erit
236 3532 261 3594 is
279 3531 326 3616 qui
342 3530 423 3594 iubet
440 3532 525 3595 homo
543 3531 711 3617 prophetico
729 3531 833 3616 spiritu
851 3532 946 3616 potior
961 3543 990 3594 et
1004 3532 1209 3612 excellentior,

58 3635 135 3720 quod
152 3633 214 3698 lieri
232 3636 350 3697 omniuo
369 3655 427 3697 nun
442 3645 549 3719 potest.
596 3631 793 3717 Quamobrem
812 3634 932 3718 spiritus
947 3634 1007 3711 isti,
1033 3633 1079 3716 qui
1096 3633 1210 3697 illorum

57 3738 142 3802 iussu
158 3736 294 3799 concitati
316 3736 429 3820 quoties
448 3736 642 3822 iisdeniqsis
661 3736 778 3800 libuerit
795 3736 968 3819 loquuntur,
1002 3735 1082 3798 nihili
1099 3745 1168 3798 sunt
1183 3745 1214 3800 et

58 3838 237 3915 imbecilles,
270 3838 337 3901 licet
355 3839 503 3903 temerarii
519 3839 757 3924 impudentesque
778 3838 837 3902 siut
854 3847 939 3920 atque
957 3858 974 3900 a
990 3849 1090 3902 satana
1109 3838 1144 3902 ad
1161 3858 1213 3902 eos

58 3939 333 4006 circumveniendos
350 3941 572 4025 perdendosquc
589 3941 682 4020 missi,
707 3942 755 4025 qui
772 3961 829 4003 nou
846 3950 1017 4003 constanter
1034 3941 1117 4004 fidem
1134 3940 1211 4004 illam

57 4041 236 4108 retinuerint
257 4063 340 4126 qnam
364 4040 448 4106 initio
470 4055 674 4129 susceperuut.

95 4178 135 4231 13.
151 4181 188 4231 lta
200 4181 350 4230 manutiori
384 4181 432 4230 Sed
448 4181 494 4229 Vct
508 4182 622 4241 interpres
655 4180 711 4229 tudo
733 4184 832 4229 ceterum
854 4182 899 4230 isto
924 4181 980 4230 utet
1001 4181 1132 4230 Gotekerars
1155 4181 1212 4230 rou.

58 4251 127 4300 nocet
136 4247 256 4314 quaedam
267 4265 297 4296 ex
306 4245 454 4296 fidelissimis
464 4246 621 4306 mulieribus3
656 4250 738 4299 Ouonu
751 4249 793 4308 tt,
806 4247 830 4298 7.
854 4249 1134 4310 acimaetensem.
1159 4251 1213 4299 Tua.

57 4318 121 4367 unde
137 4331 184 4367 uon
198 4316 320 4378 defuerunt
334 4319 375 4379 qut
390 4313 541 4380 auctorique
555 4329 622 4379 repe·
655 4317 739 4365 tanat.
754 4317 773 4377 1,
795 4315 831 4367 13.
866 4318 901 4378 Cf.
916 4320 986 4366 etiam
999 4320 1106 4378 inarprr.
1121 4318 1153 4366 ad
1167 4319 1214 4367 lre·

56 4385 162 4436 neam
178 4396 226 4434 erre
240 4389 373 4434 astunent.
653 4397 747 4433 uncum.
783 4384 857 4433 Verba
872 4379 909 4444 uie
926 4382 1045 4436 εἰώθασιν
1056 4412 1084 4421 -
1099 4411 1130 4422 -
1141 4381 1214 4450 ique·

95 4450 135 4503 tt.
152 4453 196 4504 τοῦ
211 4449 313 4516 κλήρου.
331 4453 434 4514 inulteqe
449 4449 568 4518 παίγνιον,
584 4453 621 4501 uel
654 4446 773 4503 deiectat
791 4465 834 4512 per
848 4455 994 4514 parenthesin
1015 4466 1062 4502 erae
1083 4453 1146 4501 dicta
1164 4456 1214 4516 prt-

58 4523 135 4573 simr'le
152 4520 217 4582 quid.
251 4518 289 4588 τῷ
306 4515 393 4586 κλήρῳ
412 4522 501 4570 uotedat
519 4519 621 4569 uautc-
652 4534 717 4568 mum
734 4521 865 4569 Gatalcuns
879 4523 945 4570 uidit.
971 4523 1032 4570 Hinc
1045 4523 1214 4584 Latinasque·

58 4602 102 4639 rue
123 4588 185 4639 edu.
201 4587 298 4638 nuent
313 4589 392 4639 Portu
406 4590 552 4651 pedm·
586 4587 620 4637 De
652 4600 696 4650 que
712 4588 801 4639 irenaei
817 4588 931 4650 Interpres
946 4589 1103 4651 corrigendas.

938 4672 1009 4739 28*
