3046 5084
379 342 1000 397 rinnaunta1.rou.u.asnn.xxxr.
1208 331 1270 397 aas

116 474 199 530 ratae
219 463 299 549 prius
315 473 423 548 gentes
443 462 566 528 initiens
584 482 650 527 eum
666 464 777 527 sorotis
791 464 838 529 ius
856 464 1026 529 hereditatis
1044 486 1079 529 ac
1096 464 1187 531 veluti
1205 485 1270 529 cor-

118 587 172 651 pus
188 575 220 631 et
236 566 407 633 societatem
427 585 444 626 a
464 565 520 627 den
534 564 648 629 luerint
666 564 795 629 ardue:
826 565 876 648 qui
896 565 959 629 lieri
978 567 1071 650 possit
1090 578 1120 630 ut
1140 567 1270 631 moualis

117 667 175 733 ista
190 668 346 733 caruncula
362 666 628 745 immortalitatem,
653 677 683 730 ct
699 665 885 751 corruptibile
898 666 954 730 hoc
966 668 1212 752 incorruptionem
1226 667 1270 730 iu·
1286 685 1302 726 t.
1311 681 1416 777 ,⁰5⁰¹{¹,¹¹¹¹·

116 771 203 848 duel,
235 780 286 834 aul
303 769 544 854 quemadmodum
563 768 694 833 dicturus
712 769 768 847 sil,
798 773 863 831 Nou
875 773 999 851 populus
1009 773 1131 851 populus
1147 775 1218 844 erit,
1242 781 1271 832 ct
1283 766 1367 855 (Μὴ,
1378 766 1411 845 33,

117 895 173 935 auu
193 877 298 935 dilectu
318 875 438 945 dilectu,
469 871 615 955 quomodo
633 875 734 933 Plures
751 876 894 945 desertae,
927 894 1009 952 prtum
1031 878 1121 933 astrum
1143 873 1270 934 habentui
1284 870 1424 982 ’ἑοῖ-ἔρξ’

116 981 176 1039 sciet
188 978 262 1056 filai'.
308 971 388 1037 Nam
410 975 446 1037 de
469 973 514 1037 his
535 993 570 1037 ac
592 973 735 1037 similibus
753 974 899 1037 exclamat
915 974 1081 1058 apostolus:
1113 977 1272 1036 Oultitudo
1282 951 1424 1059 dimi,

116 1082 278 1140 diua‘lrhrum
295 1098 329 1138 uc
344 1081 507 1156 supieuahe,
531 1088 561 1138 et
571 1080 706 1138 screatum
718 1081 783 1138 ded!
803 1097 885 1157 quum
900 1078 1191 1157 aucomprelteusa'ba'liu
1206 1089 1272 1138 suat
1281 1075 1346 1119 ΗΜ·
1356 1073 1425 1128 ΙΨ·

119 1183 225 1241 iudtcait
246 1183 322 1253 eius,
351 1190 381 1240 et
401 1180 609 1259 mmtrkabr'ler
630 1183 692 1241 uite
712 1184 793 1241 caus!
836 1175 905 1242 Nou
932 1180 960 1241 id
983 1189 1079 1243 aulem
1101 1190 1209 1262 agunt,
1243 1190 1273 1241 ul

119 1301 208 1364 supra
223 1275 396 1344 Crcalomm
411 1301 446 1345 ac
461 1276 651 1345 Conditorem
667 1281 769 1345 borum
781 1279 909 1344 Matrem
926 1302 959 1345 ac
973 1280 1039 1365 vagi
1051 1279 1165 1344 Aeonis
1182 1277 1272 1364 Cogi·

120 1383 259 1446 tationem
282 1382 356 1446 mele
378 1382 651 1461 comminiscantur,
687 1404 722 1446 nc
744 1393 802 1447 tam
825 1384 969 1468 insignem
992 1387 1047 1445 tlco
1067 1382 1270 1446 contumeliam

119 1484 239 1564 iaciant,
263 1506 357 1569 neque
373 1496 404 1549 nt
415 1483 552 1549 Pleroma
567 1486 667 1549 nescio
681 1486 757 1570 quod
771 1486 819 1550 illa
837 1486 971 1572 superius
988 1486 1073 1549 modo
1087 1482 1185 1548 XXX
1200 1485 1271 1547 dnn·

119 1596 202 1650 tuat
225 1586 376 1651 Aeouihus
398 1588 552 1665 deliniant,
587 1589 673 1651 modo
696 1588 834 1652 iuliuilam
860 1589 974 1653 illorum
995 1588 1142 1652 nationem
1163 1588 1271 1651 consti·

118 1700 218 1769 tuaut,
252 1700 284 1755 al
305 1691 416 1775 egregii
439 1690 479 1754 illi
502 1689 633 1774 magistri
657 1711 691 1753 ac
712 1690 809 1754 diviua
834 1692 918 1775 plane
938 1692 1061 1755 scientia
1079 1691 1208 1754 destituti
1229 1692 1269 1753 ln·

118 1791 215 1871 ciunt,
245 1814 311 1855 cum
329 1815 387 1857 una
405 1794 565 1876 cadentque
582 1790 638 1868 sit,
663 1802 694 1855 nt
711 1792 855 1872 diximus,
880 1804 942 1857 toto
959 1794 1030 1857 orbe
1047 1814 1204 1876 germanae
1223 1814 1271 1857 ec-

120 1893 229 1958 clesiae
250 1894 335 1958 lidos.

200 1998 267 2081 Age
289 2018 363 2061 vero
386 1997 536 2062 videamus
555 1996 641 2061 modo
659 2008 766 2080 quanta
784 1998 823 2059 sit
841 1997 962 2061 duorum
981 1997 1028 2061 vel
1047 1997 1133 2061 trium
1150 1998 1271 2060 istorum
1321 2009 1380 2072 cap.

117 2098 331 2176 inconstantia,
361 2109 449 2184 atque
465 2099 502 2163 de
517 2098 618 2162 iisdem
637 2120 695 2162 nou
712 2100 814 2163 eadem
831 2100 1041 2183 pronuncient,
1070 2100 1121 2163 sed
1139 2109 1169 2162 et
1185 2098 1273 2162 rebus
1286 2075 1409 2130 xxxw'

118 2200 191 2286 ipsis
207 2211 239 2265 et
255 2201 407 2266 vocabulis
426 2222 491 2265 asc
506 2200 632 2266 invicem
650 2200 837 2264 dissentient.
883 2199 1000 2264 Etenim
1017 2201 1065 2285 qui
1081 2223 1097 2263 a
1116 2199 1273 2265 Gnostico-

119 2325 184 2367 rum
198 2303 313 2368 haeresi
326 2304 495 2388 deprompta
510 2303 651 2388 quaedam
665 2301 749 2367 inilia
762 2304 870 2388 primus
884 2302 1038 2388 peculiaris
1050 2305 1085 2366 ad
1099 2314 1198 2367 sectae
1214 2304 1272 2366 lor-

118 2427 195 2471 mam
212 2406 379 2485 transtulit,
410 2403 587 2470 Valentinus
602 2405 643 2470 ita
660 2405 788 2469 definiits
819 2403 968 2469 Binarium
986 2407 1127 2490 quendam
1142 2405 1207 2469 siue
1221 2427 1273 2469 no

108 2508 197 2579 ,mine
214 2508 378 2588 constituit,
402 2528 443 2572 ex
458 2505 589 2571 Arrheto
603 2518 634 2573 ct
649 2504 721 2592 Siga
738 2519 934 2572 cuttstnntem.
980 2509 1027 2572 Ab
1044 2509 1098 2572 boc
1114 2508 1272 2571 secundum

118 2621 309 2697 propagatum
324 2631 392 2674 esse
409 2607 578 2688 Binariuns,
602 2631 660 2694 quo
676 2607 768 2675 Pater
782 2631 816 2674 ac
834 2609 953 2675 Veritas
972 2611 1148 2675 continetur.
1196 2608 1273 2674 Tum

118 2734 160 2781 cx
179 2710 379 2796 Quaternario
402 2709 532 2776 Verbum
557 2722 588 2776 et
611 2711 727 2790 Vitam,
759 2712 932 2792 Hominem,
965 2712 1187 2798 Ecclesiemquc
1207 2733 1273 2798 pro-

118 2815 226 2895 diisse3
250 2814 324 2879 bano
340 2836 407 2880 esse
424 2815 545 2899 puniam
560 2812 743 2900 Ogdoadem.
783 2812 855 2879 lude
869 2837 906 2880 ea
924 2815 1024 2880 Verbo
1039 2838 1073 2880 ac
1091 2814 1159 2879 Vita
1173 2816 1273 2881 decenn

118 2916 297 3004 profluxisse
315 2914 467 2995 Virtutes,
498 2939 572 3001 quas
589 2928 675 2981 autea
694 2918 863 2983 retulimusc
896 2919 931 2983 ab
949 2917 1075 2982 flumine
1093 2930 1122 2981 et
1139 2916 1274 2984 Ecclesia
1350 2962 1356 2978 .

119 3019 291 3098 duodecim,
322 3041 340 3083 a
370 3020 475 3104 quibus
505 3042 564 3083 una
592 3019 731 3083 delicians
754 3021 943 3107 ordinemque
969 3022 1110 3086 deserens
1133 3023 1273 3106 reliquum

120 3142 206 3186 omne
228 3143 301 3208 opus
322 3121 461 3186 absolvit.
506 3122 625 3186 Adiecit
646 3133 676 3186 et
695 3121 792 3186 florus
816 3124 905 3202 duna,
937 3124 1059 3188 alterum
1076 3124 1124 3210 qui
1145 3123 1274 3210 Rythum

122 3225 200 3289 inter
220 3246 255 3289 ac
273 3222 411 3288 Pleroma
428 3225 570 3309 reliquunt
588 3224 744 3288 intercedit
765 3235 795 3289 ct
811 3226 927 3309 genitos
945 3227 1065 3290 Aeonas
1087 3228 1122 3290 ab
1141 3226 1274 3311 ingenito

121 3324 209 3391 Patre
232 3326 359 3406 dirimit,
393 3326 517 3391 alterum
542 3327 591 3411 qui
614 3323 740 3391 Matrem
766 3327 881 3392 illorum
906 3352 923 3393 a
944 3327 1110 3394 Pleromate
1132 3328 1272 3393 secernit.

121 3426 271 3495 Christum
290 3451 379 3515 porro
397 3452 456 3494 nno
473 3451 490 3493 a
508 3427 684 3495 Pleromatis
704 3430 855 3495 Aeonibus
876 3433 1001 3510 editum,
1034 3432 1085 3495 sed
1105 3432 1141 3494 ab
1160 3432 1274 3496 extorri

120 3530 220 3598 Matre
249 3552 287 3597 ex
309 3533 462 3597 meliorum
486 3533 689 3597 recordatione
714 3555 778 3597 oum
803 3534 925 3617 quadam
951 3534 1053 3596 umbra
1077 3544 1270 3618 procreatum.

120 3632 325 3720 Eandemque,
349 3648 508 3700 comesset
523 3635 681 3714 masculus,
705 3635 817 3699 abiecta
834 3647 957 3699 assonet
972 3636 1072 3699 umbra
1089 3638 1124 3700 ad
1139 3634 1273 3701 Pleroma

120 3737 303 3818 recurrisse,
331 3736 459 3805 Matrem
478 3759 550 3804 vcro
567 3760 631 3803 cunt
649 3739 750 3803 umbra
767 3740 897 3804 relictam
918 3759 953 3802 ac
970 3739 1093 3824 spiritali
1111 3739 1273 3804 substantia

121 3841 296 3907 exhaustam
319 3841 407 3905 alium
430 3861 603 3925 procreasse
629 3841 737 3922 hlium,
771 3841 908 3906 videlicet
931 3837 1140 3923 Conditorem,
1174 3843 1220 3907 cui
1244 3844 1273 3907 in

119 4034 203 4097 reliqui
215 4034 277 4083 libri.
310 4025 428 4099 circula
444 4031 458 4082 λ
472 4028 521 4099 (uel
535 4027 680 4097 τριάκοντα)
713 4045 781 4094 rom,
805 4034 831 4081 iu
845 4045 890 4094 quo
908 4032 990 4096 lepitur
1004 4029 1179 4101 ἐξηφὲρησει,
1201 4049 1274 4098 quum

119 4102 241 4152 emendnrt
255 4101 378 4151 adnuunt
393 4098 478 4149 hnuto
494 4100 615 4161 numme,
632 4100 680 4149 att·
714 4100 836 4160 amputem
860 4094 1054 4166 ἐξηριφὸρησει.
1093 4104 1139 4153 Vct.
1160 4104 1274 4165 tuumm

119 4171 181 4234 tiu,
197 4170 308 4220 cnunc.
714 4168 782 4217 tutet
804 4166 854 4228 Qui
869 4166 935 4217 enim
952 4178 991 4218 est
1008 4169 1099 4235 primus
1116 4171 1147 4222 ab
1164 4187 1193 4221 ea
1211 4187 1274 4239 quae

158 4239 196 4289 ttt.
212 4231 298 4303 πάσης
312 4237 458 4287 &sumetur
474 4238 500 4284 iu
516 4237 566 4285 coel.
583 4237 637 4285 Vsu.
715 4232 806 4285 dieitur
824 4235 944 4286 Gnostica
962 4236 1084 4301 haeresis,
1112 4238 1224 4307 antiquas
1247 4241 1272 4290 in

158 4305 215 4356 Cas.
225 4305 347 4355 xxxtv.
357 4332 390 4343 -
405 4306 427 4355 1.
441 4297 563 4369 ὀνόμασιν
574 4300 681 4362 καὶτοῖς
714 4318 784 4353 snum
799 4303 967 4356 characterem
981 4304 1106 4358 doctrinas
1121 4308 1272 4360 transferens

119 4371 404 4443 maismacensem
437 4373 544 4423 Easdem
559 4374 681 4423 outonem
715 4370 859 4422 Valentinus
872 4372 1045 4425 siodeliuivit:
1062 4374 1206 4428 dualitatem
1220 4383 1271 4429 cett.

121 4447 227 4497 aalma
242 4447 300 4493 m
318 4443 364 4494 Vct.
377 4443 499 4505 luterum.
746 4441 771 4493 3.
789 4436 873 4495 udonis
896 4441 947 4494 oo'd
964 4444 1019 4493 Vm.
1043 4446 1132 4507 faciens
1151 4461 1203 4497 cum
1224 4449 1271 4498 Vct.

153 4512 179 4565 2.
196 4506 344 4580 ἐξαφόρισιι
357 4513 448 4562 mahta
461 4523 512 4561 mco
524 4510 628 4573 pelean
643 4523 679 4560 se·
711 4511 842 4572 lustrante.
878 4512 952 4575 Vutpo
968 4517 1033 4562 catut
1049 4507 1128 4583 αὐτῷ.

121 4584 330 4642 culmcornmtam
339 4582 417 4642 mepte
430 4579 481 4631 cod.
493 4578 568 4628 chel.
580 4580 678 4640 scriptu·
747 4574 770 4628 l.
787 4578 1001 4646 upoceuluuccbut
1018 4582 1068 4631 cod.
1086 4584 1139 4633 Vsa.
