3046 5084
355 341 490 394 ennuntt
506 343 571 394 utu.
581 345 601 395 ι.
618 343 702 397 rurs.
716 344 749 395 n.
765 343 863 394 nuso.
878 343 993 419 xxix..
1166 329 1229 391 239

89 461 142 525 sed
169 471 200 523 et
224 460 317 526 reteri
342 468 518 523 testamento
536 455 709 525 ludaeorum
731 461 826 524 iustus
849 471 980 525 utuntur.
1023 459 1130 546 Neque
1151 464 1227 527 enim

90 563 164 646 apud
183 561 249 626 illos
267 561 343 645 legis
357 557 436 637 libri,
460 557 631 642 prophetes,
652 570 703 622 sut
720 559 914 644 hagiographs
932 560 1131 644 prohihentur,
1154 585 1228 647 quse

90 659 191 727 ludaei
208 660 303 726 Billis
319 670 503 744 nuuoupeut,
527 669 559 723 ut
573 670 603 722 et
621 680 637 721 u
653 657 769 722 ludaeis
785 661 996 742 upprohuotur3
1019 663 1152 744 aquibus
1166 663 1229 727 Νι-

88 765 187 827 errsei
212 764 291 826 uullu
307 762 337 824 iu
355 781 387 823 re
409 759 602 834 dissentiunt,
625 757 674 843 qui
690 760 726 823 sd
747 760 820 842 legis
838 761 1043 843 praescriptum
1060 784 1095 823 au
1112 760 1229 826 ludaeo-

88 887 153 929 rum
180 884 261 928 more
283 862 380 925 omnis
403 880 458 924 suu
483 861 617 944 dogmate
640 861 828 944 profitentur,
853 862 908 923 nisi
932 862 1007 943 quod
1032 862 1060 923 in
1082 858 1228 951 Christum

89 966 224 1028 creduut.
269 961 348 1027 Num
366 972 397 1024 et
416 973 547 1027 mortuos
564 961 687 1027 excitari
711 972 828 1046 putent,
853 972 883 1024 et
898 983 915 1025 n
933 963 987 1023 deo
1004 962 1142 1025 universo
1166 985 1231 1047 pro-

88 1069 185 1129 tuum.
218 1060 315 1128 Uno·
330 1082 396 1127 esse
413 1063 508 1140 deum,
533 1063 652 1145 eiusque
667 1062 754 1127 lilium
773 1061 868 1125 lesum
884 1060 1032 1125 Christum
1050 1064 1227 1147 praedicunt.

91 1165 258 1229 llehruiuue
273 1184 345 1227 vero
359 1163 475 1248 linguae
489 1162 675 1227 scientissimi
692 1175 778 1242 suut;
802 1185 837 1226 ue
855 1185 920 1226 cum
939 1165 1073 1227 universe
1090 1165 1140 1228 lex
1156 1168 1229 1248 opud

90 1267 175 1344 illus,
198 1275 258 1329 tutu
277 1263 432 1351 prophetoe
449 1274 480 1327 et
494 1264 706 1349 hagiographa,
730 1265 785 1328 hoo
806 1275 852 1327 est
872 1262 939 1327 libri
962 1265 1001 1329 illi
1026 1265 1074 1347 qui
1095 1267 1229 1330 versibus

91 1367 220 1431 distincti
241 1377 325 1444 suut,
347 1376 379 1429 et
396 1366 571 1450 prophetoe,
593 1363 832 1450 Perelipomeuu,
856 1365 982 1444 Esther,
1005 1378 1180 1450 caeteroque
1200 1368 1229 1430 id

91 1488 185 1552 genoe
201 1465 344 1531 Heinius
362 1478 394 1530 ut
411 1475 440 1531 et
456 1487 473 1530 ι
489 1463 604 1531 ludaeis
619 1468 765 1550 leguntur.
811 1467 876 1531 lloo
890 1468 980 1552 igitur
995 1490 1053 1530 uuo
1071 1478 1128 1530 tum
1150 1465 1229 1532 ulu-

92 1571 172 1632 dueis
186 1590 269 1652 quem
285 1564 490 1633 oChristisuis
506 1569 659 1647 differunt,
678 1571 715 1631 eh
729 1571 785 1633 illis
801 1571 927 1653 quidem,
946 1571 1020 1651 quod
1037 1569 1067 1631 in
1079 1566 1228 1633 Christum

92 1671 220 1747 creduut,
244 1691 261 1733 a
276 1665 453 1737 Christianis
471 1690 555 1746 vero,
579 1671 654 1753 quod
670 1668 793 1734 ludricis
808 1672 899 1733 adhuc
916 1671 1017 1734 ritihus
1032 1670 1226 1754 implicentur,

93 1770 172 1833 velut
188 1769 422 1848 circumcisione,
446 1769 580 1847 subbato,
602 1771 723 1853 aliisque
739 1772 925 1834 ceremoniis.
961 1770 1006 1834 [le
1022 1768 1141 1835 Christo
1157 1793 1229 1834 vero

90 1882 172 1934 certo
194 1871 262 1934 illud
282 1872 424 1933 offirmare
444 1890 575 1953 nequeo,
599 1881 693 1933 utrum
710 1866 842 1934 Corinthi
864 1873 910 1935 vel
926 1871 1064 1935 Meriuthi
1084 1874 1228 1958 impietate

88 1973 137 2034 illu
154 1972 286 2055 decepti,
311 1971 469 2055 simplicem
491 1971 569 2033 illum
593 1971 737 2033 homiuem
761 1981 947 2050 asseverent,
971 1994 1006 2033 uu
1030 1975 1068 2034 uti
1092 1995 1159 2037 sese
1180 1995 1229 2038 res

88 2073 192 2152 hehet,
216 2072 417 2157 perspiritum
436 2083 568 2135 sunctum
591 2072 627 2134 de
643 2068 740 2136 Murio
755 2072 869 2152 virgine
887 2073 1016 2154 genitum
1035 2095 1100 2135 esse
1120 2077 1230 2137 letenn-

89 2186 146 2239 [ιιι.
185 2171 345 2240 Caeterum
362 2173 433 2239 hoec
447 2172 669 2237 Nozomeorouu
686 2182 767 2234 seutu
784 2172 813 2234 iu
832 2170 991 2235 Berueensi
1009 2173 1127 2236 civitate
1142 2175 1230 2258 potis·

90 2276 195 2341 sinum
211 2276 305 2389 viget,
328 2296 363 2337 uo
378 2271 490 2338 Coelen
505 2272 634 2359 Syrium,
657 2284 743 2357 utque
760 2273 846 2336 etism
864 2275 891 2336 iu
907 2271 1047 2356 Decapoli
1065 2275 1148 2338 iuxta
1164 2273 1230 2340 Pel-

89 2378 159 2455 lun,
182 2387 214 2440 et
225 2398 256 2441 ιιι
268 2373 480 2453 Busnnrtrde
471 2398 501 2439 ιιι
516 2397 551 2438 eu
564 2396 639 2459 quse
652 2376 740 2458 vulgo
753 2370 882 2452 Coouhe
903 2374 1048 2437 Hehrmco
1062 2371 1229 2454 Choohuhe

81 2480 205 2549 dieitur.
240 2476 318 2541 Hine
336 2479 412 2541 enim
428 2479 584 2562 postillam
602 2478 638 2541 uh
654 2477 867 2561 Hierosolymis
884 2477 1093 2554 secessionem,
1116 2478 1230 2540 illorum

59 2579 174 2685 'mulie
188 2580 319 2664 prolecto
333 2591 412 2657 sont,
432 2602 495 2643 cum
510 2577 611 2644 Pellae
625 2578 756 2663 discipuli
774 2599 874 2641 ornnes
891 2579 1065 2656 habitarent,
1083 2575 1231 2643 uChristo

77 2668 128 2745 tle
144 2681 334 2765 relinquendo
351 2680 623 2766 Hierosolymorum
637 2681 709 2744 urhe
726 2680 783 2743 utu
765 2680 932 2763 modoque
949 2680 1132 2764 praemoniti,
1156 2682 1230 2795 qood

92 2784 156 2848 eius
175 2784 340 2849 immineret
360 2783 486 2847 obsidio.
530 2782 597 2866 Quo
618 2782 732 2867 quidem
754 2784 909 2845 occasione
934 2784 1039 2845 lactum
1063 2794 1124 2861 est,
1150 2795 1181 2846 ut
1201 2783 1231 2845 iu

91 2881 264 2949 Persuade
287 2884 390 2969 quihus
415 2885 542 2949 diximus
568 2885 640 2948 locis
664 2885 815 2968 degerent.
859 2881 987 2968 ludoque
1006 2883 1230 2951 Nuzureeorum

92 2985 228 3049 haeresis
245 2997 313 3051 suot
334 2987 457 3052 deducta
478 2986 646 3072 primordio.

176 3290 287 3358 vom
305 3303 337 3356 et
353 3292 408 3356 isti·
421 3291 607 3356 nihilomiuus
623 3292 777 3368 oberrent,
802 3314 865 3355 uum
881 3293 917 3355 de
935 3293 1156 3357 circumcisione
1169 3292 1230 3375 glo·
1250 3307 1380 3375 cupvht.

91 3394 222 3474 riantur,
244 3405 275 3457 et
291 3394 481 3458 execratione
498 3393 583 3457 otiu·
603 3415 680 3456 ouuo
695 3393 826 3458 obstricti
842 3405 922 3472 sunt,
946 3395 1021 3477 anod
1038 3395 1133 3476 legem
1151 3393 1231 3477 peui-

91 3504 139 3559 tus
158 3497 319 3561 ohservare
335 3506 492 3580 nequeunt.
538 3493 691 3578 Quomodo
707 3496 784 3558 euim
802 3496 873 3578 legis
890 3496 1050 3559 ohservare
1068 3495 1230 3558 mundatum

92 3596 169 3661 istud
191 3609 343 3682 poterunt:
377 3602 431 3661 Ter
453 3602 601 3679 quemme
622 3599 769 3678 opponitis
791 3620 885 3659 eorum
907 3600 1016 3657 mensim
1040 3599 1090 3657 deo
1112 3607 1380 3678 cooperuimuste

91 3720 254 3779 azymorum
275 3705 350 3774 dt'es,
379 3712 409 3762 et
428 3705 637 3780 scenopeguirm,
665 3712 694 3761 et
711 3712 905 3780 pentecosten,
934 3703 963 3759 in
980 3701 1231 3778 Hierusolpmitnuo

95 3804 180 3863 lucu?
223 3797 298 3865 Cum
319 3800 396 3863 euim
417 3792 477 3867 len¹
490 3802 647 3865 interclusa
665 3803 719 3878 sit,
744 3812 773 3863 et
791 3821 865 3882 quoe
886 3799 921 3862 nb
944 3819 978 3861 eu
998 3800 1232 3883 praescribuntur

94 3903 194 3987 perlici
212 3903 333 3988 emplius
351 3924 408 3967 uon
429 3904 557 3988 possint,
581 3903 701 3967 cuilibet
719 3902 851 3987 prudenti
871 3901 1052 3986 perspicuum
1076 3915 1121 3967 est
1143 3904 1231 3968 ndre-

94 4003 174 4068 uisse
189 4000 349 4080 Christum,
374 4025 432 4067 ooo
446 4015 476 4067 ut
492 4005 585 4088 legem
601 4013 760 4082 everteret,
783 4003 835 4065 sed
851 4013 881 4065 ut
898 4023 960 4066 eum
976 4003 1066 4089 ipsam
1084 4006 1228 4090 impleret,

93 4116 124 4170 et
149 4126 212 4170 eum
235 4105 452 4170 execrationem
474 4105 621 4185 solveret,
650 4124 725 4189 quus
751 4114 851 4167 coutrs
875 4104 1000 4170 violatae
1023 4107 1096 4191 legis
1121 4107 1230 4170 crimen

92 4209 189 4273 lueret
204 4209 372 4274 constituto.
416 4204 610 4291 Posteaquam
633 4206 709 4269 euim
725 4202 849 4290 Moyses
866 4206 1029 4273 uuiversum
1051 4210 1146 4293 legem
1164 4231 1230 4295 pro

92 4309 243 4394 mulyuvit,
266 4310 303 4375 ed
315 4309 401 4375 linem
415 4306 571 4376 voluminis
585 4304 730 4393 pervenit,
754 4327 788 4370 oc
803 4308 856 4373 suh
872 4310 1024 4377 maledieto
1038 4321 1141 4377 cuncta
1159 4334 1228 4377 rou·

94 4410 195 4476 clusit:
218 4415 387 4475 Maledictus
404 4416 492 4474 omnis
510 4414 562 4491 qui
580 4431 634 4472 nou
648 4417 877 4490 pernumerem
894 4415 1019 4475 omnihus
1037 4435 1107 4493 ptrue
1123 4420 1340 4496 somptuosum,
1349 4439 1379 4483 ru,
