3046 5084
256 303 316 365 358
674 311 794 362 οιωστι
812 311 977 362 nummu

259 427 298 512 μή
321 428 433 504 εἰδότος
452 427 506 511 τήν
528 430 638 506 αἰτίαν,
669 425 738 491 ἀλλά
760 424 828 509 παρ’
847 424 938 492 αάτοῦ
954 428 1140 511 λογιζομένου
1160 423 1235 493 εἰναι
1252 426 1401 503 τοιαύτας.

139 562 189 605 ηιμ.
205 550 247 594 ιοτ.
261 529 318 597 Διό
333 533 382 597 καῖ
400 533 441 605 εἰς
454 529 623 615 προφήτας,
646 530 752 609 φασίν,
774 531 890 594 έτασσεν
911 525 1076 607 έλαάτοῦς,
1098 530 1149 594 καί
1163 532 1259 615 ίερεῖς,
1280 531 1332 595 καί
1346 534 1402 613 βα·

259 641 360 710 σιλεῖς,
382 633 432 697 καί
449 631 540 696 πολλοὶ
556 629 614 696 ἀπό
629 638 684 696 τοῦ
698 632 860 716 σπέρματος
874 629 983 695 τούτου
997 633 1133 715 εἰρῆσθαι
1147 630 1196 697 διά
1209 638 1270 698 τῶν
1283 658 1403 716 προφη-

259 738 315 799 ταῖν
330 737 509 818 ἐξηγοῦνται,
526 732 575 798 δι’τε
591 730 775 815 ὑψηλοτέρας
789 731 905 813 φύσεως
922 729 1157 817 1έιίττοίρχοντος.
1194 734 1294 800 Πολλοὶ
1306 735 1338 799 δέ
1350 737 1406 799 καί

260 834 313 918 τήν
332 837 457 919 Μητέρα
476 836 540 919 περί
556 840 613 899 τῶν
629 832 765 920 ἀνωτέρω
780 836 924 919 εἰρηκέναι
940 835 1088 919 λέγουσιν,
1118 833 1188 901 ἀλλά
1203 838 1254 901 καί
1268 834 1318 901 διά
1333 834 1404 901 τοῦ-

260 964 312 1003 του
330 939 454 1002 καὶτῶν
471 934 531 1002 ῦπό
547 935 653 1002 τούτου
669 939 831 1023 γενομένων
847 942 958 1018 ψυχαῖν.
1004 939 1064 1001 Καὶ
1079 936 1186 1003 λοιπόν
1198 940 1336 1020 τέμνουσι
1350 937 1406 1014 τοῖς

260 1042 440 1126 προφητείας
453 1036 486 1104 τό
498 1040 552 1121 μέν
564 1065 592 1103 τι
606 1036 665 1104 ἀπό
680 1047 733 1122 τής
748 1038 874 1124 Μητρός
888 1041 1026 1123 εἰρῆσθαι
1039 1039 1184 1118 θέλοντες,
1203 1039 1237 1105 τό
1252 1042 1285 1105 δέ
1298 1066 1328 1105 τι
1341 1037 1404 1105 ἀπό

260 1148 314 1208 τοῦ
331 1143 510 1226 σπέρματος,
531 1138 564 1205 τό
582 1141 614 1204 δέ
628 1166 656 1205 τι
672 1139 731 1206 ἀπό
749 1146 804 1205 τοῦ
818 1147 1015 1225 Δημιουργοῦ.
1057 1139 1140 1206 Ἀλλά
1157 1144 1208 1207 καί
1224 1140 1275 1208 τόν
1289 1140 1407 1226 Ἰησοῦν

263 1241 400 1321 αόςαότως
416 1240 448 1308 τό
466 1243 519 1324 μέν
532 1269 559 1307 τι
573 1239 631 1306 ἀπό
647 1247 700 1307 τοῦ
713 1248 856 1327 Σωτῆρος
871 1243 1031 1327 εἰρηκέναι,
1053 1242 1087 1308 τό
1104 1245 1135 1307 δέ
1147 1271 1176 1309 τι
1191 1241 1251 1310 ἀπό
1266 1249 1320 1327 τῆς
1333 1252 1408 1328 Μη-

262 1344 341 1430 τρός,
363 1342 396 1410 τό
414 1346 446 1408 δέ
461 1372 487 1408 τι
501 1341 559 1408 ἀπό
575 1348 627 1408 τοῦ
642 1349 842 1429 Δημιουργοῦ,
865 1343 970 1419 καθείς
982 1346 1164 1428 ἐπιδείξομεν
1183 1349 1270 1411 1ίέτι
1286 1345 1408 1427 προῖόν-

263 1474 312 1523 τος
326 1444 397 1530 ήμῖν
412 1451 466 1511 τοῦ
476 1445 573 1529 λόγου.
621 1444 681 1511 Τόν
697 1447 729 1510 δὲ
746 1444 951 1532 Δημιουργόν,
974 1445 1023 1510 ἅτε
1038 1445 1200 1533 ἀγνοοῦντα
1214 1447 1249 1513 τά
1264 1445 1339 1533 ῦπέρ
1353 1445 1407 1512 αό-

263 1548 329 1627 τόν,
358 1557 504 1613 κινεῖσθαι
524 1548 577 1628 μέν
595 1550 644 1613 έπί
660 1558 723 1623 τοῖς
739 1550 920 1633 λεγομένοις,
950 1553 1239 1635 καταπεφρονηκέναι
1258 1551 1291 1615 δέ
1310 1548 1410 1617 αάτοῦν

263 1650 361 1717 ἀλλοτε
377 1647 465 1731 ἀλλην
482 1652 576 1714 αἰτίαν
590 1654 764 1731 νομίσαντα,
792 1649 854 1732 Νή
872 1649 905 1715 τό
922 1657 1036 1732 πνεῦμα
1053 1650 1085 1716 τό
1102 1660 1310 1738 προφητεῦον,
1340 1655 1410 1735 έχον

263 1755 313 1819 καὶ
334 1749 406 1818 αάτό
430 1754 506 1816 ἰδίαν
526 1749 591 1816 τινά
611 1756 741 1834 κίνησιν,
771 1750 792 1835 ή
815 1751 866 1817 τόν
891 1750 1070 1835 ἀνθρωπον,
1098 1753 1193 1838 ήτήν
1218 1752 1409 1839 προςπλοιιήν

268 1861 368 1920 16τοῖν
382 1853 536 1937 χειρόνων,
557 1855 607 1919 καί
623 1853 718 1930 οὕτως
735 1852 898 1939 ἀγνοοῦντα
913 1858 1132 1921 διατετελεκέναι
1147 1855 1212 1941 όχρι
1228 1863 1281 1938 τῆς
1295 1882 1411 1942 παρου-

263 1961 328 2034 σίας
353 1963 448 2021 17τοῦ
469 1959 584 2040 κυρίου.
627 1953 784 2032 Ἐλθόντος
806 1958 838 2022 δὲ
858 1964 911 2022 τοῦ
933 1964 1074 2043 Σωτῆρος
1096 1967 1206 2039 μαθεῖν
1226 1956 1318 2024 αάτδν
1339 1956 1410 2043 παρ’

264 2058 356 2125 αότοῦ
377 2056 473 2124 πάντα
493 2059 624 2143 λέγουσι,
654 2060 706 2124 καὶ
723 2057 848 2141 ἀσμενον
866 2057 946 2147 αότῷ
964 2059 1209 2144 προςχωρήσαντα
1224 2059 1295 2143 μετά
1310 2059 1411 2144 πόσης

263 2170 316 2245 τῆς
330 2159 482 2244 δυνάμεως
499 2158 607 2239 αάτοῦ,
629 2163 680 2226 καί
696 2158 786 2226 αάτόν
802 2158 875 2226 εἰναι
891 2159 943 2226 τόν
961 2164 993 2227 έν
1009 2168 1050 2249 τῷ
1066 2159 1221 2252 εάαγγελίφ
1234 2160 1411 2249 έκατόνταρ·

263 2289 330 2347 χον,
352 2265 470 2348 λέγοντα
484 2271 525 2351 τῷ
539 2269 672 2348 Σωτῆρι,
695 2265 755 2328 Καί
767 2261 823 2348 γάρ
840 2260 895 2348 έγοδ
911 2259 972 2329 ῦπό
987 2262 1040 2345 τήν
1057 2266 1186 2347 έμαυτοῦ
1203 2268 1338 2342 έξουσίαν
1352 2266 1409 2347 'zo

265 2365 440 2451 στρατιώτας
461 2368 512 2432 καί
533 2364 672 2443 δούλους,
702 2368 753 2430 καί
773 2365 792 2431 δ
814 2363 865 2429 έάν
883 2364 1034 2449 προςτάξω
1052 2372 1181 2431 ποιοῦσι.
1228 2368 1358 2433 msam
1373 2367 1408 2433 δί

264 2466 353 2535 αάτόν
368 2465 420 2551 τήν
434 2465 509 2533 κατά
525 2466 577 2533 τόν
593 2466 704 2551 κόσμον
720 2470 891 2549 οἰκονομίαν
905 2468 987 2551 μέχρι
1003 2472 1056 2532 τοῦ
1071 2469 1190 2546 δέοντος
1204 2472 1321 2553 καιροῦ,
1348 2466 1406 2550 μά·

263 2579 344 2638 λιστα
361 2571 393 2636 δέ
412 2568 461 2635 διά
477 2568 531 2652 τήν
549 2575 600 2653 τής
615 2567 786 2653 Ἐκκλησίας
801 2571 979 2651 ἐπιμέλειαν,
1015 2566 1129 2635 1θάλλά
1143 2572 1196 2637 καί
1212 2568 1260 2638 διιί
1274 2566 1328 2653 τήν
1343 2570 1405 2637 M-

262 2695 370 2759 γνωσιν
387 2677 440 2738 τοῦ
456 2674 681 2754 έτοιμασθέντος
699 2670 779 2760 αὐτῷ
795 2669 943 2751 έπόθλου,
966 2670 1011 2737 ότι
1027 2675 1070 2747 εἰς
1086 2670 1138 2739 τόν
1151 2677 1204 2756 τῆς
1219 2668 1345 2759 Μητρός
1358 2670 1408 2739 τό·

264 2801 322 2842 πον
341 2773 474 2857 χωρήσει.

349 2874 532 2960 Ἀνθροίπων
550 2877 582 2941 δέ
597 2880 663 2962 τρία
679 2878 747 2962 γένη
765 2873 957 2958 ἀφίστανται,
978 2874 1190 2957 πνευματικόν,
1210 2874 1328 2959 χοῖιιόν,
1349 2893 1411 2959 ’μυ-

261 2976 356 3061 χικδν,
383 2978 488 3054 καθείς
507 2981 638 3065 ἐγένοντο
657 2978 752 3057 Κάῖν,
766 2976 868 3062 Ἅβελ,
894 2975 998 3059 ιΣήδ,
1022 2980 1071 3043 καί
1087 2980 1121 3043 έκ
1135 2978 1249 3043 τοάτων
1262 2976 1316 3055 τός
1331 2988 1411 3065 τρεῖς

263 3079 378 3160 φήσεις,
407 3078 506 3147 οάκέτι
529 3078 711 3160 ’καθ’έαα,
741 3079 811 3146 ἀλλά
827 3079 900 3145 κατά
916 3082 1008 3166 γένος.
1052 3081 1113 3144 Καὶ
1129 3077 1163 3144 τό
1181 3080 1235 3162 μὲν
1248 3078 1354 3163 χαλκόν
1369 3084 1413 3158 εἰς

264 3181 384 3269 φδοράν
399 3192 517 3266 χωρεῖν,
544 3185 596 3248 καί
610 3181 642 3249 τό
659 3181 801 3266 ψυχικόν,
831 3180 882 3250 έάν
900 3180 958 3246 ’τά
973 3185 1104 3264 βελτίονα
1119 3185 1233 3263 ἕληται,
1254 3184 1288 3249 έν
1301 3190 1344 3271 τῷ
1357 3190 1414 3266 τῆς

264 3284 419 3370 μεσότητος
439 3285 520 3374 τόπῳ
543 3284 765 3363 ἀναπαύεσθαι,
796 3284 848 3351 έάν
868 3286 900 3349 δὲ
920 3282 956 3347 τά
974 3288 1076 3369 χείρω,
1105 3283 1248 3367 χωρήσειν
1264 3286 1317 3350 ιιαλ
1334 3281 1409 3350 αάτό

263 3388 338 3473 πρός
353 3388 388 3453 τά
406 3387 508 3471 όμοια·
531 3387 567 3452 τά
584 3389 617 3453 δὲ
631 3386 828 3471 πνευματικά,
850 3386 895 3452 έά
909 3390 1127 3472 έγκατασπείρει
1143 3384 1165 3469 ή
1179 3384 1342 3471 ’Λχαμεδδ,
1362 3390 1410 3453 lx·

263 3516 326 3556 τοτε
345 3494 400 3568 ἕως
422 3497 476 3556 τοῦ
496 3499 551 3556 νῦν
574 3495 701 3566 δικαίαις
721 3499 832 3573 ψυχαῖς
854 3490 1051 3555 παιδευθέντα
1073 3487 1181 3554 ένθάδε
1205 3492 1258 3556 καὶ
1281 3492 1408 3577 ὅἓττριι·

264 3595 370 3673 φέντα,
400 3592 450 3659 διά
470 3593 503 3659 τό
521 3591 613 3675 νήπια
632 3595 879 3675 6έιιπεττέμφθαι,
908 3591 1031 3677 ὕστερον
1047 3590 1224 3674 τελειότητος
1241 3588 1408 3671 ἀξιωθέντα

263 3693 380 3776 νόμφας
395 3693 641 3778 ἀποδοθήσεσθαι
655 3704 718 3772 τοῖς
732 3702 785 3761 τοῦ
799 3702 941 3778 Σωτήρος
954 3692 1103 3779 Ἀγγέλοις
1115 3698 1329 3780 δογματίζουσι,
1350 3698 1411 3761 τοῖν

142 3834 192 3878 τις.
208 3823 250 3867 ιω
263 3803 369 3879 ψυχαῖν
383 3795 480 3863 αὐτῶν
499 3796 584 3862 7κατ’
602 3796 734 3884 ἀνάγιιην
754 3800 809 3864 8έν
823 3796 957 3881 μεσότητι
972 3793 1042 3878 μετά
1058 3803 1113 3863 τοῦ
1129 3804 1323 3883 Δημιουργοῖ
1337 3792 1409 3861 ἀνα-

298 3986 336 4037 12.
353 3980 433 4045 αάτὰς
454 3992 550 4038 correxit
567 3992 711 4052 λλαετυτλυτ,
736 4004 816 4040 atcun-
885 3987 922 4041 17.
937 3989 979 4041 τοῦ
993 3986 1087 4054 τιυρίωα
1107 3982 1410 4049 'mmmmm

261 4057 318 4104 δοκι
331 4058 378 4105 λἰλ.
392 4057 546 4116 ῖολτηνττιιιο,
559 4063 581 4106 τε
594 4061 687 4107 Τττλυλί.
702 4060 757 4107 αδυ.
770 4059 816 4106 Va·
852 4060 904 4107 λ’ττι

261 4125 314 4172 lent.
330 4137 382 4183 ιαμ.
393 4118 435 4171 29.
884 4124 922 4176 18.
940 4120 1004 4177 ἀλλὰ
1023 4138 1069 4175 οτι.
1085 4126 1137 4177 ωδ
1154 4128 1208 4177 λιε-
1241 4126 1288 4175 Noe
1305 4126 1353 4175 λιι.
1368 4126 1409 4175 λιι·

295 4188 334 4240 13.
351 4192 387 4239 ssa
404 4190 454 4238 τοδ.
471 4193 524 4240 Fen.
559 4194 632 4253 λἰιλρο
647 4188 814 4261 ἀπόρχυυσας.
847 4200 918 4255 W·
934 4208 988 4243 «σοι
1001 4194 1145 4255 peniculon
1163 4194 1277 4256 αριοιεῖλ.

295 4254 333 4306 14.
352 4253 389 4336 gv.
405 4257 481 4305 σάλιοι·
497 4272 526 4305 ιτ
542 4260 592 4307 eod.
608 4261 697 4311 λἰπιω.
882 4258 940 4311 Cn.
954 4260 1040 4309 XXV.
1058 4288 1092 4299 -
1112 4262 1133 4310 1.
1152 4262 1199 4311 m
1212 4260 1409 4323 λαλοφηελαδτλ

294 4324 334 4373 λῖν.
350 4339 408 4386 ητα.
427 4326 477 4372 τοο.
494 4327 548 4373 Fen.
847 4327 917 4387 seth,
935 4338 962 4377 ut
977 4338 1002 4377 ετ
1018 4345 1048 4377 ex
1062 4327 1100 4377 his
1115 4326 1248 4379 οιτειτδιοτ
1262 4336 1314 4377 tm
1327 4338 1409 4379 mtu-

295 4390 333 4439 ιο.
349 4392 386 4439 ιιι
408 4395 497 4441 ωηατ
522 4406 551 4441 ω
574 4395 696 4454 memte
720 4399 810 4448 ται-ιιι.
846 4416 885 4447 m
898 4403 958 4459 αα,
974 4400 1009 4447 αι
1022 4399 1130 4447 mm
1140 4410 1193 4447 ιιιι
1204 4398 1287 4459 ουτοι
1295 4394 1339 4449 οι
1353 4392 1408 4451 ττι-

260 4462 320 4509 Νατι
335 4460 418 4506 Graeci
433 4460 486 4507 λῖδη·
500 4473 577 4507 omnes
590 4465 682 4510 λυττιλντ
695 4462 745 4515 τῶν
760 4464 811 4531 χεί·
845 4462 949 4527 δελξωτι
965 4464 1009 4517 καὶ
1025 4462 1055 4516 ἰει
1071 4460 1165 4517 τούτων
1181 4468 1233 4515 συλλ.

260 4542 324 4591 ρων,
340 4526 403 4587 quod
416 4528 524 4575 παυσατο
541 4540 588 4575 τετε
603 4541 668 4577 mm
682 4545 728 4579 ποτε
742 4534 811 4581 videt.
877 4534 903 4583 2.
918 4528 977 4584 καθ’
990 4530 1034 4585 δια
1045 4534 1097 4583 ωδ.
1107 4534 1172 4595 Fa,
1183 4537 1206 4583 ιλ
1221 4532 1269 4583 m
1280 4532 1407 4599 ἰιιλιεμηι,
