3046 5084
203 369 264 429 690
624 380 744 431 SANCTI
761 381 929 431 EPIPHANH

203 508 310 578 θησαν.
350 498 462 560 Τέλειον
478 496 509 560 δέ
524 488 610 571 οὗτος
626 494 706 582 παρά
721 495 774 579 τὴν
788 503 842 562 τοῦ
858 493 1035 561 διδασκάλου
1053 494 1147 563 αότοῦ
1162 498 1353 564 διδασκαλίαν

203 598 373 683 α’παρνεῖται
396 597 447 663 τόν
470 598 580 683 γάμον,
608 601 659 662 καὶ
683 596 800 683 άγνείαν
822 597 917 664 οίσκεῖ·
946 596 983 663 οδ
1008 597 1044 663 δι’
1063 597 1198 684 άγνείαν,
1226 598 1281 665 ἄλλ’
1300 605 1352 666 ’ίνα

202 699 335 790 οἷθετήσηγ
359 700 394 765 τά
419 704 489 786 ἐργα
510 708 562 766 τοῦ
582 705 780 786 δημιουργοῦ,
804 701 952 766 διδάσκων
972 699 1012 785 μή
1032 700 1237 769 συνάπτεσθαι
1256 702 1350 793 γάμῳ,

202 801 253 883 ἄρ’
270 797 306 869 οὗ
322 806 419 888 γιίμου
440 801 581 885 εόθηνία,
605 806 693 885 φησὶ,
717 802 765 868 διά
784 811 837 885 τῆς
858 808 1050 880 παιδοποιΐας
1071 807 1102 870 ἐν
1118 803 1224 893 κόσμῳ
1243 812 1283 893 τῷ
1300 810 1351 888 δη-

201 914 332 994 μιουργῷ
349 911 472 991 γίνεται,
495 904 571 991 πρός
591 904 741 970 άντίθεσιν
757 913 809 988 τῆς
826 914 879 971 τοῦ
897 910 1079 991 δημιουργοῦ
1097 910 1148 972 καλ
1165 915 1287 974 κτιστοῦ
1303 908 1350 974 διδ

80 1036 130 1080 pag.
142 1025 187 1069 ατο.
202 1017 253 1091 τῆς
270 1013 462 1083 παιδοποιΐας
479 1011 509 1073 ἐν
524 1016 565 1097 τῷ
581 1007 682 1096 κόσμῳ
698 1005 845 1089 εόθηνίας.
893 1008 1109 1093 Φωραθήσεται
1124 1011 1156 1074 δέ
1172 1008 1191 1075 6
1208 1018 1350 1091 τοιοῦτος,

200 1115 249 1176 καὶ
268 1111 514 1198 διελεγγθήσεται,
538 1108 597 1175 άπό
616 1111 668 1192 μέν
684 1118 736 1193 τῆς
752 1110 809 1193 ἤδη
828 1108 901 1195 πρός
917 1109 968 1175 τόν
984 1109 1076 1176 αὐτοῦ
1092 1112 1252 1196 ἐπιστάτην
1273 1111 1349 1179 άντι-

199 1218 327 1294 θέσεως,
350 1214 399 1279 διά
416 1222 530 1280 πολλῶν
545 1215 750 1295 ποιησαμένων
767 1211 851 1295 ἡμῶν
869 1212 921 1295 την
938 1212 1015 1299 πρός
1031 1212 1120 1279 αὐτόν
1140 1212 1309 1301 άντιλογίαν
1322 1242 1351 1281 τε

199 1320 247 1382 καί
267 1316 452 1402 ἀνατροπὴν,
475 1319 506 1380 ἓν
527 1314 645 1391 όποίαις
663 1341 692 1379 τε
709 1319 759 1380 καὶ
781 1313 906 1391 ὁπόσαις
929 1315 1048 1404 συνᾴδει
1068 1316 1100 1381 τό
1126 1315 1295 1403 εόαγγέλιον
1316 1327 1350 1409 τῇ

200 1428 309 1507 παλαιᾷ
328 1420 477 1508 διαθήκη,
502 1421 552 1484 καὶ
576 1416 616 1493 τίς
639 1416 728 1494 αὐτός
752 1416 770 1483 ό
789 1418 893 1503 κύριος
915 1415 999 1500 ἡμῶν
1021 1416 1160 1504 δμολογεῖ
1179 1419 1213 1486 τό
1235 1428 1350 1504 ποίημα

198 1531 251 1587 τοῦ
274 1521 388 1606 κόσμου
411 1520 484 1587 εἶναι
501 1525 577 1585 ίδιον
600 1523 650 1585 καὶ
673 1518 780 1598 αότοῦ,
802 1523 851 1585 καί
875 1527 929 1585 τοῦ
946 1519 1057 1607 πατρός
1073 1519 1149 1587 είναι
1165 1519 1223 1605 τὴν
1242 1528 1347 1589 κτίσιν·

199 1625 240 1701 δίς
256 1652 286 1710 γε
302 1625 423 1708 μάλιστα
440 1622 588 1689 συνελόντι
603 1622 715 1707 φράσαι
730 1621 968 1706 κορυφαιότατόν
982 1650 1009 1689 τι
1025 1627 1105 1707 (λῆμα
1119 1622 1203 1708 παρά
1218 1630 1259 1715 τῷ
1274 1622 1347 1713 ἆγίτμ

196 1727 317 1817 Ἰωάννη
335 1731 498 1813 εἰρημένον,
523 1724 566 1803 τό,
587 1724 636 1789 Ἐν
653 1723 727 1814 α’ργῇ
744 1718 781 1807 ἦν
799 1723 816 1790 6
832 1724 928 1810 λόγος,
951 1727 1002 1791 καὶ
1016 1723 1033 1791 ό
1048 1723 1135 1811 λόγος
1150 1718 1191 1809 ἦν
1206 1724 1284 1812 πρός
1297 1726 1348 1794 τόν

196 1829 280 1909 θεὸν,
303 1835 354 1895 καὶ
368 1828 441 1906 θεός
455 1822 493 1911 ἦν
507 1826 524 1893 6
540 1826 640 1913 λόγος·
663 1827 760 1892 πάντα
777 1825 814 1892 δι’
830 1824 924 1892 αότοῦ
939 1829 1062 1913 ἐγένετο,
1083 1830 1134 1895 καὶ
1149 1831 1240 1916 χωρίς
1255 1827 1347 1897 miro&

197 1935 308 2019 ἐγένετο
332 1932 401 1998 οὐδὲ
420 1938 454 1998 ἓν
476 1932 493 1998 δ
518 1934 631 2016 γέγονε,
654 1933 704 1995 καὶ
726 1929 761 1994 τά
783 1931 856 2013 ἑξῆς.

60 2136 127 2203 Κεφ·
147 2133 178 2204 β’·
282 2137 365 2203 Ἀλλά
381 2164 411 2223 γε
429 2135 446 2202 ό
461 2145 595 2212 τοιοῦτος
613 2134 705 2211 εόθός
723 2133 965 2219 ιίνατραπήσεται.
1010 2137 1052 2198 Et
1069 2133 1127 2221 γάρ
1146 2134 1285 2218 βοόλοιτο
1305 2138 1345 2203 λέ-

198 2268 259 2327 γειν
276 2241 322 2307 ὅτι
340 2239 518 2314 ἀντιθέσεως
534 2238 618 2324 χάριν
639 2240 689 2304 καί
710 2240 911 2323 καθαιρέσεως
928 2243 988 2303 τῶν
1006 2234 1066 2303 όπδ
1086 2244 1142 2303 τοῦ
1164 2242 1346 2327 δημιουργοῦ

199 2349 330 2410 ἐνταῦθα
354 2346 516 2430 λεγομένων
539 2338 560 2423 ἦ
582 2348 636 2406 τοῦ
657 2340 754 2427 γάμου
777 2338 855 2429 αὐτῷ
881 2337 1024 2421 συνάφεια
1047 2338 1214 2422 άθετεῖται,
1234 2346 1287 2407 ἰ’να
1306 2340 1346 2427 μή

198 2456 238 2535 τῷ
255 2452 424 2535 δημιουργῷ
439 2443 649 2528 συμπράξειεν,
674 2443 744 2519 &gn
759 2441 919 2526 α’πέγεσθαι
933 2440 1102 2508 παντάπασι
1118 2450 1173 2510 τοῦ
1191 2446 1346 2531 ἔργοντοῦ

198 2556 396 2635 δημιουργοῦ,
418 2555 483 2623 πῶς
502 2545 567 2629 οὐχὶ
588 2544 694 2631 ι’ίλογος
710 2543 789 2634 αὐτῷ
809 2543 830 2628 ἦ
852 2542 1002 2611 ιόπόνοια
1016 2546 1067 2612 καλ
1082 2544 1209 2633 φωρατή
1229 2548 1281 2613 καλ
1301 2543 1346 2613 τά·

196 2654 387 2738 θυέλεγκτος;
408 2648 486 2715 Ἰδοδ
501 2648 572 2734 γάρ,
596 2646 654 2713 άπδ
673 2655 726 2730 τῆς
747 2652 865 2724 κτίσεως
881 2648 932 2713 καλ
947 2655 1000 2731 τῆς
1018 2654 1072 2714 τοῦ
1089 2650 1278 2735 δημιουργοῦ
1295 2654 1347 2733 δη-

197 2759 366 2841 μιουργίας,
389 2755 438 2817 καί
461 2758 520 2817 τῶν
539 2755 672 2830 ἐδωδεδν,
696 2751 747 2816 καὶ
765 2758 825 2816 τῶν
842 2747 976 2834 άμφίων,
998 2752 1048 2815 καὶ
1068 2757 1122 2832 τῆς
1143 2748 1275 2839 χρήσεως
1294 2778 1344 2819 πο·

196 2857 297 2939 μάτων
316 2859 441 2939 μέτεισιν
461 2852 479 2919 6
501 2853 574 2940 γόης
591 2856 641 2919 καὶ
665 2850 682 2918 6
704 2851 848 2939 α’γόρτης,
877 2854 928 2918 καλ
951 2850 1044 2929 άλλως
1065 2850 1103 2919 οδ
1122 2852 1283 2939 δυνήσεται
1301 2856 1346 2921 ἐκ·

197 2970 320 3045 φυγεῖν,
342 2960 393 3024 καὶ
411 2956 450 3042 μη
470 2955 535 3041 οόχλ
554 2959 670 3031 τούτοις
685 2964 821 3041 χρῆσθαι.
867 2953 943 3031 Θεδς
959 2953 1013 3041 γάρ
1029 2952 1048 3021 ό
1063 2957 1185 3021 πάντων
1202 2956 1346 3041 δεσπότης

196 3066 246 3128 καὶ
270 3058 466 3146 δημιουργός,
496 3059 615 3125 πάντων
639 3056 859 3141 ἐπιμελόμενος,
887 3060 938 3123 καλ
959 3060 1010 3124 ἐπὶ
1031 3056 1101 3134 τοός
1121 3058 1277 3147 πονηροδς
1294 3062 1345 3127 καί

197 3163 333 3250 άγαθοδς
350 3162 494 3229 άνατέλλει
512 3161 603 3228 αὐτοῦ
624 3162 675 3227 τόν
691 3162 787 3245 ἥλιον,
809 3163 860 3225 καὶ
877 3162 926 3228 ἐπί
945 3160 1016 3237 τοδς
1032 3158 1124 3228 αότδν
1138 3166 1345 3247 βλασφημοια

196 3296 248 3344 τας
263 3270 314 3334 καὶ
331 3269 380 3332 ἐπὶ
395 3266 466 3342 τοός
481 3263 571 3331 αὐτόν
590 3263 764 3343 δοξάζοντας
779 3266 886 3347 πέμπει
900 3262 993 3331 αότοῦ
1008 3262 1061 3331 τόν
1076 3260 1177 3346 δετδν,
1198 3266 1250 3333 καλ
1270 3264 1343 3331 κάν·

195 3399 247 3447 τας
262 3373 377 3457 τρέφει,
400 3367 454 3435 οόκ
478 3366 574 3457 ιίλόγςσ
591 3371 647 3433 τινὶ
670 3370 719 3434 καὶ
738 3365 909 3456 α’ναισθήτιγι
932 3364 1061 3457 όρισμρῖ,
1083 3364 1154 3433 ἄλλά
1173 3370 1345 3459 ἐκδιτίμτῇ

195 3472 263 3559 παρ’
278 3471 370 3538 αὐτοῦ
385 3469 538 3561 δρισθείση
553 3474 584 3536 ἐν
598 3478 634 3560 τῇ
649 3469 791 3560 μελλοόση
808 3474 899 3555 κρίσει
913 3476 1130 3554 μακροθυμῶν,
1147 3472 1199 3537 καλ
1212 3466 1346 3557 δρασμοῖς

196 3580 283 3652 ἰδίοις
297 3578 349 3642 καὶ
365 3580 457 3663 σοφία
473 3572 508 3639 τά
527 3574 622 3639 πάντα
637 3577 758 3639 διοικῶν
775 3572 817 3648 δίς
835 3576 896 3640 ἐστι
915 3574 1030 3659 πρέπον
1047 3580 1084 3663 τῇ
1099 3568 1194 3640 αδτοῢ
1214 3575 1258 3652 τίς
1271 3572 1345 3643 κάκ-

196 3706 246 3755 τας
262 3677 404 3766 ω’φελείγ,
425 3676 462 3742 ἵν’
478 3681 509 3743 οί
522 3675 751 3759 μετανοήσαντες
765 3682 817 3759 τῆς
830 3674 899 3763 παρ’
912 3673 1005 3743 αότοῦ
1021 3674 1345 3763 άμνηστείαςτυχένττς

194 3780 227 3847 τδ
245 3779 390 3866 σωτήριον
405 3778 572 3862 κτήσοιντο·
596 3783 622 3844 εί
637 3780 668 3845 δέ
683 3782 847 3862 ἐπιμένοιεν
860 3789 925 3857 ταῖς
945 3776 1043 3845 αὐτῶν
1060 3776 1251 3863 βλασφήμοις
1271 3778 1343 3849 διο·

194 3890 289 3960 νοίαις
304 3886 356 3950 καὶ
374 3881 645 3968 ματαιοφροσόναις
658 3892 722 3959 ταῖς
736 3881 776 3967 μή
799 3885 832 3950 ἐκ
847 3890 923 3949 θεοῦ
939 3880 1041 3959 αὐτοῖς
1055 3884 1225 3963 δοθείσαις,
1246 3880 1282 3951 τδ
1295 3908 1344 3969 τη-

194 3994 327 4066 νικαῦτα,
351 3984 421 4068 μετά
437 3984 491 4068 την
507 3988 646 4051 ἐντεῦθεν
663 3983 834 4072 δπαλλαγήν
849 3994 902 4053 τοῦ
918 3982 1107 4063 αὖτεξουσίον
1124 3986 1229 4069 μηκέτι
1242 3982 1345 4065 αδτοῖς

193 4092 488 4177 συμπαραμένοντος,
515 4086 640 4165 2αὐτοῖς
660 4088 714 4172 την
736 4086 800 4156 τότε
820 4090 962 4173 ἐσομένην
979 4092 1090 4176 κρίσιν,
1112 4084 1184 4155 dud
1204 4086 1275 4157 οὔτε
1294 4086 1345 4157 δυ’

67 4212 118 4257 εει·
128 4200 174 4245 ³⁵⁰·
195 4193 305 4275 θυμόν,
329 4191 395 4259 οὔτε
410 4190 450 4269 ως
467 4196 498 4257 ἐν
515 4190 590 4282 ὀργῇ
604 4194 763 4279 ἐπιφέρων,
786 4192 874 4275 ’(δλα
889 4190 943 4280 γάρ
957 4190 994 4258 τά
1006 4190 1130 4275 ἐσόμενα
1143 4194 1345 4279 προεθέσπισε

227 4350 285 4400 Ωιι.
303 4352 334 4399 11.
360 4379 391 4388 -
428 4349 451 4401 1.
475 4347 577 4404 διιόνοια
602 4353 653 4402 ωδ.
680 4354 753 4402 Vane.
786 4366 840 4402 τυπ
859 4354 1000 4403 aberrarent.
1037 4352 1066 4401 λιι
1088 4352 1155 4402 tm
1174 4354 1238 4403 euin
1259 4354 1345 4419 ῌι

194 4415 316 4471 finitam:
333 4422 383 4468 cod.
399 4420 513 4481 Rheda'9.,
530 4425 551 4469 ιι
568 4422 621 4469 libri
637 4422 702 4470 editi.
787 4418 1036 4503 ουμπαραμίνοντος,
1060 4412 1126 4471 am
1147 4410 1209 4473 οδττ
1230 4414 1278 4477 Μ
1298 4420 1344 4475 ³·-

226 4488 250 4536 ¹2.
278 4489 374 4537 θειθιυι·
398 4490 525 4549 legitimum
548 4490 651 4538 ordimm
671 4491 752 4539 verbo-
786 4484 848 4554 μδν,
875 4492 961 4548 αυτοῖς
975 4482 1022 4553 τήν
1036 4482 1097 4541 τότε
1113 4482 1237 4557 ἐσομένῳ
1252 4488 1345 4557 πρίω,

83 4606 87 4611 ,
192 4570 261 4617 rum,
285 4558 410 4604 alibrario
426 4558 504 4617 aliquo
519 4560 589 4607 υειετι
608 4560 663 4606 olim
676 4560 752 4607 ιοόλα-
785 4550 844 4609 offra
869 4552 906 4615 ιδτ
930 4550 994 4611 ἐντ’
1031 4554 1043 4569 ”
1070 4550 1205 4623 ἐπηέρθ-
1245 4560 1344 4619 Μ

193 4631 255 4687 tum,
279 4626 347 4673 cuius
361 4625 422 4673 οταλῑ
436 4638 453 4673 ο
466 4626 545 4685 ρεισκε
567 4617 625 4677 οὔτε
645 4626 679 4676 αδ
693 4628 751 4677 αλιι-
783 4626 875 4689 aliquid
890 4622 968 4679 δοται
981 4572 1113 4677 mn.
