<?xml version="1.0" encoding="UTF-8"?>
<!DOCTYPE html PUBLIC "-//W3C//DTD XHTML 1.0 Transitional//EN"
    "http://www.w3.org/TR/xhtml1/DTD/xhtml1-transitional.dtd">
<html xmlns="http://www.w3.org/1999/xhtml" xml:lang="en" lang="en">
 <head>
  <title>
</title>
<meta http-equiv="Content-Type" content="text/html;charset=utf-8" />
  <meta name='ocr-system' content='tesseract 3.04.00' />
  <meta name='ocr-capabilities' content='ocr_page ocr_carea ocr_par ocr_line ocrx_word'/>
</head>
<body>
  <div class='ocr_page' id='page_1' title='image "./corporishaerese01unkngoog_0706.png"; bbox 0 0 3046 5084; ppageno 0'>
   <div class='ocr_carea' id='block_1_1' title="bbox 288 346 1008 429">
    <p class='ocr_par' dir='ltr' id='par_1_1' title="bbox 288 346 1008 429">
     <span class='ocr_line' id='line_1_1' title="bbox 288 346 1008 429; baseline 0 -22"><span class='ocrx_word' id='word_1_1' title='bbox 288 346 348 409; x_wconf 79' lang='lat'><strong><em>702</em></strong></span> <span class='ocrx_word' id='word_1_2' title='bbox 705 356 1008 429; x_wconf 68' lang='grc' dir='ltr'><strong><em>εικοτικεινκκκιι</em></strong></span> 
     </span>
    </p>
   </div>
   <div class='ocr_carea' id='block_1_2' title="bbox 176 470 1438 3225">
    <p class='ocr_par' dir='ltr' id='par_1_2' title="bbox 176 470 1438 3225">
     <span class='ocr_line' id='line_1_2' title="bbox 288 470 1437 559; baseline 0 -20"><span class='ocrx_word' id='word_1_3' title='bbox 288 471 492 551; x_wconf 82' lang='grc' dir='ltr'><strong><em>τελειοτάτας,</em></strong></span> <span class='ocrx_word' id='word_1_4' title='bbox 516 471 615 556; x_wconf 77' lang='grc' dir='ltr'><strong><em>ἐπειδὴ</em></strong></span> <span class='ocrx_word' id='word_1_5' title='bbox 629 472 683 559; x_wconf 91' lang='grc' dir='ltr'><strong><em>γάρ</em></strong></span> <span class='ocrx_word' id='word_1_6' title='bbox 698 473 882 554; x_wconf 86' lang='grc' dir='ltr'><strong><em>σονεκάθισε,</em></strong></span> <span class='ocrx_word' id='word_1_7' title='bbox 903 472 978 539; x_wconf 89' lang='grc' dir='ltr'><strong><em>κατά</em></strong></span> <span class='ocrx_word' id='word_1_8' title='bbox 992 470 1044 538; x_wconf 86' lang='grc' dir='ltr'><strong><em>τόν</em></strong></span> <span class='ocrx_word' id='word_1_9' title='bbox 1056 470 1252 539; x_wconf 88' lang='grc' dir='ltr'><strong><em>ἀποστολικόν</em></strong></span> <span class='ocrx_word' id='word_1_10' title='bbox 1264 470 1367 559; x_wconf 88' lang='grc' dir='ltr'><strong><em>λόγον,</em></strong></span> <span class='ocrx_word' id='word_1_11' title='bbox 1389 474 1437 539; x_wconf 87' lang='grc' dir='ltr'><strong><em>ῦτι</em></strong></span> 
     </span>
     <span class='ocr_line' id='line_1_3' title="bbox 289 572 1437 663; baseline 0 -22"><span class='ocrx_word' id='word_1_12' title='bbox 289 572 307 641; x_wconf 88' lang='grc' dir='ltr'><strong><em>ό</em></strong></span> <span class='ocrx_word' id='word_1_13' title='bbox 321 575 395 651; x_wconf 87' lang='grc' dir='ltr'><strong><em>θεός</em></strong></span> <span class='ocrx_word' id='word_1_14' title='bbox 410 573 520 661; x_wconf 72' lang='grc' dir='ltr'><strong><em>ἤγειρε,</em></strong></span> <span class='ocrx_word' id='word_1_15' title='bbox 549 579 598 641; x_wconf 87' lang='grc' dir='ltr'><strong><em>καί</em></strong></span> <span class='ocrx_word' id='word_1_16' title='bbox 614 575 807 642; x_wconf 76' lang='grc' dir='ltr'><strong><em>συνεκάθισεν</em></strong></span> <span class='ocrx_word' id='word_1_17' title='bbox 825 580 933 653; x_wconf 87' lang='grc' dir='ltr'><strong><em>ἐντοῖς</em></strong></span> <span class='ocrx_word' id='word_1_18' title='bbox 949 579 1148 660; x_wconf 76' lang='grc' dir='ltr'><strong><em>ἐπουρανίοις·</em></strong></span> <span class='ocrx_word' id='word_1_19' title='bbox 1178 573 1221 653; x_wconf 81' lang='grc' dir='ltr'><strong><em>ἀς</em></strong></span> <span class='ocrx_word' id='word_1_20' title='bbox 1235 584 1437 663; x_wconf 85' lang='grc' dir='ltr'><strong><em>μαρτυροῦσιν</em></strong></span> 
     </span>
     <span class='ocr_line' id='line_1_4' title="bbox 290 675 1434 768; baseline 0.001 -26"><span class='ocrx_word' id='word_1_21' title='bbox 290 681 321 743; x_wconf 79' lang='grc' dir='ltr'><strong><em>οἱ</em></strong></span> <span class='ocrx_word' id='word_1_22' title='bbox 341 677 396 742; x_wconf 91' lang='grc' dir='ltr'><strong><em>δύο</em></strong></span> <span class='ocrx_word' id='word_1_23' title='bbox 419 681 450 742; x_wconf 83' lang='grc' dir='ltr'><strong><em>οί</em></strong></span> <span class='ocrx_word' id='word_1_24' title='bbox 467 681 498 743; x_wconf 85' lang='grc' dir='ltr'><strong><em>ἐν</em></strong></span> <span class='ocrx_word' id='word_1_25' title='bbox 517 681 620 762; x_wconf 77' lang='grc' dir='ltr'><strong><em>ἐσθῆτι</em></strong></span> <span class='ocrx_word' id='word_1_26' title='bbox 635 687 754 768; x_wconf 77' lang='grc' dir='ltr'><strong><em>λαμπρᾷ</em></strong></span> <span class='ocrx_word' id='word_1_27' title='bbox 771 678 913 761; x_wconf 85' lang='grc' dir='ltr'><strong><em>όφθέντες</em></strong></span> <span class='ocrx_word' id='word_1_28' title='bbox 930 677 1116 757; x_wconf 89' lang='grc' dir='ltr'><strong><em>ἀποστόλοις,</em></strong></span> <span class='ocrx_word' id='word_1_29' title='bbox 1140 675 1181 754; x_wconf 80' lang='grc' dir='ltr'><strong><em>ἀς</em></strong></span> <span class='ocrx_word' id='word_1_30' title='bbox 1195 680 1346 764; x_wconf 86' lang='grc' dir='ltr'><strong><em>λίγουσιν,</em></strong></span> <span class='ocrx_word' id='word_1_31' title='bbox 1364 676 1434 744; x_wconf 77' lang='grc' dir='ltr'><strong><em>Ἀν-</em></strong></span> 
     </span>
     <span class='ocr_line' id='line_1_5' title="bbox 289 773 1437 865; baseline 0 -20"><span class='ocrx_word' id='word_1_32' title='bbox 289 785 356 865; x_wconf 87' lang='grc' dir='ltr'><strong><em>δρες</em></strong></span> <span class='ocrx_word' id='word_1_33' title='bbox 372 788 527 861; x_wconf 87' lang='grc' dir='ltr'><strong><em>Γαλιλαῖοι,</em></strong></span> <span class='ocrx_word' id='word_1_34' title='bbox 546 788 573 846; x_wconf 89' lang='grc' dir='ltr'><strong><em>τί</em></strong></span> <span class='ocrx_word' id='word_1_35' title='bbox 590 781 726 865; x_wconf 76' lang='grc' dir='ltr'><strong><em>ἑστήκατε</em></strong></span> <span class='ocrx_word' id='word_1_36' title='bbox 742 780 912 859; x_wconf 76' lang='grc' dir='ltr'><strong><em>ἀτενίζοντες</em></strong></span> <span class='ocrx_word' id='word_1_37' title='bbox 929 784 970 857; x_wconf 90' lang='grc' dir='ltr'><strong><em>είς</em></strong></span> <span class='ocrx_word' id='word_1_38' title='bbox 985 779 1037 845; x_wconf 91' lang='grc' dir='ltr'><strong><em>τόν</em></strong></span> <span class='ocrx_word' id='word_1_39' title='bbox 1052 778 1196 865; x_wconf 76' lang='grc' dir='ltr'><strong><em>οῦρανόνς</em></strong></span> <span class='ocrx_word' id='word_1_40' title='bbox 1222 773 1336 857; x_wconf 66' lang='grc' dir='ltr'><strong><em>ὀὗτος</em></strong></span> <span class='ocrx_word' id='word_1_41' title='bbox 1351 777 1368 848; x_wconf 87' lang='grc' dir='ltr'><strong><em>ό</em></strong></span> <span class='ocrx_word' id='word_1_42' title='bbox 1382 779 1437 863; x_wconf 84' lang='grc' dir='ltr'><strong><em>Ἰη-</em></strong></span> 
     </span>
     <span class='ocr_line' id='line_1_6' title="bbox 290 880 1434 969; baseline 0.002 -22"><span class='ocrx_word' id='word_1_43' title='bbox 290 891 361 959; x_wconf 90' lang='grc' dir='ltr'><strong><em>σοῦς</em></strong></span> <span class='ocrx_word' id='word_1_44' title='bbox 377 880 394 948; x_wconf 90' lang='grc' dir='ltr'><strong><em>ό</em></strong></span> <span class='ocrx_word' id='word_1_45' title='bbox 410 880 462 964; x_wconf 86' lang='grc' dir='ltr'><strong><em>ἀφ’</em></strong></span> <span class='ocrx_word' id='word_1_46' title='bbox 476 881 560 966; x_wconf 85' lang='grc' dir='ltr'><strong><em>ῦμοῦν</em></strong></span> <span class='ocrx_word' id='word_1_47' title='bbox 578 881 761 966; x_wconf 70' lang='grc' dir='ltr'><strong><em>ἀναληφθεὶς</em></strong></span> <span class='ocrx_word' id='word_1_48' title='bbox 777 887 817 959; x_wconf 88' lang='grc' dir='ltr'><strong><em>είς</em></strong></span> <span class='ocrx_word' id='word_1_49' title='bbox 833 882 885 948; x_wconf 86' lang='grc' dir='ltr'><strong><em>τόν</em></strong></span> <span class='ocrx_word' id='word_1_50' title='bbox 903 881 1031 969; x_wconf 87' lang='grc' dir='ltr'><strong><em>οῦρανόν</em></strong></span> <span class='ocrx_word' id='word_1_51' title='bbox 1048 882 1143 960; x_wconf 86' lang='grc' dir='ltr'><strong><em>οῦτιος</em></strong></span> <span class='ocrx_word' id='word_1_52' title='bbox 1156 883 1301 950; x_wconf 75' lang='grc' dir='ltr'><strong><em>ἐλεύσεται</em></strong></span> <span class='ocrx_word' id='word_1_53' title='bbox 1319 882 1357 949; x_wconf 85' lang='grc' dir='ltr'><strong><em>δν</em></strong></span> <span class='ocrx_word' id='word_1_54' title='bbox 1370 883 1434 969; x_wconf 85' lang='grc' dir='ltr'><strong><em>τρό·</em></strong></span> 
     </span>
     <span class='ocr_line' id='line_1_7' title="bbox 290 983 1059 1070; baseline -0.001 -19"><span class='ocrx_word' id='word_1_55' title='bbox 290 1011 347 1051; x_wconf 90' lang='grc' dir='ltr'><strong><em>πον</em></strong></span> <span class='ocrx_word' id='word_1_56' title='bbox 368 983 533 1051; x_wconf 76' lang='grc' dir='ltr'><strong><em>ἐθεάσασθε</em></strong></span> <span class='ocrx_word' id='word_1_57' title='bbox 555 985 645 1052; x_wconf 88' lang='grc' dir='ltr'><strong><em>αῦτόν</em></strong></span> <span class='ocrx_word' id='word_1_58' title='bbox 666 984 951 1070; x_wconf 90' lang='grc' dir='ltr'><strong><em>ἀναλαμβανόμενον.</em></strong></span> <span class='ocrx_word' id='word_1_59' title='bbox 1053 1046 1059 1059; x_wconf 80' lang='grc'><strong><em>,</em></strong></span> 
     </span>
     <span class='ocr_line' id='line_1_8' title="bbox 256 1084 1435 1178; baseline 0.001 -27"><span class='ocrx_word' id='word_1_60' title='bbox 256 1095 271 1149; x_wconf 88' lang='grc'><strong><em>’.</em></strong></span> <span class='ocrx_word' id='word_1_61' title='bbox 375 1090 435 1152; x_wconf 83' lang='grc' dir='ltr'><strong><em>Καί</em></strong></span> <span class='ocrx_word' id='word_1_62' title='bbox 446 1092 496 1152; x_wconf 75' lang='grc' dir='ltr'><strong><em>ἵνα</em></strong></span> <span class='ocrx_word' id='word_1_63' title='bbox 511 1087 552 1171; x_wconf 78' lang='grc' dir='ltr'><strong><em>μὴ</em></strong></span> <span class='ocrx_word' id='word_1_64' title='bbox 565 1088 652 1155; x_wconf 91' lang='grc' dir='ltr'><strong><em>πάλιν</em></strong></span> <span class='ocrx_word' id='word_1_65' title='bbox 664 1094 744 1178; x_wconf 79' lang='grc' dir='ltr'><strong><em>δοθῇ</em></strong></span> <span class='ocrx_word' id='word_1_66' title='bbox 756 1110 802 1154; x_wconf 92' lang='grc' dir='ltr'><strong><em>σοι</em></strong></span> <span class='ocrx_word' id='word_1_67' title='bbox 814 1087 963 1173; x_wconf 87' lang='grc' dir='ltr'><strong><em>πρόφασις</em></strong></span> <span class='ocrx_word' id='word_1_68' title='bbox 974 1092 1119 1173; x_wconf 80' lang='grc' dir='ltr'><strong><em>πονηρίας</em></strong></span> <span class='ocrx_word' id='word_1_69' title='bbox 1129 1086 1205 1153; x_wconf 86' lang='grc' dir='ltr'><strong><em>κατά</em></strong></span> <span class='ocrx_word' id='word_1_70' title='bbox 1217 1094 1272 1170; x_wconf 80' lang='grc' dir='ltr'><strong><em>τῆς</em></strong></span> <span class='ocrx_word' id='word_1_71' title='bbox 1285 1084 1435 1171; x_wconf 78' lang='grc' dir='ltr'><strong><em>ἀληθείας,</em></strong></span> 
     </span>
     <span class='ocr_line' id='line_1_9' title="bbox 224 1186 1436 1285; baseline 0.001 -31"><span class='ocrx_word' id='word_1_72' title='bbox 224 1274 230 1285; x_wconf 31' lang='grc'>1</span> <span class='ocrx_word' id='word_1_73' title='bbox 290 1189 360 1273; x_wconf 86' lang='grc' dir='ltr'><strong><em>μετά</em></strong></span> <span class='ocrx_word' id='word_1_74' title='bbox 381 1189 487 1275; x_wconf 83' lang='grc' dir='ltr'><strong><em>χρόνον</em></strong></span> <span class='ocrx_word' id='word_1_75' title='bbox 509 1191 602 1257; x_wconf 86' lang='grc' dir='ltr'><strong><em>πολύν</em></strong></span> <span class='ocrx_word' id='word_1_76' title='bbox 623 1200 676 1275; x_wconf 83' lang='grc' dir='ltr'><strong><em>τῆς</em></strong></span> <span class='ocrx_word' id='word_1_77' title='bbox 696 1199 748 1256; x_wconf 90' lang='grc' dir='ltr'><strong><em>τοῦ</em></strong></span> <span class='ocrx_word' id='word_1_78' title='bbox 766 1198 897 1277; x_wconf 78' lang='grc' dir='ltr'><strong><em>σωτῆρος</em></strong></span> <span class='ocrx_word' id='word_1_79' title='bbox 918 1188 1002 1273; x_wconf 77' lang='grc' dir='ltr'><strong><em>ἡμῶν</em></strong></span> <span class='ocrx_word' id='word_1_80' title='bbox 1020 1188 1210 1272; x_wconf 78' lang='grc' dir='ltr'><strong><em>ἀναλήψεως,</em></strong></span> <span class='ocrx_word' id='word_1_81' title='bbox 1240 1186 1436 1270; x_wconf 84' lang='grc' dir='ltr'><strong><em>Στίφανοςό</em></strong></span> 
     </span>
     <span class='ocr_line' id='line_1_10' title="bbox 291 1290 1436 1379; baseline 0.002 -23"><span class='ocrx_word' id='word_1_82' title='bbox 291 1292 373 1378; x_wconf 82' lang='grc' dir='ltr'><strong><em>ἀγιος</em></strong></span> <span class='ocrx_word' id='word_1_83' title='bbox 394 1301 448 1358; x_wconf 89' lang='grc' dir='ltr'><strong><em>τοῦ</em></strong></span> <span class='ocrx_word' id='word_1_84' title='bbox 468 1302 543 1360; x_wconf 82' lang='grc' dir='ltr'><strong><em>θεοῦ</em></strong></span> <span class='ocrx_word' id='word_1_85' title='bbox 569 1293 703 1378; x_wconf 80' lang='grc' dir='ltr'><strong><em>1μάρτυρ</em></strong></span> <span class='ocrx_word' id='word_1_86' title='bbox 721 1292 911 1376; x_wconf 81' lang='grc' dir='ltr'><strong><em>λιθαζόμενος</em></strong></span> <span class='ocrx_word' id='word_1_87' title='bbox 931 1291 991 1357; x_wconf 85' lang='grc' dir='ltr'><strong><em>ἀπό</em></strong></span> <span class='ocrx_word' id='word_1_88' title='bbox 1012 1300 1071 1359; x_wconf 85' lang='grc' dir='ltr'><strong><em>τῶν</em></strong></span> <span class='ocrx_word' id='word_1_89' title='bbox 1088 1290 1239 1358; x_wconf 85' lang='grc' dir='ltr'><strong><em>Ἰουδαίων</em></strong></span> <span class='ocrx_word' id='word_1_90' title='bbox 1260 1290 1436 1379; x_wconf 84' lang='grc' dir='ltr'><strong><em>ἀπεκρίνατο</em></strong></span> 
     </span>
     <span class='ocr_line' id='line_1_11' title="bbox 290 1392 1436 1485; baseline 0.002 -26"><span class='ocrx_word' id='word_1_91' title='bbox 290 1397 394 1480; x_wconf 73' lang='grc' dir='ltr'><strong><em>λέγων,</em></strong></span> <span class='ocrx_word' id='word_1_92' title='bbox 415 1393 506 1474; x_wconf 81' lang='grc' dir='ltr'><strong><em>Ἰδού,</em></strong></span> <span class='ocrx_word' id='word_1_93' title='bbox 528 1394 589 1481; x_wconf 88' lang='grc' dir='ltr'><strong><em>όριῦ</em></strong></span> <span class='ocrx_word' id='word_1_94' title='bbox 603 1394 654 1461; x_wconf 87' lang='grc' dir='ltr'><strong><em>τόν</em></strong></span> <span class='ocrx_word' id='word_1_95' title='bbox 668 1392 795 1480; x_wconf 87' lang='grc' dir='ltr'><strong><em>οῦρανόν</em></strong></span> <span class='ocrx_word' id='word_1_96' title='bbox 813 1395 1011 1485; x_wconf 72' lang='grc' dir='ltr'><strong><em>ἀνεῳγμένον,</em></strong></span> <span class='ocrx_word' id='word_1_97' title='bbox 1034 1396 1084 1459; x_wconf 83' lang='grc' dir='ltr'><strong><em>καὶ</em></strong></span> <span class='ocrx_word' id='word_1_98' title='bbox 1100 1392 1152 1461; x_wconf 88' lang='grc' dir='ltr'><strong><em>τόν</em></strong></span> <span class='ocrx_word' id='word_1_99' title='bbox 1166 1394 1234 1460; x_wconf 86' lang='grc' dir='ltr'><strong><em>υίόν</em></strong></span> <span class='ocrx_word' id='word_1_100' title='bbox 1249 1402 1304 1461; x_wconf 89' lang='grc' dir='ltr'><strong><em>τοῦ</em></strong></span> <span class='ocrx_word' id='word_1_101' title='bbox 1317 1392 1436 1479; x_wconf 81' lang='grc' dir='ltr'><strong><em>ἀνθρύ-</em></strong></span> 
     </span>
     <span class='ocr_line' id='line_1_12' title="bbox 291 1494 1435 1586; baseline 0.002 -25"><span class='ocrx_word' id='word_1_102' title='bbox 291 1523 351 1561; x_wconf 87' lang='grc' dir='ltr'><strong><em>πον</em></strong></span> <span class='ocrx_word' id='word_1_103' title='bbox 371 1499 478 1562; x_wconf 77' lang='grc' dir='ltr'><strong><em>ἑστῶτα</em></strong></span> <span class='ocrx_word' id='word_1_104' title='bbox 500 1501 531 1563; x_wconf 85' lang='grc' dir='ltr'><strong><em>ἐκ</em></strong></span> <span class='ocrx_word' id='word_1_105' title='bbox 549 1502 650 1575; x_wconf 83' lang='grc' dir='ltr'><strong><em>δεξιοῦν</em></strong></span> <span class='ocrx_word' id='word_1_106' title='bbox 670 1505 722 1562; x_wconf 89' lang='grc' dir='ltr'><strong><em>τοῦ</em></strong></span> <span class='ocrx_word' id='word_1_107' title='bbox 739 1497 863 1583; x_wconf 86' lang='grc' dir='ltr'><strong><em>πατρός·</em></strong></span> <span class='ocrx_word' id='word_1_108' title='bbox 891 1501 941 1563; x_wconf 79' lang='grc' dir='ltr'><strong><em>ἵνα</em></strong></span> <span class='ocrx_word' id='word_1_109' title='bbox 961 1501 1041 1586; x_wconf 84' lang='grc' dir='ltr'><strong><em>δείξη</em></strong></span> <span class='ocrx_word' id='word_1_110' title='bbox 1063 1494 1134 1562; x_wconf 87' lang='grc' dir='ltr'><strong><em>αῦτό</em></strong></span> <span class='ocrx_word' id='word_1_111' title='bbox 1155 1496 1189 1563; x_wconf 86' lang='grc' dir='ltr'><strong><em>τό</em></strong></span> <span class='ocrx_word' id='word_1_112' title='bbox 1211 1505 1298 1581; x_wconf 78' lang='grc' dir='ltr'><strong><em>σῶμα</em></strong></span> <span class='ocrx_word' id='word_1_113' title='bbox 1318 1501 1351 1565; x_wconf 82' lang='grc' dir='ltr'><strong><em>ἐν</em></strong></span> <span class='ocrx_word' id='word_1_114' title='bbox 1368 1496 1435 1579; x_wconf 84' lang='grc' dir='ltr'><strong><em>ἀλη·</em></strong></span> 
     </span>
     <span class='ocr_line' id='line_1_13' title="bbox 290 1598 1436 1688; baseline 0.002 -26"><span class='ocrx_word' id='word_1_115' title='bbox 290 1603 359 1688; x_wconf 75' lang='grc' dir='ltr'><strong><em>θεία</em></strong></span> <span class='ocrx_word' id='word_1_116' title='bbox 375 1602 416 1675; x_wconf 89' lang='grc' dir='ltr'><strong><em>είς</em></strong></span> <span class='ocrx_word' id='word_1_117' title='bbox 429 1599 626 1683; x_wconf 86' lang='grc' dir='ltr'><strong><em>πνευματικόν</em></strong></span> <span class='ocrx_word' id='word_1_118' title='bbox 643 1598 793 1665; x_wconf 58' lang='grc' dir='ltr'><strong><em>θάναστάν</em></strong></span> <span class='ocrx_word' id='word_1_119' title='bbox 809 1599 863 1665; x_wconf 82' lang='grc' dir='ltr'><strong><em>σύν</em></strong></span> <span class='ocrx_word' id='word_1_120' title='bbox 876 1598 997 1682; x_wconf 88' lang='grc' dir='ltr'><strong><em>θεότητι</em></strong></span> <span class='ocrx_word' id='word_1_121' title='bbox 1013 1607 1066 1665; x_wconf 90' lang='grc' dir='ltr'><strong><em>τοῦ</em></strong></span> <span class='ocrx_word' id='word_1_122' title='bbox 1085 1607 1278 1685; x_wconf 82' lang='grc' dir='ltr'><strong><em>μονογενοῦς,</em></strong></span> <span class='ocrx_word' id='word_1_123' title='bbox 1307 1598 1377 1667; x_wconf 80' lang='grc' dir='ltr'><strong><em>ῦλον</em></strong></span> <span class='ocrx_word' id='word_1_124' title='bbox 1395 1602 1436 1675; x_wconf 90' lang='grc' dir='ltr'><strong><em>είς</em></strong></span> 
     </span>
     <span class='ocr_line' id='line_1_14' title="bbox 292 1699 1435 1785; baseline 0.001 -19"><span class='ocrx_word' id='word_1_125' title='bbox 292 1700 488 1785; x_wconf 83' lang='grc' dir='ltr'><strong><em>πνευματικόν</em></strong></span> <span class='ocrx_word' id='word_1_126' title='bbox 510 1704 619 1768; x_wconf 78' lang='grc' dir='ltr'><strong><em>ἕνωθίν</em></strong></span> <span class='ocrx_word' id='word_1_127' title='bbox 640 1705 689 1768; x_wconf 85' lang='grc' dir='ltr'><strong><em>καί</em></strong></span> <span class='ocrx_word' id='word_1_128' title='bbox 712 1707 754 1778; x_wconf 91' lang='grc' dir='ltr'><strong><em>είς</em></strong></span> <span class='ocrx_word' id='word_1_129' title='bbox 768 1702 896 1785; x_wconf 87' lang='grc' dir='ltr'><strong><em>θεότητα</em></strong></span> <span class='ocrx_word' id='word_1_130' title='bbox 914 1704 1126 1785; x_wconf 78' lang='grc' dir='ltr'><strong><em>συνηνωμένον.</em></strong></span> <span class='ocrx_word' id='word_1_131' title='bbox 1161 1700 1246 1768; x_wconf 78' lang='grc' dir='ltr'><strong><em>’Ἇνω</em></strong></span> <span class='ocrx_word' id='word_1_132' title='bbox 1263 1704 1296 1769; x_wconf 84' lang='grc' dir='ltr'><strong><em>δέ</em></strong></span> <span class='ocrx_word' id='word_1_133' title='bbox 1313 1699 1388 1769; x_wconf 85' lang='grc' dir='ltr'><strong><em>αῦτδ</em></strong></span> <span class='ocrx_word' id='word_1_134' title='bbox 1402 1699 1435 1767; x_wconf 90' lang='grc' dir='ltr'><strong><em>τό</em></strong></span> 
     </span>
     <span class='ocr_line' id='line_1_15' title="bbox 292 1801 1434 1894; baseline -0.001 -24"><span class='ocrx_word' id='word_1_135' title='bbox 292 1804 375 1890; x_wconf 80' lang='grc' dir='ltr'><strong><em>ἀγιον</em></strong></span> <span class='ocrx_word' id='word_1_136' title='bbox 390 1813 474 1888; x_wconf 78' lang='grc' dir='ltr'><strong><em>σῶμα</em></strong></span> <span class='ocrx_word' id='word_1_137' title='bbox 489 1806 543 1870; x_wconf 84' lang='grc' dir='ltr'><strong><em>σύν</em></strong></span> <span class='ocrx_word' id='word_1_138' title='bbox 558 1810 593 1894; x_wconf 70' lang='grc' dir='ltr'><strong><em>τῇ</em></strong></span> <span class='ocrx_word' id='word_1_139' title='bbox 607 1804 727 1888; x_wconf 88' lang='grc' dir='ltr'><strong><em>θεότητι</em></strong></span> <span class='ocrx_word' id='word_1_140' title='bbox 743 1804 809 1881; x_wconf 84' lang='grc' dir='ltr'><strong><em>ῦλος</em></strong></span> <span class='ocrx_word' id='word_1_141' title='bbox 826 1804 912 1882; x_wconf 88' lang='grc' dir='ltr'><strong><em>θεός,</em></strong></span> <span class='ocrx_word' id='word_1_142' title='bbox 936 1802 978 1881; x_wconf 92' lang='grc' dir='ltr'><strong><em>είς</em></strong></span> <span class='ocrx_word' id='word_1_143' title='bbox 993 1803 1058 1881; x_wconf 81' lang='grc' dir='ltr'><strong><em>οἷός</em></strong></span> <span class='ocrx_word' id='word_1_144' title='bbox 1073 1801 1092 1871; x_wconf 87' lang='grc' dir='ltr'><strong><em>ό</em></strong></span> <span class='ocrx_word' id='word_1_145' title='bbox 1107 1803 1191 1890; x_wconf 79' lang='grc' dir='ltr'><strong><em>ἀγιος</em></strong></span> <span class='ocrx_word' id='word_1_146' title='bbox 1203 1812 1257 1871; x_wconf 91' lang='grc' dir='ltr'><strong><em>τοῦ</em></strong></span> <span class='ocrx_word' id='word_1_147' title='bbox 1271 1812 1364 1883; x_wconf 87' lang='grc' dir='ltr'><strong><em>θεοῦ,</em></strong></span> <span class='ocrx_word' id='word_1_148' title='bbox 1384 1830 1434 1869; x_wconf 80' lang='grc' dir='ltr'><strong><em>κα-</em></strong></span> 
     </span>
     <span class='ocr_line' id='line_1_16' title="bbox 292 1904 1437 1996; baseline 0.001 -24"><span class='ocrx_word' id='word_1_149' title='bbox 292 1906 449 1991; x_wconf 78' lang='grc' dir='ltr'><strong><em>θεζόμενος</em></strong></span> <span class='ocrx_word' id='word_1_150' title='bbox 463 1911 494 1973; x_wconf 87' lang='grc' dir='ltr'><strong><em>ἐν</em></strong></span> <span class='ocrx_word' id='word_1_151' title='bbox 507 1912 587 1996; x_wconf 75' lang='grc' dir='ltr'><strong><em>δεξιᾷ</em></strong></span> <span class='ocrx_word' id='word_1_152' title='bbox 602 1916 654 1973; x_wconf 90' lang='grc' dir='ltr'><strong><em>τοῦ</em></strong></span> <span class='ocrx_word' id='word_1_153' title='bbox 668 1907 793 1991; x_wconf 85' lang='grc' dir='ltr'><strong><em>πατρός,</em></strong></span> <span class='ocrx_word' id='word_1_154' title='bbox 817 1905 858 1984; x_wconf 82' lang='grc' dir='ltr'><strong><em>ἀς</em></strong></span> <span class='ocrx_word' id='word_1_155' title='bbox 872 1911 926 1990; x_wconf 69' lang='grc' dir='ltr'><strong><em>ἔχει</em></strong></span> <span class='ocrx_word' id='word_1_156' title='bbox 941 1910 991 1972; x_wconf 82' lang='grc' dir='ltr'><strong><em>καὶ</em></strong></span> <span class='ocrx_word' id='word_1_157' title='bbox 1005 1905 1039 1972; x_wconf 87' lang='grc' dir='ltr'><strong><em>τό</em></strong></span> <span class='ocrx_word' id='word_1_158' title='bbox 1055 1914 1108 1973; x_wconf 87' lang='grc' dir='ltr'><strong><em>τοῦ</em></strong></span> <span class='ocrx_word' id='word_1_159' title='bbox 1123 1905 1257 1993; x_wconf 89' lang='grc' dir='ltr'><strong><em>Μάρκον</em></strong></span> <span class='ocrx_word' id='word_1_160' title='bbox 1270 1904 1437 1994; x_wconf 81' lang='grc' dir='ltr'><strong><em>εύαγγίλισν</em></strong></span> 
     </span>
     <span class='ocr_line' id='line_1_17' title="bbox 292 2007 1435 2095; baseline 0.001 -21"><span class='ocrx_word' id='word_1_161' title='bbox 292 2012 416 2075; x_wconf 78' lang='grc' dir='ltr'><strong><em>καὶτῶν</em></strong></span> <span class='ocrx_word' id='word_1_162' title='bbox 433 2009 525 2076; x_wconf 85' lang='grc' dir='ltr'><strong><em>ἀλλων</em></strong></span> <span class='ocrx_word' id='word_1_163' title='bbox 544 2009 763 2095; x_wconf 81' lang='grc' dir='ltr'><strong><em>εῦαγγελιστῦν,</em></strong></span> <span class='ocrx_word' id='word_1_164' title='bbox 792 2013 853 2075; x_wconf 78' lang='grc' dir='ltr'><strong><em>Καὶ</em></strong></span> <span class='ocrx_word' id='word_1_165' title='bbox 870 2008 998 2093; x_wconf 79' lang='grc' dir='ltr'><strong><em>ἀνῆλθεν</em></strong></span> <span class='ocrx_word' id='word_1_166' title='bbox 1015 2012 1056 2085; x_wconf 84' lang='grc' dir='ltr'><strong><em>τίς</em></strong></span> <span class='ocrx_word' id='word_1_167' title='bbox 1073 2007 1235 2095; x_wconf 87' lang='grc' dir='ltr'><strong><em>ούρανούς,</em></strong></span> <span class='ocrx_word' id='word_1_168' title='bbox 1267 2012 1318 2075; x_wconf 88' lang='grc' dir='ltr'><strong><em>καί</em></strong></span> <span class='ocrx_word' id='word_1_169' title='bbox 1335 2012 1435 2075; x_wconf 85' lang='grc' dir='ltr'><strong><em>ίκάθι-</em></strong></span> 
     </span>
     <span class='ocr_line' id='line_1_18' title="bbox 293 2111 1437 2200; baseline -0.001 -22"><span class='ocrx_word' id='word_1_170' title='bbox 293 2135 341 2178; x_wconf 87' lang='grc' dir='ltr'><strong><em>σεν</em></strong></span> <span class='ocrx_word' id='word_1_171' title='bbox 361 2115 392 2179; x_wconf 80' lang='grc' dir='ltr'><strong><em>ἐν</em></strong></span> <span class='ocrx_word' id='word_1_172' title='bbox 413 2117 491 2200; x_wconf 78' lang='grc' dir='ltr'><strong><em>δεξιᾷ</em></strong></span> <span class='ocrx_word' id='word_1_173' title='bbox 513 2120 565 2178; x_wconf 89' lang='grc' dir='ltr'><strong><em>τοῦ</em></strong></span> <span class='ocrx_word' id='word_1_174' title='bbox 587 2112 704 2198; x_wconf 89' lang='grc' dir='ltr'><strong><em>πατρός.</em></strong></span> <span class='ocrx_word' id='word_1_175' title='bbox 749 2116 810 2178; x_wconf 79' lang='grc' dir='ltr'><strong><em>Καὶ</em></strong></span> <span class='ocrx_word' id='word_1_176' title='bbox 827 2111 1012 2196; x_wconf 82' lang='grc' dir='ltr'><strong><em>πανταχόθεν</em></strong></span> <span class='ocrx_word' id='word_1_177' title='bbox 1029 2116 1207 2179; x_wconf 83' lang='grc' dir='ltr'><strong><em>διαπεσεῖταί</em></strong></span> <span class='ocrx_word' id='word_1_178' title='bbox 1226 2133 1285 2179; x_wconf 86' lang='grc' dir='ltr'><strong><em>σον</em></strong></span> <span class='ocrx_word' id='word_1_179' title='bbox 1305 2114 1358 2179; x_wconf 76' lang='grc' dir='ltr'><strong><em>καί</em></strong></span> <span class='ocrx_word' id='word_1_180' title='bbox 1378 2118 1437 2177; x_wconf 78' lang='grc' dir='ltr'><strong><em>τῶν</em></strong></span> 
     </span>
     <span class='ocr_line' id='line_1_19' title="bbox 292 2213 978 2301; baseline -0.003 -21"><span class='ocrx_word' id='word_1_181' title='bbox 292 2213 352 2281; x_wconf 87' lang='grc' dir='ltr'><strong><em>ύπδ</em></strong></span> <span class='ocrx_word' id='word_1_182' title='bbox 374 2223 429 2281; x_wconf 91' lang='grc' dir='ltr'><strong><em>σοῦ</em></strong></span> <span class='ocrx_word' id='word_1_183' title='bbox 450 2218 678 2299; x_wconf 78' lang='grc' dir='ltr'><strong><em>πεπλανημένων</em></strong></span> <span class='ocrx_word' id='word_1_184' title='bbox 700 2213 718 2281; x_wconf 88' lang='grc' dir='ltr'><strong><em>ό</em></strong></span> <span class='ocrx_word' id='word_1_185' title='bbox 739 2214 866 2301; x_wconf 82' lang='grc' dir='ltr'><strong><em>ἀγύρτης</em></strong></span> <span class='ocrx_word' id='word_1_186' title='bbox 886 2215 978 2300; x_wconf 85' lang='grc' dir='ltr'><strong><em>λόγος.</em></strong></span> 
     </span>
     <span class='ocr_line' id='line_1_20' title="bbox 378 2314 1435 2403; baseline 0.001 -21"><span class='ocrx_word' id='word_1_187' title='bbox 378 2320 439 2382; x_wconf 85' lang='grc' dir='ltr'><strong><em>Καί</em></strong></span> <span class='ocrx_word' id='word_1_188' title='bbox 456 2320 523 2403; x_wconf 86' lang='grc' dir='ltr'><strong><em>περί</em></strong></span> <span class='ocrx_word' id='word_1_189' title='bbox 540 2326 652 2403; x_wconf 79' lang='grc' dir='ltr'><strong><em>νεκρῶν</em></strong></span> <span class='ocrx_word' id='word_1_190' title='bbox 671 2316 852 2394; x_wconf 79' lang='grc' dir='ltr'><strong><em>ἀναστάσεως</em></strong></span> <span class='ocrx_word' id='word_1_191' title='bbox 869 2316 959 2383; x_wconf 86' lang='grc' dir='ltr'><strong><em>ἀκουε</em></strong></span> <span class='ocrx_word' id='word_1_192' title='bbox 975 2326 1029 2385; x_wconf 90' lang='grc' dir='ltr'><strong><em>τοῦ</em></strong></span> <span class='ocrx_word' id='word_1_193' title='bbox 1046 2316 1211 2385; x_wconf 81' lang='grc' dir='ltr'><strong><em>ἀποστόλου</em></strong></span> <span class='ocrx_word' id='word_1_194' title='bbox 1227 2318 1366 2403; x_wconf 82' lang='grc' dir='ltr'><strong><em>λίγοντος</em></strong></span> <span class='ocrx_word' id='word_1_195' title='bbox 1381 2314 1435 2395; x_wconf 77' lang='grc' dir='ltr'><strong><em>ὅτι,</em></strong></span> 
     </span>
     <span class='ocr_line' id='line_1_21' title="bbox 295 2418 1436 2507; baseline 0 -22"><span class='ocrx_word' id='word_1_196' title='bbox 295 2429 350 2485; x_wconf 83' lang='grc' dir='ltr'><strong><em>Δεῖ</em></strong></span> <span class='ocrx_word' id='word_1_197' title='bbox 369 2418 401 2486; x_wconf 87' lang='grc' dir='ltr'><strong><em>τό</em></strong></span> <span class='ocrx_word' id='word_1_198' title='bbox 423 2419 562 2506; x_wconf 89' lang='grc' dir='ltr'><strong><em>φθαρτόν</em></strong></span> <span class='ocrx_word' id='word_1_199' title='bbox 583 2429 669 2486; x_wconf 87' lang='grc' dir='ltr'><strong><em>τοῦτο</em></strong></span> <span class='ocrx_word' id='word_1_200' title='bbox 686 2419 866 2487; x_wconf 75' lang='grc' dir='ltr'><strong><em>ἐνδύσασθαι</em></strong></span> <span class='ocrx_word' id='word_1_201' title='bbox 882 2418 1070 2507; x_wconf 88' lang='grc' dir='ltr'><strong><em>ἀφθαρσίαν,</em></strong></span> <span class='ocrx_word' id='word_1_202' title='bbox 1096 2422 1148 2485; x_wconf 83' lang='grc' dir='ltr'><strong><em>καί</em></strong></span> <span class='ocrx_word' id='word_1_203' title='bbox 1169 2419 1203 2485; x_wconf 87' lang='grc' dir='ltr'><strong><em>τό</em></strong></span> <span class='ocrx_word' id='word_1_204' title='bbox 1218 2418 1335 2503; x_wconf 78' lang='grc' dir='ltr'><strong><em>θνητόν</em></strong></span> <span class='ocrx_word' id='word_1_205' title='bbox 1350 2426 1436 2485; x_wconf 78' lang='grc' dir='ltr'><strong><em>τοῦτο</em></strong></span> 
     </span>
     <span class='ocr_line' id='line_1_22' title="bbox 294 2518 1436 2610; baseline -0.001 -21"><span class='ocrx_word' id='word_1_206' title='bbox 294 2522 473 2589; x_wconf 77' lang='grc' dir='ltr'><strong><em>ἐνδύσασθαι</em></strong></span> <span class='ocrx_word' id='word_1_207' title='bbox 486 2521 660 2588; x_wconf 88' lang='grc' dir='ltr'><strong><em>ἀθανασίαν.</em></strong></span> <span class='ocrx_word' id='word_1_208' title='bbox 708 2525 746 2586; x_wconf 81' lang='grc' dir='ltr'><strong><em>Εἰ</em></strong></span> <span class='ocrx_word' id='word_1_209' title='bbox 758 2522 798 2607; x_wconf 75' lang='grc' dir='ltr'><strong><em>μὴ</em></strong></span> <span class='ocrx_word' id='word_1_210' title='bbox 812 2521 867 2610; x_wconf 83' lang='grc' dir='ltr'><strong><em>γάρ</em></strong></span> <span class='ocrx_word' id='word_1_211' title='bbox 881 2526 975 2606; x_wconf 82' lang='grc' dir='ltr'><strong><em>ἐμελλε</em></strong></span> <span class='ocrx_word' id='word_1_212' title='bbox 987 2523 1020 2590; x_wconf 91' lang='grc' dir='ltr'><strong><em>τό</em></strong></span> <span class='ocrx_word' id='word_1_213' title='bbox 1035 2520 1148 2607; x_wconf 88' lang='grc' dir='ltr'><strong><em>θνητόν</em></strong></span> <span class='ocrx_word' id='word_1_214' title='bbox 1160 2520 1348 2589; x_wconf 73' lang='grc' dir='ltr'><strong><em>ἐνδύσασθαι</em></strong></span> <span class='ocrx_word' id='word_1_215' title='bbox 1361 2518 1436 2588; x_wconf 71' lang='lat' dir='ltr'><strong>«¹0oe-</strong></span> 
     </span>
     <span class='ocr_line' id='line_1_23' title="bbox 292 2621 1438 2712; baseline 0 -21"><span class='ocrx_word' id='word_1_216' title='bbox 292 2630 411 2705; x_wconf 84' lang='grc' dir='ltr'><strong><em>νασίαν,</em></strong></span> <span class='ocrx_word' id='word_1_217' title='bbox 438 2627 489 2690; x_wconf 81' lang='grc' dir='ltr'><strong><em>καί</em></strong></span> <span class='ocrx_word' id='word_1_218' title='bbox 504 2624 537 2691; x_wconf 89' lang='grc' dir='ltr'><strong><em>τό</em></strong></span> <span class='ocrx_word' id='word_1_219' title='bbox 552 2623 688 2712; x_wconf 89' lang='grc' dir='ltr'><strong><em>φθαρτόν</em></strong></span> <span class='ocrx_word' id='word_1_220' title='bbox 705 2624 885 2690; x_wconf 77' lang='grc' dir='ltr'><strong><em>ἐνδύσασθαι</em></strong></span> <span class='ocrx_word' id='word_1_221' title='bbox 901 2623 1091 2712; x_wconf 88' lang='grc' dir='ltr'><strong><em>ἀφθαρσίαν,</em></strong></span> <span class='ocrx_word' id='word_1_222' title='bbox 1121 2623 1177 2691; x_wconf 85' lang='grc' dir='ltr'><strong><em>οῦκ</em></strong></span> <span class='ocrx_word' id='word_1_223' title='bbox 1193 2622 1231 2691; x_wconf 73' lang='grc' dir='ltr'><strong><em>ἀν</em></strong></span> <span class='ocrx_word' id='word_1_224' title='bbox 1248 2622 1268 2691; x_wconf 86' lang='grc' dir='ltr'><strong><em>ό</em></strong></span> <span class='ocrx_word' id='word_1_225' title='bbox 1285 2621 1438 2701; x_wconf 83' lang='grc' dir='ltr'><strong><em>ἀθάνατος</em></strong></span> 
     </span>
     <span class='ocr_line' id='line_1_24' title="bbox 176 2720 1436 2818; baseline 0.003 -29"><span class='ocrx_word' id='word_1_226' title='bbox 176 2758 225 2804; x_wconf 71' lang='lat' dir='ltr'><strong><em>pag.</em></strong></span> <span class='ocrx_word' id='word_1_227' title='bbox 238 2747 282 2790; x_wconf 70' lang='grc' dir='ltr'><strong><em>αττ.</em></strong></span> <span class='ocrx_word' id='word_1_228' title='bbox 296 2739 401 2794; x_wconf 86' lang='grc' dir='ltr'><strong><em>θανεῖν</em></strong></span> <span class='ocrx_word' id='word_1_229' title='bbox 416 2720 507 2811; x_wconf 80' lang='grc' dir='ltr'><strong><em>ἦλθεν</em></strong></span> <span class='ocrx_word' id='word_1_230' title='bbox 522 2732 572 2793; x_wconf 78' lang='grc' dir='ltr'><strong><em>ἵνα</em></strong></span> <span class='ocrx_word' id='word_1_231' title='bbox 587 2732 619 2795; x_wconf 84' lang='grc' dir='ltr'><strong><em>ἐν</em></strong></span> <span class='ocrx_word' id='word_1_232' title='bbox 635 2726 711 2818; x_wconf 77' lang='grc' dir='ltr'><strong><em>αύτῷ</em></strong></span> <span class='ocrx_word' id='word_1_233' title='bbox 727 2727 831 2818; x_wconf 83' lang='grc' dir='ltr'><strong><em>πάθη,</em></strong></span> <span class='ocrx_word' id='word_1_234' title='bbox 860 2730 911 2793; x_wconf 88' lang='grc' dir='ltr'><strong><em>καί</em></strong></span> <span class='ocrx_word' id='word_1_235' title='bbox 924 2732 1081 2812; x_wconf 79' lang='grc' dir='ltr'><strong><em>κοιμηθεὶς</em></strong></span> <span class='ocrx_word' id='word_1_236' title='bbox 1095 2726 1128 2794; x_wconf 84' lang='grc' dir='ltr'><strong><em>τό</em></strong></span> <span class='ocrx_word' id='word_1_237' title='bbox 1142 2726 1299 2814; x_wconf 75' lang='grc' dir='ltr'><strong><em>τριήμερον</em></strong></span> <span class='ocrx_word' id='word_1_238' title='bbox 1315 2724 1436 2817; x_wconf 73' lang='grc' dir='ltr'><strong><em>ἀναστῇ,</em></strong></span> 
     </span>
     <span class='ocr_line' id='line_1_25' title="bbox 293 2826 1438 2922; baseline 0.001 -26"><span class='ocrx_word' id='word_1_239' title='bbox 293 2834 343 2896; x_wconf 89' lang='grc' dir='ltr'><strong><em>καί</em></strong></span> <span class='ocrx_word' id='word_1_240' title='bbox 357 2833 550 2920; x_wconf 82' lang='grc' dir='ltr'><strong><em>σονανενέγκη</em></strong></span> <span class='ocrx_word' id='word_1_241' title='bbox 565 2833 596 2896; x_wconf 90' lang='grc' dir='ltr'><strong><em>ἐν</em></strong></span> <span class='ocrx_word' id='word_1_242' title='bbox 618 2833 728 2920; x_wconf 64' lang='grc' dir='ltr'><strong><em>3ἓαντρῖ</em></strong></span> <span class='ocrx_word' id='word_1_243' title='bbox 745 2838 779 2919; x_wconf 68' lang='grc' dir='ltr'><strong><em>τῇ</em></strong></span> <span class='ocrx_word' id='word_1_244' title='bbox 797 2829 918 2914; x_wconf 87' lang='grc' dir='ltr'><strong><em>θεότητι</em></strong></span> <span class='ocrx_word' id='word_1_245' title='bbox 932 2833 983 2897; x_wconf 86' lang='grc' dir='ltr'><strong><em>καί</em></strong></span> <span class='ocrx_word' id='word_1_246' title='bbox 1000 2828 1140 2922; x_wconf 74' lang='grc' dir='ltr'><strong><em>τῇαῦτοῦ</em></strong></span> <span class='ocrx_word' id='word_1_247' title='bbox 1159 2826 1248 2919; x_wconf 76' lang='grc' dir='ltr'><strong><em>δόξῃ,</em></strong></span> <span class='ocrx_word' id='word_1_248' title='bbox 1269 2832 1322 2897; x_wconf 79' lang='grc' dir='ltr'><strong><em>ίνα</em></strong></span> <span class='ocrx_word' id='word_1_249' title='bbox 1337 2834 1373 2897; x_wconf 81' lang='grc' dir='ltr'><strong><em>ἐκ</em></strong></span> <span class='ocrx_word' id='word_1_250' title='bbox 1386 2836 1438 2913; x_wconf 74' lang='grc' dir='ltr'><strong><em>τῆς</em></strong></span> 
     </span>
     <span class='ocr_line' id='line_1_26' title="bbox 295 2929 1437 3020; baseline -0.001 -20"><span class='ocrx_word' id='word_1_251' title='bbox 295 2932 385 3000; x_wconf 86' lang='grc' dir='ltr'><strong><em>αύτοῦ</em></strong></span> <span class='ocrx_word' id='word_1_252' title='bbox 408 2931 525 3020; x_wconf 84' lang='grc' dir='ltr'><strong><em>ἀγαθῆς</em></strong></span> <span class='ocrx_word' id='word_1_253' title='bbox 545 2931 620 3018; x_wconf 91' lang='grc' dir='ltr'><strong><em>πρός</em></strong></span> <span class='ocrx_word' id='word_1_254' title='bbox 640 2931 719 3016; x_wconf 78' lang='grc' dir='ltr'><strong><em>ἡμᾶς</em></strong></span> <span class='ocrx_word' id='word_1_255' title='bbox 734 2937 874 3016; x_wconf 80' lang='grc' dir='ltr'><strong><em>ἐνδημίας</em></strong></span> <span class='ocrx_word' id='word_1_256' title='bbox 894 2932 947 3017; x_wconf 76' lang='grc' dir='ltr'><strong><em>τὴν</em></strong></span> <span class='ocrx_word' id='word_1_257' title='bbox 962 2940 1060 2999; x_wconf 79' lang='grc' dir='ltr'><strong><em>πᾶσαν</em></strong></span> <span class='ocrx_word' id='word_1_258' title='bbox 1077 2934 1180 3000; x_wconf 82' lang='grc' dir='ltr'><strong><em>ἐλπίδα</em></strong></span> <span class='ocrx_word' id='word_1_259' title='bbox 1196 2929 1387 3017; x_wconf 76' lang='grc' dir='ltr'><strong><em>κατάσχωμεν</em></strong></span> <span class='ocrx_word' id='word_1_260' title='bbox 1405 2934 1437 2999; x_wconf 81' lang='grc' dir='ltr'><strong><em>ἐν</em></strong></span> 
     </span>
     <span class='ocr_line' id='line_1_27' title="bbox 294 3033 1438 3124; baseline 0.002 -23"><span class='ocrx_word' id='word_1_261' title='bbox 294 3034 431 3124; x_wconf 75' lang='grc' dir='ltr'><strong><em>ἀληθείᾳ,</em></strong></span> <span class='ocrx_word' id='word_1_262' title='bbox 461 3033 637 3111; x_wconf 82' lang='grc' dir='ltr'><strong><em>ἀποδεικνύς</em></strong></span> <span class='ocrx_word' id='word_1_263' title='bbox 652 3034 758 3102; x_wconf 77' lang='grc' dir='ltr'><strong><em>ἑαυτόν</em></strong></span> <span class='ocrx_word' id='word_1_264' title='bbox 774 3035 868 3102; x_wconf 87' lang='grc' dir='ltr'><strong><em>τύπον</em></strong></span> <span class='ocrx_word' id='word_1_265' title='bbox 884 3033 1019 3119; x_wconf 76' lang='grc' dir='ltr'><strong><em>ἡμῖνκαὶ</em></strong></span> <span class='ocrx_word' id='word_1_266' title='bbox 1034 3034 1194 3123; x_wconf 79' lang='grc' dir='ltr'><strong><em>ἀρραβῶνα</em></strong></span> <span class='ocrx_word' id='word_1_267' title='bbox 1207 3036 1250 3113; x_wconf 87' lang='grc' dir='ltr'><strong><em>είς</em></strong></span> <span class='ocrx_word' id='word_1_268' title='bbox 1268 3036 1373 3103; x_wconf 68' lang='grc' dir='ltr'><strong><em>ἐλπίδα</em></strong></span> <span class='ocrx_word' id='word_1_269' title='bbox 1385 3040 1438 3119; x_wconf 76' lang='grc' dir='ltr'><strong><em>τῆς</em></strong></span> 
     </span>
     <span class='ocr_line' id='line_1_28' title="bbox 293 3137 708 3225; baseline -0.005 -20"><span class='ocrx_word' id='word_1_270' title='bbox 293 3137 390 3222; x_wconf 86' lang='grc' dir='ltr'><strong><em>πάσης</em></strong></span> <span class='ocrx_word' id='word_1_271' title='bbox 410 3145 485 3222; x_wconf 81' lang='grc' dir='ltr'><strong><em>ζωῆς</em></strong></span> <span class='ocrx_word' id='word_1_272' title='bbox 505 3142 708 3225; x_wconf 86' lang='grc' dir='ltr'><strong><em>πραγματείας.</em></strong></span> 
     </span>
    </p>
   </div>
   <div class='ocr_carea' id='block_1_3' title="bbox 166 3444 1437 3739">
    <p class='ocr_par' dir='ltr' id='par_1_3' title="bbox 166 3444 1437 3739">
     <span class='ocr_line' id='line_1_29' title="bbox 166 3444 1437 3533; baseline 0.003 -26"><span class='ocrx_word' id='word_1_273' title='bbox 166 3455 232 3522; x_wconf 75' lang='grc' dir='ltr'><strong><em>Κεφ.</em></strong></span> <span class='ocrx_word' id='word_1_274' title='bbox 251 3451 281 3516; x_wconf 74' lang='grc' dir='ltr'><strong><em>λ’·</em></strong></span> <span class='ocrx_word' id='word_1_275' title='bbox 386 3450 505 3513; x_wconf 85' lang='grc' dir='ltr'><strong><em>Τούτων</em></strong></span> <span class='ocrx_word' id='word_1_276' title='bbox 528 3448 560 3512; x_wconf 81' lang='grc' dir='ltr'><strong><em>δὲ</em></strong></span> <span class='ocrx_word' id='word_1_277' title='bbox 581 3446 675 3523; x_wconf 86' lang='grc' dir='ltr'><strong><em>οῦτως</em></strong></span> <span class='ocrx_word' id='word_1_278' title='bbox 695 3446 820 3530; x_wconf 71' lang='grc' dir='ltr'><strong><em>ἐχόντων</em></strong></span> <span class='ocrx_word' id='word_1_279' title='bbox 840 3450 890 3512; x_wconf 79' lang='grc' dir='ltr'><strong><em>καί</em></strong></span> <span class='ocrx_word' id='word_1_280' title='bbox 906 3449 1075 3533; x_wconf 76' lang='grc' dir='ltr'><strong><em>ρηθίντων,</em></strong></span> <span class='ocrx_word' id='word_1_281' title='bbox 1104 3450 1148 3523; x_wconf 90' lang='grc' dir='ltr'><strong><em>τίς</em></strong></span> <span class='ocrx_word' id='word_1_282' title='bbox 1162 3448 1268 3529; x_wconf 77' lang='grc' dir='ltr'><strong><em>ἔττμοτ</em></strong></span> <span class='ocrx_word' id='word_1_283' title='bbox 1281 3448 1363 3533; x_wconf 79' lang='grc' dir='ltr'><strong><em>χρτία</em></strong></span> <span class='ocrx_word' id='word_1_284' title='bbox 1377 3444 1437 3511; x_wconf 70' lang='grc' dir='ltr'><strong><em>ἐπί</em></strong></span> 
     </span>
     <span class='ocr_line' id='line_1_30' title="bbox 296 3544 1437 3635; baseline 0 -20"><span class='ocrx_word' id='word_1_285' title='bbox 296 3554 522 3635; x_wconf 86' lang='grc' dir='ltr'><strong><em>κατατρίβεσθαι</em></strong></span> <span class='ocrx_word' id='word_1_286' title='bbox 543 3552 610 3634; x_wconf 89' lang='grc' dir='ltr'><strong><em>περί</em></strong></span> <span class='ocrx_word' id='word_1_287' title='bbox 630 3548 735 3615; x_wconf 87' lang='grc' dir='ltr'><strong><em>τούτου</em></strong></span> <span class='ocrx_word' id='word_1_288' title='bbox 756 3557 810 3616; x_wconf 88' lang='grc' dir='ltr'><strong><em>τοῦ</em></strong></span> <span class='ocrx_word' id='word_1_289' title='bbox 829 3549 968 3635; x_wconf 76' lang='grc' dir='ltr'><strong><em>ζωπύρον</em></strong></span> <span class='ocrx_word' id='word_1_290' title='bbox 986 3553 1115 3632; x_wconf 88' lang='grc' dir='ltr'><strong><em>σφηκίον</em></strong></span> <span class='ocrx_word' id='word_1_291' title='bbox 1135 3550 1187 3614; x_wconf 89' lang='grc' dir='ltr'><strong><em>καλ</em></strong></span> <span class='ocrx_word' id='word_1_292' title='bbox 1208 3545 1333 3625; x_wconf 84' lang='grc' dir='ltr'><strong><em>οῦδενός</em></strong></span> <span class='ocrx_word' id='word_1_293' title='bbox 1351 3544 1437 3623; x_wconf 75' lang='grc' dir='ltr'><strong><em>ὄντας</em></strong></span> 
     </span>
     <span class='ocr_line' id='line_1_31' title="bbox 297 3645 1435 3739; baseline -0.001 -23"><span class='ocrx_word' id='word_1_294' title='bbox 297 3651 465 3737; x_wconf 83' lang='grc' dir='ltr'><strong><em>ἀνατροπῆς</em></strong></span> <span class='ocrx_word' id='word_1_295' title='bbox 484 3654 582 3731; x_wconf 71' lang='grc' dir='ltr'><strong><em>ἕνεκα,</em></strong></span> <span class='ocrx_word' id='word_1_296' title='bbox 613 3650 634 3734; x_wconf 77' lang='grc' dir='ltr'><em>ἢ</em></span> <span class='ocrx_word' id='word_1_297' title='bbox 656 3650 741 3734; x_wconf 84' lang='grc' dir='ltr'><strong><em>άλλης</em></strong></span> <span class='ocrx_word' id='word_1_298' title='bbox 764 3651 843 3729; x_wconf 88' lang='grc' dir='ltr'><strong><em>τινός</em></strong></span> <span class='ocrx_word' id='word_1_299' title='bbox 862 3658 1073 3739; x_wconf 72' lang='grc' dir='ltr'><strong><em>πραγματείαςς</em></strong></span> <span class='ocrx_word' id='word_1_300' title='bbox 1108 3645 1174 3731; x_wconf 64' lang='grc' dir='ltr'><strong><em>’,ἀφ’</em></strong></span> <span class='ocrx_word' id='word_1_301' title='bbox 1194 3651 1304 3717; x_wconf 63' lang='grc' dir='ltr'><strong><em>ἑαυτοῦ</em></strong></span> <span class='ocrx_word' id='word_1_302' title='bbox 1325 3646 1435 3737; x_wconf 77' lang='grc' dir='ltr'><strong><em>γάρτδ</em></strong></span> 
     </span>
    </p>
   </div>
   <div class='ocr_carea' id='block_1_4' title="bbox 296 3852 1521 4360">
    <p class='ocr_par' dir='ltr' id='par_1_4' title="bbox 296 3852 1521 4360">
     <span class='ocr_line' id='line_1_32' title="bbox 298 3852 1521 3944; baseline 0.001 -20"><span class='ocrx_word' id='word_1_303' title='bbox 298 3861 386 3941; x_wconf 77' lang='grc' dir='ltr'><strong><em>μένον</em></strong></span> <span class='ocrx_word' id='word_1_304' title='bbox 407 3856 502 3943; x_wconf 90' lang='grc' dir='ltr'><strong><em>δόγμα</em></strong></span> <span class='ocrx_word' id='word_1_305' title='bbox 522 3860 571 3923; x_wconf 83' lang='grc' dir='ltr'><strong><em>καί</em></strong></span> <span class='ocrx_word' id='word_1_306' title='bbox 595 3856 759 3944; x_wconf 78' lang='grc' dir='ltr'><strong><em>ἀγνρτοῦδες</em></strong></span> <span class='ocrx_word' id='word_1_307' title='bbox 780 3861 929 3925; x_wconf 77' lang='grc' dir='ltr'><strong><em>δέδεικται.</em></strong></span> <span class='ocrx_word' id='word_1_308' title='bbox 975 3860 1055 3923; x_wconf 87' lang='grc' dir='ltr'><strong><em>Φασί</em></strong></span> <span class='ocrx_word' id='word_1_309' title='bbox 1072 3854 1127 3943; x_wconf 85' lang='grc' dir='ltr'><strong><em>γδρ</em></strong></span> <span class='ocrx_word' id='word_1_310' title='bbox 1145 3852 1179 3923; x_wconf 87' lang='grc' dir='ltr'><strong><em>τό</em></strong></span> <span class='ocrx_word' id='word_1_311' title='bbox 1196 3854 1347 3943; x_wconf 80' lang='grc' dir='ltr'><strong><em>όδανηρδν</em></strong></span> <span class='ocrx_word' id='word_1_312' title='bbox 1362 3878 1435 3941; x_wconf 70' lang='lat' dir='ltr'><strong><em>m·</em></strong></span> <span class='ocrx_word' id='word_1_313' title='bbox 1519 3904 1521 3911; x_wconf 75' lang='lat'><em>=</em></span> 
     </span>
     <span class='ocr_line' id='line_1_33' title="bbox 297 3955 1435 4047; baseline 0 -20"><span class='ocrx_word' id='word_1_314' title='bbox 297 3966 378 4040; x_wconf 91' lang='grc' dir='ltr'><strong><em>κίον,</em></strong></span> <span class='ocrx_word' id='word_1_315' title='bbox 409 3960 427 4026; x_wconf 82' lang='grc' dir='ltr'><strong><em>δ</em></strong></span> <span class='ocrx_word' id='word_1_316' title='bbox 442 3958 577 4045; x_wconf 80' lang='grc' dir='ltr'><strong><em>ζώπυρόν</em></strong></span> <span class='ocrx_word' id='word_1_317' title='bbox 591 3986 665 4036; x_wconf 88' lang='grc' dir='ltr'><strong><em>τινες</em></strong></span> <span class='ocrx_word' id='word_1_318' title='bbox 681 3959 869 4045; x_wconf 80' lang='grc' dir='ltr'><strong><em>κεκλήκασιν,</em></strong></span> <span class='ocrx_word' id='word_1_319' title='bbox 897 3964 971 4045; x_wconf 83' lang='grc' dir='ltr'><strong><em>ἐχειν</em></strong></span> <span class='ocrx_word' id='word_1_320' title='bbox 986 3961 1039 4045; x_wconf 78' lang='grc' dir='ltr'><strong><em>μίν</em></strong></span> <span class='ocrx_word' id='word_1_321' title='bbox 1053 3962 1185 4047; x_wconf 81' lang='grc' dir='ltr'><strong><em>κίντριαν</em></strong></span> <span class='ocrx_word' id='word_1_322' title='bbox 1199 3958 1319 4043; x_wconf 85' lang='grc' dir='ltr'><strong><em>ίοβόλσν</em></strong></span> <span class='ocrx_word' id='word_1_323' title='bbox 1333 3955 1435 4047; x_wconf 64' lang='grc' dir='ltr'><strong><em>βραχύ,</em></strong></span> 
     </span>
     <span class='ocr_line' id='line_1_34' title="bbox 296 4060 1436 4148; baseline 0.001 -20"><span class='ocrx_word' id='word_1_324' title='bbox 296 4068 492 4148; x_wconf 85' lang='grc' dir='ltr'><strong><em>περιωδυνίαν</em></strong></span> <span class='ocrx_word' id='word_1_325' title='bbox 515 4062 624 4145; x_wconf 74' lang='grc' dir='ltr'><strong><em>πολλὴν</em></strong></span> <span class='ocrx_word' id='word_1_326' title='bbox 648 4061 685 4129; x_wconf 88' lang='grc' dir='ltr'><strong><em>οά</em></strong></span> <span class='ocrx_word' id='word_1_327' title='bbox 705 4067 898 4148; x_wconf 72' lang='grc' dir='ltr'><strong><em>κεκτημένον,</em></strong></span> <span class='ocrx_word' id='word_1_328' title='bbox 929 4061 999 4129; x_wconf 81' lang='grc' dir='ltr'><strong><em>ἀλλά</em></strong></span> <span class='ocrx_word' id='word_1_329' title='bbox 1023 4062 1098 4129; x_wconf 84' lang='grc' dir='ltr'><strong><em>κατά</em></strong></span> <span class='ocrx_word' id='word_1_330' title='bbox 1119 4060 1174 4147; x_wconf 76' lang='grc' dir='ltr'><strong><em>τήν</em></strong></span> <span class='ocrx_word' id='word_1_331' title='bbox 1196 4060 1292 4129; x_wconf 86' lang='grc' dir='ltr'><strong><em>αύτοῦ</em></strong></span> <span class='ocrx_word' id='word_1_332' title='bbox 1312 4060 1436 4147; x_wconf 74' lang='grc' dir='ltr'><strong><em>δύναμιν</em></strong></span> 
     </span>
     <span class='ocr_line' id='line_1_35' title="bbox 299 4162 1436 4255; baseline 0.004 -26"><span class='ocrx_word' id='word_1_333' title='bbox 299 4166 415 4249; x_wconf 78' lang='grc' dir='ltr'><strong><em>ἰοβόλον</em></strong></span> <span class='ocrx_word' id='word_1_334' title='bbox 433 4163 475 4232; x_wconf 88' lang='grc' dir='ltr'><strong><em>όν.</em></strong></span> <span class='ocrx_word' id='word_1_335' title='bbox 517 4162 608 4231; x_wconf 83' lang='grc' dir='ltr'><strong><em>Ἐπάν</em></strong></span> <span class='ocrx_word' id='word_1_336' title='bbox 626 4168 658 4232; x_wconf 86' lang='grc' dir='ltr'><strong><em>δέ</em></strong></span> <span class='ocrx_word' id='word_1_337' title='bbox 675 4194 718 4243; x_wconf 89' lang='grc' dir='ltr'><strong><em>τις</em></strong></span> <span class='ocrx_word' id='word_1_338' title='bbox 734 4167 916 4255; x_wconf 85' lang='grc' dir='ltr'><strong><em>διερχόμενος</em></strong></span> <span class='ocrx_word' id='word_1_339' title='bbox 931 4164 983 4233; x_wconf 88' lang='grc' dir='ltr'><strong><em>τόν</em></strong></span> <span class='ocrx_word' id='word_1_340' title='bbox 998 4163 1091 4233; x_wconf 86' lang='grc' dir='ltr'><strong><em>αότοῦ</em></strong></span> <span class='ocrx_word' id='word_1_341' title='bbox 1102 4162 1219 4249; x_wconf 81' lang='grc' dir='ltr'><strong><em>φωλεόν</em></strong></span> <span class='ocrx_word' id='word_1_342' title='bbox 1232 4162 1256 4251; x_wconf 69' lang='grc' dir='ltr'><em>ἢ</em></span> <span class='ocrx_word' id='word_1_343' title='bbox 1267 4164 1375 4233; x_wconf 65' lang='lat' dir='ltr'><strong><em>amin</em></strong></span> <span class='ocrx_word' id='word_1_344' title='bbox 1385 4190 1436 4233; x_wconf 77' lang='grc' dir='ltr'><strong><em>τι·</em></strong></span> 
     </span>
     <span class='ocr_line' id='line_1_36' title="bbox 296 4268 1435 4360; baseline 0.005 -29"><span class='ocrx_word' id='word_1_345' title='bbox 296 4269 394 4349; x_wconf 79' lang='grc' dir='ltr'><strong><em>θέλοι,</em></strong></span> <span class='ocrx_word' id='word_1_346' title='bbox 415 4309 457 4321; x_wconf 95' lang='grc'>-</span> <span class='ocrx_word' id='word_1_347' title='bbox 479 4271 511 4335; x_wconf 88' lang='grc' dir='ltr'><strong><em>ἐν</em></strong></span> <span class='ocrx_word' id='word_1_348' title='bbox 527 4268 581 4356; x_wconf 84' lang='grc' dir='ltr'><strong><em>γάρ</em></strong></span> <span class='ocrx_word' id='word_1_349' title='bbox 602 4277 612 4315; x_wconf 92' lang='lat'><strong>¹</strong></span> <span class='ocrx_word' id='word_1_350' title='bbox 624 4269 752 4353; x_wconf 88' lang='grc' dir='ltr'><strong><em>θάμνοις</em></strong></span> <span class='ocrx_word' id='word_1_351' title='bbox 766 4274 901 4354; x_wconf 75' lang='grc' dir='ltr'><strong><em>βοτανῶν</em></strong></span> <span class='ocrx_word' id='word_1_352' title='bbox 915 4278 1042 4338; x_wconf 81' lang='grc' dir='ltr'><strong><em>ποιεῖται</em></strong></span> <span class='ocrx_word' id='word_1_353' title='bbox 1056 4271 1109 4337; x_wconf 85' lang='grc' dir='ltr'><strong><em>καί</em></strong></span> <span class='ocrx_word' id='word_1_354' title='bbox 1121 4272 1228 4359; x_wconf 82' lang='grc' dir='ltr'><strong><em>κηρίον</em></strong></span> <span class='ocrx_word' id='word_1_355' title='bbox 1242 4272 1331 4355; x_wconf 78' lang='grc' dir='ltr'><strong><em>δίκην</em></strong></span> <span class='ocrx_word' id='word_1_356' title='bbox 1344 4271 1435 4360; x_wconf 62' lang='grc' dir='ltr'><strong><em>λαιῇ</em></strong></span> 
     </span>
    </p>
   </div>
   <div class='ocr_carea' id='block_1_5' title="bbox 296 4452 1434 4666">
    <p class='ocr_par' dir='ltr' id='par_1_5' title="bbox 296 4452 1434 4666">
     <span class='ocr_line' id='line_1_37' title="bbox 315 4452 1434 4548; baseline 0.008 -36"><span class='ocrx_word' id='word_1_357' title='bbox 315 4460 354 4544; x_wconf 60' lang='lat'><strong><em>⁸3.</em></strong></span> <span class='ocrx_word' id='word_1_358' title='bbox 372 4464 445 4545; x_wconf 57' lang='grc' dir='ltr'><strong><em>ξἐτθρ</em></strong></span> <span class='ocrx_word' id='word_1_359' title='bbox 459 4452 529 4522; x_wconf 72' lang='grc' dir='ltr'><strong><em>οὗτος</em></strong></span> <span class='ocrx_word' id='word_1_360' title='bbox 550 4458 564 4516; x_wconf 84' lang='grc' dir='ltr'><strong><em>δ</em></strong></span> <span class='ocrx_word' id='word_1_361' title='bbox 580 4457 681 4529; x_wconf 81' lang='grc' dir='ltr'><strong><em>Ἰησοῦς</em></strong></span> <span class='ocrx_word' id='word_1_362' title='bbox 691 4458 719 4546; x_wconf 32' lang='grc' dir='ltr'><strong><em>,ὁ</em></strong></span> <span class='ocrx_word' id='word_1_363' title='bbox 740 4459 785 4531; x_wconf 82' lang='grc' dir='ltr'><strong><em>ἀφ’</em></strong></span> <span class='ocrx_word' id='word_1_364' title='bbox 802 4460 879 4548; x_wconf 41' lang='grc' dir='ltr'><strong><em>ἀμῶν,</em></strong></span> <span class='ocrx_word' id='word_1_365' title='bbox 888 4459 1044 4532; x_wconf 71' lang='grc' dir='ltr'><strong><em>ἀναληφθεὶς</em></strong></span> <span class='ocrx_word' id='word_1_366' title='bbox 1056 4464 1125 4547; x_wconf 40' lang='grc' dir='ltr'><strong><em>,(αοεί.</em></strong></span> <span class='ocrx_word' id='word_1_367' title='bbox 1144 4452 1216 4515; x_wconf 63' lang='grc' dir='ltr'><strong><em>λ’άίτ.</em></strong></span> <span class='ocrx_word' id='word_1_368' title='bbox 1231 4456 1386 4533; x_wconf 52' lang='lat' dir='ltr'><strong><em>Mum)</em></strong></span> <span class='ocrx_word' id='word_1_369' title='bbox 1399 4458 1434 4521; x_wconf 73' lang='lat' dir='ltr'><strong><em>dt</em></strong></span> 
     </span>
     <span class='ocr_line' id='line_1_38' title="bbox 296 4532 1305 4666; baseline 0.005 -86"><span class='ocrx_word' id='word_1_370' title='bbox 296 4544 546 4651; x_wconf 30' lang='grc' dir='ltr'><strong><em>τοιὲρρραγφνᾊηκφτ</em></strong></span> <span class='ocrx_word' id='word_1_371' title='bbox 554 4534 822 4666; x_wconf 51' lang='grc' dir='ltr'><strong><em>Ιφιφίρρρςδειφίρττορέίῃιρτ,</em></strong></span> <span class='ocrx_word' id='word_1_372' title='bbox 837 4536 913 4587; x_wconf 82' lang='grc' dir='ltr'><strong><em>αδιατί</em></strong></span> <span class='ocrx_word' id='word_1_373' title='bbox 928 4549 958 4585; x_wconf 77' lang='grc' dir='ltr'><strong><em>τα</em></strong></span> <span class='ocrx_word' id='word_1_374' title='bbox 973 4538 1109 4586; x_wconf 76' lang='grc' dir='ltr'><strong><em>οαοίοτιλαίε</em></strong></span> <span class='ocrx_word' id='word_1_375' title='bbox 1122 4534 1175 4587; x_wconf 67' lang='grc' dir='ltr'><strong><em>σαί.</em></strong></span> <span class='ocrx_word' id='word_1_376' title='bbox 1185 4532 1305 4607; x_wconf 59' lang='lat' dir='ltr'><strong><em>Und-</em></strong></span> 
     </span>
    </p>
   </div>
   <div class='ocr_carea' id='block_1_6' title="bbox 0 0 1532 5084">
    <p class='ocr_par' dir='ltr' id='par_1_6' title="bbox 0 0 1532 5084">
     <span class='ocr_line' id='line_1_39' title="bbox 0 0 1532 5084; baseline 0 0"><span class='ocrx_word' id='word_1_377' title='bbox 0 0 1532 5084; x_wconf 95' lang='lat' dir='ltr'><strong><em> </em></strong></span> 
     </span>
    </p>
   </div>
   <div class='ocr_carea' id='block_1_7' title="bbox 1520 3918 1524 4987">
    <p class='ocr_par' dir='ltr' id='par_1_7' title="bbox 1520 3918 1524 4987">
     <span class='ocr_line' id='line_1_40' title="bbox 1520 3918 1524 4987; baseline 0 0"><span class='ocrx_word' id='word_1_378' title='bbox 1520 3918 1524 4987; x_wconf 95' lang='lat' dir='ltr'><strong><em> </em></strong></span> 
     </span>
    </p>
   </div>
  </div>
 </body>
</html>
