<?xml version="1.0" encoding="UTF-8"?>
<!DOCTYPE html PUBLIC "-//W3C//DTD XHTML 1.0 Transitional//EN"
    "http://www.w3.org/TR/xhtml1/DTD/xhtml1-transitional.dtd">
<html xmlns="http://www.w3.org/1999/xhtml" xml:lang="en" lang="en">
 <head>
  <title>
</title>
<meta http-equiv="Content-Type" content="text/html;charset=utf-8" />
  <meta name='ocr-system' content='tesseract 3.04.00' />
  <meta name='ocr-capabilities' content='ocr_page ocr_carea ocr_par ocr_line ocrx_word'/>
</head>
<body>
  <div class='ocr_page' id='page_1' title='image "./corporishaerese01unkngoog_0400.png"; bbox 0 0 3046 5084; ppageno 0'>
   <div class='ocr_carea' id='block_1_1' title="bbox 365 356 1379 420">
    <p class='ocr_par' dir='ltr' id='par_1_1' title="bbox 365 356 1379 420">
     <span class='ocr_line' id='line_1_1' title="bbox 365 356 1379 420; baseline 0.006 -5"><span class='ocrx_word' id='word_1_1' title='bbox 365 362 500 415; x_wconf 74' lang='lat' dir='ltr'><strong>einana</strong></span> <span class='ocrx_word' id='word_1_2' title='bbox 520 363 617 417; x_wconf 81' lang='lat' dir='ltr'><strong>urar.</strong></span> <span class='ocrx_word' id='word_1_3' title='bbox 632 364 715 419; x_wconf 84' lang='lat' dir='ltr'><strong>rou.</strong></span> <span class='ocrx_word' id='word_1_4' title='bbox 728 366 761 418; x_wconf 89' lang='lat' dir='ltr'><strong>n.</strong></span> <span class='ocrx_word' id='word_1_5' title='bbox 778 366 878 418; x_wconf 80' lang='lat' dir='ltr'><strong>naen.</strong></span> <span class='ocrx_word' id='word_1_6' title='bbox 893 367 1008 420; x_wconf 84' lang='lat' dir='ltr'><strong>xxxn.</strong></span> <span class='ocrx_word' id='word_1_7' title='bbox 1200 356 1262 420; x_wconf 77' lang='lat'><strong>395</strong></span> <span class='ocrx_word' id='word_1_8' title='bbox 1376 357 1379 362; x_wconf 84' lang='lat'>&#39;</span> 
     </span>
    </p>
   </div>
   <div class='ocr_carea' id='block_1_2' title="bbox 113 483 1264 677">
    <p class='ocr_par' dir='ltr' id='par_1_2' title="bbox 113 483 1264 677">
     <span class='ocr_line' id='line_1_2' title="bbox 113 483 1264 574; baseline 0.001 -23"><span class='ocrx_word' id='word_1_9' title='bbox 113 488 286 573; x_wconf 72' lang='lat' dir='ltr'><strong>darqncrem</strong></span> <span class='ocrx_word' id='word_1_10' title='bbox 303 485 466 550; x_wconf 83' lang='lat' dir='ltr'><strong>sceleratos</strong></span> <span class='ocrx_word' id='word_1_11' title='bbox 483 483 617 549; x_wconf 89' lang='lat' dir='ltr'><strong>homines</strong></span> <span class='ocrx_word' id='word_1_12' title='bbox 633 497 665 549; x_wconf 89' lang='lat' dir='ltr'><strong>et</strong></span> <span class='ocrx_word' id='word_1_13' title='bbox 681 484 803 572; x_wconf 71' lang='lat' dir='ltr'><strong>inpios,</strong></span> <span class='ocrx_word' id='word_1_14' title='bbox 832 484 1047 566; x_wconf 76' lang='lat' dir='ltr'><strong>basilidianos,</strong></span> <span class='ocrx_word' id='word_1_15' title='bbox 1075 489 1210 574; x_wconf 66' lang='lat' dir='ltr'><strong>inquam,</strong></span> <span class='ocrx_word' id='word_1_16' title='bbox 1234 500 1264 553; x_wconf 86' lang='lat' dir='ltr'><strong>et</strong></span> 
     </span>
     <span class='ocr_line' id='line_1_3' title="bbox 113 584 1264 677; baseline -0.001 -22"><span class='ocrx_word' id='word_1_17' title='bbox 113 586 381 677; x_wconf 66' lang='lat' dir='ltr'><strong>corporaturas,</strong></span> <span class='ocrx_word' id='word_1_18' title='bbox 406 608 441 652; x_wconf 90' lang='lat' dir='ltr'><strong>ac</strong></span> <span class='ocrx_word' id='word_1_19' title='bbox 455 584 608 651; x_wconf 83' lang='lat' dir='ltr'><strong>Valentini</strong></span> <span class='ocrx_word' id='word_1_20' title='bbox 624 584 843 672; x_wconf 78' lang='lat' dir='ltr'><strong>Epiphaniaque</strong></span> <span class='ocrx_word' id='word_1_21' title='bbox 859 588 1034 673; x_wconf 84' lang='lat' dir='ltr'><strong>discipulos,</strong></span> <span class='ocrx_word' id='word_1_22' title='bbox 1057 591 1192 675; x_wconf 81' lang='lat' dir='ltr'><strong>adquam</strong></span> <span class='ocrx_word' id='word_1_23' title='bbox 1208 588 1264 655; x_wconf 85' lang='lat' dir='ltr'><strong>Se-</strong></span> 
     </span>
    </p>
   </div>
   <div class='ocr_carea' id='block_1_3' title="bbox 106 688 1399 3958">
    <p class='ocr_par' dir='ltr' id='par_1_3' title="bbox 106 688 1267 2829">
     <span class='ocr_line' id='line_1_4' title="bbox 112 688 1264 779; baseline -0.002 -21"><span class='ocrx_word' id='word_1_24' title='bbox 112 695 224 758; x_wconf 88' lang='lat' dir='ltr'><strong>cundus</strong></span> <span class='ocrx_word' id='word_1_25' title='bbox 238 692 318 779; x_wconf 89' lang='lat' dir='ltr'><strong>prius</strong></span> <span class='ocrx_word' id='word_1_26' title='bbox 335 712 353 754; x_wconf 89' lang='lat' dir='ltr'><strong>a</strong></span> <span class='ocrx_word' id='word_1_27' title='bbox 368 689 453 754; x_wconf 88' lang='lat' dir='ltr'><strong>nobis</strong></span> <span class='ocrx_word' id='word_1_28' title='bbox 467 701 714 753; x_wconf 89' lang='lat' dir='ltr'><strong>commemoratus</strong></span> <span class='ocrx_word' id='word_1_29' title='bbox 729 689 907 773; x_wconf 79' lang='lat' dir='ltr'><strong>adiungitur.</strong></span> <span class='ocrx_word' id='word_1_30' title='bbox 949 688 1066 754; x_wconf 81' lang='lat' dir='ltr'><strong>Etenim</strong></span> <span class='ocrx_word' id='word_1_31' title='bbox 1084 692 1124 755; x_wconf 94' lang='lat' dir='ltr'><strong>illi</strong></span> <span class='ocrx_word' id='word_1_32' title='bbox 1139 714 1157 756; x_wconf 89' lang='lat' dir='ltr'><strong>a</strong></span> <span class='ocrx_word' id='word_1_33' title='bbox 1171 714 1204 756; x_wconf 90' lang='lat' dir='ltr'><strong>sc</strong></span> <span class='ocrx_word' id='word_1_34' title='bbox 1220 693 1264 756; x_wconf 92' lang='lat' dir='ltr'><strong>in·</strong></span> 
     </span>
     <span class='ocr_line' id='line_1_5' title="bbox 112 791 1263 881; baseline -0.003 -19"><span class='ocrx_word' id='word_1_35' title='bbox 112 798 206 863; x_wconf 85' lang='lat' dir='ltr'><strong>vicem</strong></span> <span class='ocrx_word' id='word_1_36' title='bbox 226 793 394 881; x_wconf 84' lang='lat' dir='ltr'><strong>propagati,</strong></span> <span class='ocrx_word' id='word_1_37' title='bbox 419 792 484 855; x_wconf 85' lang='lat' dir='ltr'><strong>sive</strong></span> <span class='ocrx_word' id='word_1_38' title='bbox 500 792 557 855; x_wconf 90' lang='lat' dir='ltr'><strong>ista</strong></span> <span class='ocrx_word' id='word_1_39' title='bbox 572 792 674 873; x_wconf 88' lang='lat' dir='ltr'><strong>alteri,</strong></span> <span class='ocrx_word' id='word_1_40' title='bbox 698 791 762 855; x_wconf 88' lang='lat' dir='ltr'><strong>sive</strong></span> <span class='ocrx_word' id='word_1_41' title='bbox 780 791 854 855; x_wconf 86' lang='lat' dir='ltr'><strong>alter</strong></span> <span class='ocrx_word' id='word_1_42' title='bbox 869 792 918 856; x_wconf 90' lang='lat' dir='ltr'><strong>isti</strong></span> <span class='ocrx_word' id='word_1_43' title='bbox 935 793 1015 856; x_wconf 89' lang='lat' dir='ltr'><strong>velut</strong></span> <span class='ocrx_word' id='word_1_44' title='bbox 1030 793 1121 857; x_wconf 92' lang='lat' dir='ltr'><strong>malas</strong></span> <span class='ocrx_word' id='word_1_45' title='bbox 1137 814 1263 873; x_wconf 88' lang='lat' dir='ltr'><strong>merces,</strong></span> 
     </span>
     <span class='ocr_line' id='line_1_6' title="bbox 112 894 1264 985; baseline -0.003 -22"><span class='ocrx_word' id='word_1_46' title='bbox 112 900 152 963; x_wconf 86' lang='lat' dir='ltr'><strong>ita</strong></span> <span class='ocrx_word' id='word_1_47' title='bbox 172 898 337 985; x_wconf 80' lang='lat' dir='ltr'><strong>pestiferam</strong></span> <span class='ocrx_word' id='word_1_48' title='bbox 355 894 516 958; x_wconf 89' lang='lat' dir='ltr'><strong>doctrinam</strong></span> <span class='ocrx_word' id='word_1_49' title='bbox 535 894 827 959; x_wconf 72' lang='lat' dir='ltr'><strong>communicaverint.</strong></span> <span class='ocrx_word' id='word_1_50' title='bbox 859 894 905 958; x_wconf 77' lang='lat' dir='ltr'><strong>hc</strong></span> <span class='ocrx_word' id='word_1_51' title='bbox 921 895 990 959; x_wconf 90' lang='lat' dir='ltr'><strong>licet</strong></span> <span class='ocrx_word' id='word_1_52' title='bbox 1002 895 1097 980; x_wconf 89' lang='lat' dir='ltr'><strong>aliqua</strong></span> <span class='ocrx_word' id='word_1_53' title='bbox 1113 895 1141 958; x_wconf 93' lang='lat' dir='ltr'><strong>iu</strong></span> <span class='ocrx_word' id='word_1_54' title='bbox 1157 918 1190 960; x_wconf 93' lang='lat' dir='ltr'><strong>rc</strong></span> <span class='ocrx_word' id='word_1_55' title='bbox 1207 895 1264 960; x_wconf 86' lang='lat' dir='ltr'><strong>dis-</strong></span> 
     </span>
     <span class='ocr_line' id='line_1_7' title="bbox 112 996 1265 1084; baseline -0.003 -18"><span class='ocrx_word' id='word_1_56' title='bbox 112 1002 244 1079; x_wconf 88' lang='lat' dir='ltr'><strong>sideant,</strong></span> <span class='ocrx_word' id='word_1_57' title='bbox 275 1000 305 1062; x_wconf 93' lang='lat' dir='ltr'><strong>in</strong></span> <span class='ocrx_word' id='word_1_58' title='bbox 322 997 424 1060; x_wconf 89' lang='lat' dir='ltr'><strong>eadem</strong></span> <span class='ocrx_word' id='word_1_59' title='bbox 443 1006 538 1059; x_wconf 92' lang='lat' dir='ltr'><strong>tamen</strong></span> <span class='ocrx_word' id='word_1_60' title='bbox 557 996 682 1061; x_wconf 89' lang='lat' dir='ltr'><strong>haesere</strong></span> <span class='ocrx_word' id='word_1_61' title='bbox 700 1007 799 1075; x_wconf 90' lang='lat' dir='ltr'><strong>secta,</strong></span> <span class='ocrx_word' id='word_1_62' title='bbox 827 1006 859 1060; x_wconf 92' lang='lat' dir='ltr'><strong>ut</strong></span> <span class='ocrx_word' id='word_1_63' title='bbox 873 997 921 1060; x_wconf 87' lang='lat' dir='ltr'><strong>vel</strong></span> <span class='ocrx_word' id='word_1_64' title='bbox 937 1018 1059 1081; x_wconf 86' lang='lat' dir='ltr'><strong>peccare</strong></span> <span class='ocrx_word' id='word_1_65' title='bbox 1075 997 1130 1061; x_wconf 91' lang='lat' dir='ltr'><strong>sibi</strong></span> <span class='ocrx_word' id='word_1_66' title='bbox 1148 1009 1265 1084; x_wconf 87' lang='lat' dir='ltr'><strong>propter</strong></span> 
     </span>
     <span class='ocr_line' id='line_1_8' title="bbox 112 1092 1264 1188; baseline -0.002 -20"><span class='ocrx_word' id='word_1_67' title='bbox 112 1105 191 1168; x_wconf 88' lang='lat' dir='ltr'><strong>vitae</strong></span> <span class='ocrx_word' id='word_1_68' title='bbox 209 1099 417 1188; x_wconf 74' lang='lat' dir='ltr'><strong>perfectionem</strong></span> <span class='ocrx_word' id='word_1_69' title='bbox 436 1092 526 1163; x_wconf 87' lang='lat' dir='ltr'><strong>licere</strong></span> <span class='ocrx_word' id='word_1_70' title='bbox 542 1098 691 1162; x_wconf 73' lang='lat' dir='ltr'><strong>dicerent:</strong></span> <span class='ocrx_word' id='word_1_71' title='bbox 723 1120 763 1163; x_wconf 77' lang='lat' dir='ltr'><strong>ea</strong></span> <span class='ocrx_word' id='word_1_72' title='bbox 779 1119 835 1182; x_wconf 89' lang='lat' dir='ltr'><strong>qua</strong></span> <span class='ocrx_word' id='word_1_73' title='bbox 852 1099 882 1162; x_wconf 87' lang='lat' dir='ltr'><strong>tit</strong></span> <span class='ocrx_word' id='word_1_74' title='bbox 899 1111 947 1176; x_wconf 90' lang='lat' dir='ltr'><strong>ut,</strong></span> <span class='ocrx_word' id='word_1_75' title='bbox 978 1100 1163 1183; x_wconf 83' lang='lat' dir='ltr'><strong>quantumvis</strong></span> <span class='ocrx_word' id='word_1_76' title='bbox 1179 1101 1264 1166; x_wconf 95' lang='lat' dir='ltr'><strong>modo</strong></span> 
     </span>
     <span class='ocr_line' id='line_1_9' title="bbox 112 1201 1264 1291; baseline -0.004 -21"><span class='ocrx_word' id='word_1_77' title='bbox 112 1204 300 1291; x_wconf 78' lang='lat' dir='ltr'><strong>deliquerint,</strong></span> <span class='ocrx_word' id='word_1_78' title='bbox 322 1213 419 1266; x_wconf 74' lang='lat' dir='ltr'><strong>manen</strong></span> <span class='ocrx_word' id='word_1_79' title='bbox 436 1202 511 1286; x_wconf 93' lang='lat' dir='ltr'><strong>quod</strong></span> <span class='ocrx_word' id='word_1_80' title='bbox 529 1201 702 1265; x_wconf 75' lang='lat' dir='ltr'><strong>naturaliter</strong></span> <span class='ocrx_word' id='word_1_81' title='bbox 716 1201 752 1264; x_wconf 91' lang='lat' dir='ltr'><strong>ad</strong></span> <span class='ocrx_word' id='word_1_82' title='bbox 769 1201 1003 1285; x_wconf 90' lang='lat' dir='ltr'><strong>consequendam</strong></span> <span class='ocrx_word' id='word_1_83' title='bbox 1021 1203 1142 1266; x_wconf 87' lang='lat' dir='ltr'><strong>salutem</strong></span> <span class='ocrx_word' id='word_1_84' title='bbox 1159 1203 1264 1268; x_wconf 89' lang='lat' dir='ltr'><strong>delecti</strong></span> 
     </span>
     <span class='ocr_line' id='line_1_10' title="bbox 114 1304 1264 1391; baseline -0.001 -19"><span class='ocrx_word' id='word_1_85' title='bbox 114 1308 189 1386; x_wconf 86' lang='lat' dir='ltr'><strong>sint,</strong></span> <span class='ocrx_word' id='word_1_86' title='bbox 212 1307 300 1370; x_wconf 90' lang='lat' dir='ltr'><strong>insita</strong></span> <span class='ocrx_word' id='word_1_87' title='bbox 318 1305 438 1389; x_wconf 91' lang='lat' dir='ltr'><strong>quadam</strong></span> <span class='ocrx_word' id='word_1_88' title='bbox 454 1304 536 1389; x_wconf 84' lang='lat' dir='ltr'><strong>ipsos</strong></span> <span class='ocrx_word' id='word_1_89' title='bbox 552 1314 687 1389; x_wconf 88' lang='lat' dir='ltr'><strong>oporteat</strong></span> <span class='ocrx_word' id='word_1_90' title='bbox 704 1304 879 1368; x_wconf 78' lang='lat' dir='ltr'><strong>necessitate</strong></span> <span class='ocrx_word' id='word_1_91' title='bbox 896 1305 1022 1368; x_wconf 87' lang='lat' dir='ltr'><strong>servari.</strong></span> <span class='ocrx_word' id='word_1_92' title='bbox 1067 1304 1174 1391; x_wconf 90' lang='lat' dir='ltr'><strong>Neque</strong></span> <span class='ocrx_word' id='word_1_93' title='bbox 1192 1329 1264 1371; x_wconf 81' lang='lat' dir='ltr'><strong>vcro</strong></span> 
     </span>
     <span class='ocr_line' id='line_1_11' title="bbox 114 1404 1263 1498; baseline 0.001 -25"><span class='ocrx_word' id='word_1_94' title='bbox 114 1409 197 1498; x_wconf 89' lang='lat' dir='ltr'><strong>primi</strong></span> <span class='ocrx_word' id='word_1_95' title='bbox 212 1410 376 1494; x_wconf 76' lang='lat' dir='ltr'><strong>dogmatum</strong></span> <span class='ocrx_word' id='word_1_96' title='bbox 392 1404 542 1469; x_wconf 79' lang='lat' dir='ltr'><strong>architecti</strong></span> <span class='ocrx_word' id='word_1_97' title='bbox 557 1406 716 1471; x_wconf 90' lang='lat' dir='ltr'><strong>eorundem</strong></span> <span class='ocrx_word' id='word_1_98' title='bbox 731 1407 989 1492; x_wconf 82' lang='lat' dir='ltr'><strong>perpetrandorum</strong></span> <span class='ocrx_word' id='word_1_99' title='bbox 1004 1408 1076 1493; x_wconf 87' lang='lat' dir='ltr'><strong>ipsis</strong></span> <span class='ocrx_word' id='word_1_100' title='bbox 1090 1420 1263 1494; x_wconf 86' lang='lat' dir='ltr'><strong>potestatem</strong></span> 
     </span>
     <span class='ocr_line' id='line_1_12' title="bbox 113 1507 1264 1594; baseline -0.002 -17"><span class='ocrx_word' id='word_1_101' title='bbox 113 1513 232 1578; x_wconf 84' lang='lat' dir='ltr'><strong>iaciunt.</strong></span> <span class='ocrx_word' id='word_1_102' title='bbox 278 1507 337 1575; x_wconf 87' lang='lat' dir='ltr'><strong>Sed</strong></span> <span class='ocrx_word' id='word_1_103' title='bbox 357 1519 387 1572; x_wconf 91' lang='lat' dir='ltr'><strong>ut</strong></span> <span class='ocrx_word' id='word_1_104' title='bbox 404 1508 438 1571; x_wconf 93' lang='lat' dir='ltr'><strong>ad</strong></span> <span class='ocrx_word' id='word_1_105' title='bbox 456 1508 523 1572; x_wconf 88' lang='lat' dir='ltr'><strong>illos</strong></span> <span class='ocrx_word' id='word_1_106' title='bbox 544 1518 695 1586; x_wconf 87' lang='lat' dir='ltr'><strong>revertar,</strong></span> <span class='ocrx_word' id='word_1_107' title='bbox 720 1510 786 1574; x_wconf 91' lang='lat' dir='ltr'><strong>dum</strong></span> <span class='ocrx_word' id='word_1_108' title='bbox 804 1530 837 1574; x_wconf 87' lang='lat' dir='ltr'><strong>se</strong></span> <span class='ocrx_word' id='word_1_109' title='bbox 853 1510 888 1573; x_wconf 88' lang='lat' dir='ltr'><strong>ad</strong></span> <span class='ocrx_word' id='word_1_110' title='bbox 909 1510 936 1572; x_wconf 94' lang='lat' dir='ltr'><strong>id</strong></span> <span class='ocrx_word' id='word_1_111' title='bbox 955 1511 1029 1594; x_wconf 92' lang='lat' dir='ltr'><strong>quod</strong></span> <span class='ocrx_word' id='word_1_112' title='bbox 1048 1512 1200 1575; x_wconf 84' lang='lat' dir='ltr'><strong>sublimius</strong></span> <span class='ocrx_word' id='word_1_113' title='bbox 1220 1523 1264 1575; x_wconf 92' lang='lat' dir='ltr'><strong>at·</strong></span> 
     </span>
     <span class='ocr_line' id='line_1_13' title="bbox 113 1611 1264 1702; baseline -0.001 -23"><span class='ocrx_word' id='word_1_114' title='bbox 113 1637 168 1702; x_wconf 91' lang='lat' dir='ltr'><strong>que</strong></span> <span class='ocrx_word' id='word_1_115' title='bbox 183 1614 214 1678; x_wconf 93' lang='lat' dir='ltr'><strong>in</strong></span> <span class='ocrx_word' id='word_1_116' title='bbox 230 1612 397 1699; x_wconf 74' lang='lat' dir='ltr'><strong>cognitione</strong></span> <span class='ocrx_word' id='word_1_117' title='bbox 411 1612 458 1675; x_wconf 90' lang='lat' dir='ltr'><strong>illa</strong></span> <span class='ocrx_word' id='word_1_118' title='bbox 471 1631 524 1675; x_wconf 90' lang='lat' dir='ltr'><strong>sua</strong></span> <span class='ocrx_word' id='word_1_119' title='bbox 538 1611 736 1697; x_wconf 87' lang='lat' dir='ltr'><strong>praestantius</strong></span> <span class='ocrx_word' id='word_1_120' title='bbox 751 1624 814 1691; x_wconf 86' lang='lat' dir='ltr'><strong>est,</strong></span> <span class='ocrx_word' id='word_1_121' title='bbox 839 1614 935 1676; x_wconf 88' lang='lat' dir='ltr'><strong>acrius</strong></span> <span class='ocrx_word' id='word_1_122' title='bbox 950 1615 1181 1694; x_wconf 81' lang='lat' dir='ltr'><strong>corrtenderunt,</strong></span> <span class='ocrx_word' id='word_1_123' title='bbox 1206 1616 1264 1701; x_wconf 87' lang='lat' dir='ltr'><strong>pri·</strong></span> 
     </span>
     <span class='ocr_line' id='line_1_14' title="bbox 111 1712 1263 1800; baseline -0.001 -17"><span class='ocrx_word' id='word_1_124' title='bbox 111 1740 186 1783; x_wconf 90' lang='lat' dir='ltr'><strong>mam</strong></span> <span class='ocrx_word' id='word_1_125' title='bbox 205 1714 340 1781; x_wconf 79' lang='lat' dir='ltr'><strong>videlicet</strong></span> <span class='ocrx_word' id='word_1_126' title='bbox 358 1712 537 1792; x_wconf 83' lang='lat' dir='ltr'><strong>Tetradem,</strong></span> <span class='ocrx_word' id='word_1_127' title='bbox 560 1713 601 1776; x_wconf 92' lang='lat' dir='ltr'><strong>ita</strong></span> <span class='ocrx_word' id='word_1_128' title='bbox 618 1715 781 1800; x_wconf 86' lang='lat' dir='ltr'><strong>disputant:</strong></span> <span class='ocrx_word' id='word_1_129' title='bbox 806 1721 883 1776; x_wconf 87' lang='lat' dir='ltr'><strong>Ante</strong></span> <span class='ocrx_word' id='word_1_130' title='bbox 898 1722 989 1777; x_wconf 81' lang='lat' dir='ltr'><strong>omnia</strong></span> <span class='ocrx_word' id='word_1_131' title='bbox 1003 1721 1125 1796; x_wconf 73' lang='lat' dir='ltr'><strong>patinam</strong></span> <span class='ocrx_word' id='word_1_132' title='bbox 1142 1731 1194 1792; x_wconf 84' lang='lat' dir='ltr'><strong>eet,</strong></span> <span class='ocrx_word' id='word_1_133' title='bbox 1219 1719 1263 1782; x_wconf 92' lang='lat' dir='ltr'><strong>in·</strong></span> 
     </span>
     <span class='ocr_line' id='line_1_15' title="bbox 110 1820 1263 1906; baseline 0 -22"><span class='ocrx_word' id='word_1_134' title='bbox 110 1820 228 1906; x_wconf 83' lang='lat' dir='ltr'><strong>quiunt,</strong></span> <span class='ocrx_word' id='word_1_135' title='bbox 259 1822 430 1898; x_wconf 83' lang='lat' dir='ltr'><strong>Prrircipa&#39;ura</strong></span> <span class='ocrx_word' id='word_1_136' title='bbox 448 1820 603 1897; x_wconf 81' lang='lat' dir='ltr'><strong>quoddam,</strong></span> <span class='ocrx_word' id='word_1_137' title='bbox 633 1822 809 1898; x_wconf 70' lang='lat' dir='ltr'><strong>penarumque</strong></span> <span class='ocrx_word' id='word_1_138' title='bbox 827 1820 1041 1897; x_wconf 69' lang='lat' dir='ltr'><strong>intelligentiam</strong></span> <span class='ocrx_word' id='word_1_139' title='bbox 1059 1842 1164 1882; x_wconf 83' lang='lat' dir='ltr'><strong>omnem</strong></span> <span class='ocrx_word' id='word_1_140' title='bbox 1181 1843 1263 1902; x_wconf 81' lang='lat' dir='ltr'><strong>supe-</strong></span> 
     </span>
     <span class='ocr_line' id='line_1_16' title="bbox 110 1921 1262 2005; baseline 0 -19"><span class='ocrx_word' id='word_1_141' title='bbox 110 1944 195 1998; x_wconf 84' lang='lat' dir='ltr'><strong>rans,</strong></span> <span class='ocrx_word' id='word_1_142' title='bbox 219 1925 295 2003; x_wconf 84' lang='lat' dir='ltr'><strong>qaod</strong></span> <span class='ocrx_word' id='word_1_143' title='bbox 308 1942 360 1982; x_wconf 87' lang='lat' dir='ltr'><strong>aee</strong></span> <span class='ocrx_word' id='word_1_144' title='bbox 373 1922 517 2000; x_wconf 80' lang='lat' dir='ltr'><strong>aaph&#39;ecri</strong></span> <span class='ocrx_word' id='word_1_145' title='bbox 528 1921 621 1981; x_wconf 70' lang='lat' dir='ltr'><strong>nerbas</strong></span> <span class='ocrx_word' id='word_1_146' title='bbox 633 1941 685 1981; x_wconf 84' lang='lat' dir='ltr'><strong>aec</strong></span> <span class='ocrx_word' id='word_1_147' title='bbox 698 1922 884 2000; x_wconf 77' lang='lat' dir='ltr'><strong>appellatione</strong></span> <span class='ocrx_word' id='word_1_148' title='bbox 896 1924 1042 1982; x_wconf 79' lang='lat' dir='ltr'><strong>declarari</strong></span> <span class='ocrx_word' id='word_1_149' title='bbox 1049 1934 1157 2001; x_wconf 86' lang='lat' dir='ltr'><strong>potest,</strong></span> <span class='ocrx_word' id='word_1_150' title='bbox 1181 1946 1262 2005; x_wconf 84' lang='lat' dir='ltr'><strong>paam</strong></span> 
     </span>
     <span class='ocr_line' id='line_1_17' title="bbox 111 2025 1264 2109; baseline -0.001 -21"><span class='ocrx_word' id='word_1_151' title='bbox 111 2049 164 2109; x_wconf 80' lang='lat' dir='ltr'><strong>ego</strong></span> <span class='ocrx_word' id='word_1_152' title='bbox 183 2029 321 2088; x_wconf 71' lang='lat' dir='ltr'><strong>Ueritatem</strong></span> <span class='ocrx_word' id='word_1_153' title='bbox 336 2043 462 2084; x_wconf 79' lang='lat' dir='ltr'><strong>numero.</strong></span> <span class='ocrx_word' id='word_1_154' title='bbox 510 2026 579 2084; x_wconf 83' lang='lat' dir='ltr'><strong>Cum</strong></span> <span class='ocrx_word' id='word_1_155' title='bbox 595 2025 648 2083; x_wconf 85' lang='lat' dir='ltr'><strong>hac</strong></span> <span class='ocrx_word' id='word_1_156' title='bbox 667 2026 764 2082; x_wconf 68' lang='lat' dir='ltr'><strong>lli-tus</strong></span> <span class='ocrx_word' id='word_1_157' title='bbox 778 2026 911 2103; x_wconf 83' lang='lat' dir='ltr'><strong>quaedam</strong></span> <span class='ocrx_word' id='word_1_158' title='bbox 927 2027 1034 2096; x_wconf 70' lang='lat' dir='ltr'><strong>estitit,</strong></span> <span class='ocrx_word' id='word_1_159' title='bbox 1060 2046 1142 2104; x_wconf 86' lang='lat' dir='ltr'><strong>quam</strong></span> <span class='ocrx_word' id='word_1_160' title='bbox 1156 2037 1184 2086; x_wconf 89' lang='lat' dir='ltr'><strong>et</strong></span> <span class='ocrx_word' id='word_1_161' title='bbox 1197 2030 1264 2087; x_wconf 85' lang='lat' dir='ltr'><strong>Sin·</strong></span> 
     </span>
     <span class='ocr_line' id='line_1_18' title="bbox 109 2126 1264 2212; baseline -0.002 -21"><span class='ocrx_word' id='word_1_162' title='bbox 109 2132 293 2212; x_wconf 81' lang='lat' dir='ltr'><strong>gulare&#39;tatera</strong></span> <span class='ocrx_word' id='word_1_163' title='bbox 314 2148 392 2187; x_wconf 85' lang='lat' dir='ltr'><strong>noco.</strong></span> <span class='ocrx_word' id='word_1_164' title='bbox 439 2126 548 2186; x_wconf 86' lang='lat' dir='ltr'><strong>Ambae</strong></span> <span class='ocrx_word' id='word_1_165' title='bbox 565 2146 654 2206; x_wconf 77' lang='lat' dir='ltr'><strong>porro</strong></span> <span class='ocrx_word' id='word_1_166' title='bbox 676 2146 738 2185; x_wconf 86' lang='lat' dir='ltr'><strong>cum</strong></span> <span class='ocrx_word' id='word_1_167' title='bbox 757 2146 841 2185; x_wconf 77' lang='lat' dir='ltr'><strong>rentem</strong></span> <span class='ocrx_word' id='word_1_168' title='bbox 859 2136 943 2205; x_wconf 88' lang='lat' dir='ltr'><strong>atque</strong></span> <span class='ocrx_word' id='word_1_169' title='bbox 960 2128 1030 2186; x_wconf 82' lang='lat' dir='ltr'><strong>rilem</strong></span> <span class='ocrx_word' id='word_1_170' title='bbox 1047 2130 1122 2199; x_wconf 75' lang='lat' dir='ltr'><strong>saint,</strong></span> <span class='ocrx_word' id='word_1_171' title='bbox 1154 2130 1264 2189; x_wconf 71' lang='lat' dir='ltr'><strong>Preizei·</strong></span> 
     </span>
     <span class='ocr_line' id='line_1_19' title="bbox 106 2230 1265 2314; baseline -0.003 -20"><span class='ocrx_word' id='word_1_172' title='bbox 106 2237 187 2314; x_wconf 69' lang='lat' dir='ltr'><strong>mam</strong></span> <span class='ocrx_word' id='word_1_173' title='bbox 202 2232 338 2313; x_wconf 81' lang='lat' dir='ltr'><strong>qaadrlam</strong></span> <span class='ocrx_word' id='word_1_174' title='bbox 353 2232 473 2290; x_wconf 78' lang='lat' dir='ltr'><strong>amasiam</strong></span> <span class='ocrx_word' id='word_1_175' title='bbox 488 2249 583 2289; x_wconf 82' lang='lat' dir='ltr'><strong>rerem</strong></span> <span class='ocrx_word' id='word_1_176' title='bbox 591 2273 600 2302; x_wconf 96' lang='lat'><strong>,</strong></span> <span class='ocrx_word' id='word_1_177' title='bbox 624 2231 701 2309; x_wconf 84' lang='lat' dir='ltr'><strong>qaod</strong></span> <span class='ocrx_word' id='word_1_178' title='bbox 712 2230 900 2307; x_wconf 64' lang='lat' dir='ltr'><strong>intellegerent</strong></span> <span class='ocrx_word' id='word_1_179' title='bbox 912 2231 974 2289; x_wconf 85' lang='lat' dir='ltr'><strong>sola</strong></span> <span class='ocrx_word' id='word_1_180' title='bbox 985 2232 1153 2308; x_wconf 79' lang='lat' dir='ltr'><strong>percipitur,</strong></span> <span class='ocrx_word' id='word_1_181' title='bbox 1177 2252 1265 2311; x_wconf 85' lang='lat' dir='ltr'><strong>neque</strong></span> 
     </span>
     <span class='ocr_line' id='line_1_20' title="bbox 108 2322 1267 2416; baseline -0.001 -20"><span class='ocrx_word' id='word_1_182' title='bbox 108 2338 235 2416; x_wconf 73' lang='lat' dir='ltr'><strong>genitum</strong></span> <span class='ocrx_word' id='word_1_183' title='bbox 251 2344 295 2394; x_wconf 85' lang='lat' dir='ltr'><strong>est</strong></span> <span class='ocrx_word' id='word_1_184' title='bbox 312 2343 363 2394; x_wconf 83' lang='lat' dir='ltr'><strong>aut</strong></span> <span class='ocrx_word' id='word_1_185' title='bbox 377 2332 560 2412; x_wconf 72' lang='lat' dir='ltr'><strong>aspectabile,</strong></span> <span class='ocrx_word' id='word_1_186' title='bbox 585 2334 659 2392; x_wconf 82' lang='lat' dir='ltr'><strong>citra</strong></span> <span class='ocrx_word' id='word_1_187' title='bbox 670 2322 883 2411; x_wconf 83' lang='lat' dir='ltr'><strong>produchbaem</strong></span> <span class='ocrx_word' id='word_1_188' title='bbox 900 2333 987 2391; x_wconf 84' lang='lat' dir='ltr'><strong>allam</strong></span> <span class='ocrx_word' id='word_1_189' title='bbox 1005 2334 1169 2406; x_wconf 74' lang='lat' dir='ltr'><strong>edrileraat5</strong></span> <span class='ocrx_word' id='word_1_190' title='bbox 1191 2337 1267 2414; x_wconf 82' lang='lat' dir='ltr'><strong>qaod</strong></span> 
     </span>
     <span class='ocr_line' id='line_1_21' title="bbox 110 2436 1264 2518; baseline -0.003 -18"><span class='ocrx_word' id='word_1_191' title='bbox 110 2441 283 2518; x_wconf 61' lang='lat' dir='ltr'><strong>Praecipitem</strong></span> <span class='ocrx_word' id='word_1_192' title='bbox 306 2440 335 2497; x_wconf 85' lang='lat' dir='ltr'><strong>in</strong></span> <span class='ocrx_word' id='word_1_193' title='bbox 356 2438 448 2496; x_wconf 81' lang='lat' dir='ltr'><strong>saeris</strong></span> <span class='ocrx_word' id='word_1_194' title='bbox 465 2436 556 2495; x_wconf 70' lang='lat' dir='ltr'><strong>literas</strong></span> <span class='ocrx_word' id='word_1_195' title='bbox 577 2436 675 2495; x_wconf 85' lang='lat' dir='ltr'><strong>llaitas</strong></span> <span class='ocrx_word' id='word_1_196' title='bbox 694 2436 809 2496; x_wconf 83' lang='lat' dir='ltr'><strong>dieitur.</strong></span> <span class='ocrx_word' id='word_1_197' title='bbox 859 2437 926 2494; x_wconf 84' lang='lat' dir='ltr'><strong>Cura</strong></span> <span class='ocrx_word' id='word_1_198' title='bbox 944 2436 998 2495; x_wconf 89' lang='lat' dir='ltr'><strong>hae</strong></span> <span class='ocrx_word' id='word_1_199' title='bbox 1017 2438 1128 2496; x_wconf 84' lang='lat' dir='ltr'><strong>llaitate</strong></span> <span class='ocrx_word' id='word_1_200' title='bbox 1144 2438 1264 2497; x_wconf 74' lang='lat' dir='ltr'><strong>maedem</strong></span> 
     </span>
     <span class='ocr_line' id='line_1_22' title="bbox 110 2527 1266 2618; baseline -0.003 -14"><span class='ocrx_word' id='word_1_201' title='bbox 110 2542 284 2605; x_wconf 70' lang='lat' dir='ltr'><strong>schematice</strong></span> <span class='ocrx_word' id='word_1_202' title='bbox 305 2541 364 2599; x_wconf 77' lang='lat' dir='ltr'><strong>aba</strong></span> <span class='ocrx_word' id='word_1_203' title='bbox 383 2541 480 2598; x_wconf 65' lang='lat' dir='ltr'><strong>taetus</strong></span> <span class='ocrx_word' id='word_1_204' title='bbox 501 2540 614 2610; x_wconf 79' lang='lat' dir='ltr'><strong>eae&#39;stt&#39;t,</strong></span> <span class='ocrx_word' id='word_1_205' title='bbox 647 2557 729 2618; x_wconf 81' lang='lat' dir='ltr'><strong>paam</strong></span> <span class='ocrx_word' id='word_1_206' title='bbox 751 2547 782 2597; x_wconf 86' lang='lat' dir='ltr'><strong>et</strong></span> <span class='ocrx_word' id='word_1_207' title='bbox 800 2541 888 2617; x_wconf 72' lang='lat' dir='ltr'><strong>ipsam</strong></span> <span class='ocrx_word' id='word_1_208' title='bbox 913 2541 1001 2598; x_wconf 81' lang='lat' dir='ltr'><strong>Unam</strong></span> <span class='ocrx_word' id='word_1_209' title='bbox 1021 2539 1141 2617; x_wconf 85' lang='lat' dir='ltr'><strong>appello.</strong></span> <span class='ocrx_word' id='word_1_210' title='bbox 1189 2527 1266 2617; x_wconf 76' lang='lat' dir='ltr'><strong>Quae</strong></span> 
     </span>
     <span class='ocr_line' id='line_1_23' title="bbox 110 2642 1261 2728; baseline 0 -24"><span class='ocrx_word' id='word_1_211' title='bbox 110 2649 219 2728; x_wconf 82' lang='lat' dir='ltr'><strong>qm&#39;dem</strong></span> <span class='ocrx_word' id='word_1_212' title='bbox 240 2646 381 2714; x_wconf 71' lang='lat' dir='ltr'><strong>Wrtutes,</strong></span> <span class='ocrx_word' id='word_1_213' title='bbox 418 2642 516 2701; x_wconf 83' lang='lat' dir='ltr'><strong>Untlas</strong></span> <span class='ocrx_word' id='word_1_214' title='bbox 537 2643 666 2722; x_wconf 72' lang='lat' dir='ltr'><strong>taquam,</strong></span> <span class='ocrx_word' id='word_1_215' title='bbox 700 2650 729 2700; x_wconf 85' lang='lat' dir='ltr'><strong>et</strong></span> <span class='ocrx_word' id='word_1_216' title='bbox 745 2643 956 2724; x_wconf 75' lang='lat' dir='ltr'><strong>SrhgaIara&#39;tap‚</strong></span> <span class='ocrx_word' id='word_1_217' title='bbox 991 2643 1092 2702; x_wconf 78' lang='lat' dir='ltr'><strong>dianas</strong></span> <span class='ocrx_word' id='word_1_218' title='bbox 1113 2652 1141 2702; x_wconf 87' lang='lat' dir='ltr'><strong>et</strong></span> <span class='ocrx_word' id='word_1_219' title='bbox 1163 2645 1261 2714; x_wconf 80' lang='lat' dir='ltr'><strong>Unum,</strong></span> 
     </span>
     <span class='ocr_line' id='line_1_24' title="bbox 111 2746 759 2829; baseline -0.011 -19"><span class='ocrx_word' id='word_1_220' title='bbox 111 2750 236 2829; x_wconf 77' lang='lat' dir='ltr'><strong>reliquas</strong></span> <span class='ocrx_word' id='word_1_221' title='bbox 256 2749 386 2806; x_wconf 85' lang='lat' dir='ltr'><strong>Aeonum</strong></span> <span class='ocrx_word' id='word_1_222' title='bbox 407 2746 533 2823; x_wconf 71' lang='lat' dir='ltr'><strong>origenes</strong></span> <span class='ocrx_word' id='word_1_223' title='bbox 549 2753 759 2824; x_wconf 81' lang='lat' dir='ltr'><strong>propagarunt.</strong></span> 
     </span>
    </p>

    <p class='ocr_par' dir='ltr' id='par_1_4' title="bbox 110 2830 1399 3958">
     <span class='ocr_line' id='line_1_25' title="bbox 196 2830 1399 2935; baseline 0 -24"><span class='ocrx_word' id='word_1_224' title='bbox 196 2845 308 2911; x_wconf 89' lang='lat' dir='ltr'><strong>Veram</strong></span> <span class='ocrx_word' id='word_1_225' title='bbox 325 2830 410 2930; x_wconf 78' lang='lat' dir='ltr'><strong>qu&#39;aro</strong></span> <span class='ocrx_word' id='word_1_226' title='bbox 425 2844 499 2908; x_wconf 90' lang='lat' dir='ltr'><strong>haec</strong></span> <span class='ocrx_word' id='word_1_227' title='bbox 516 2865 533 2907; x_wconf 89' lang='lat' dir='ltr'><strong>a</strong></span> <span class='ocrx_word' id='word_1_228' title='bbox 547 2845 671 2910; x_wconf 83' lang='lat' dir='ltr'><strong>veritate</strong></span> <span class='ocrx_word' id='word_1_229' title='bbox 687 2844 866 2909; x_wconf 85' lang='lat' dir='ltr'><strong>abhorreant</strong></span> <span class='ocrx_word' id='word_1_230' title='bbox 881 2845 994 2924; x_wconf 92' lang='lat' dir='ltr'><strong>omnia,</strong></span> <span class='ocrx_word' id='word_1_231' title='bbox 1019 2846 1130 2931; x_wconf 81' lang='lat' dir='ltr'><strong>egregii</strong></span> <span class='ocrx_word' id='word_1_232' title='bbox 1148 2847 1262 2932; x_wconf 88' lang='lat' dir='ltr'><strong>quidam</strong></span> <span class='ocrx_word' id='word_1_233' title='bbox 1281 2867 1341 2935; x_wconf 66' lang='lat' dir='ltr'><strong>cap.</strong></span> <span class='ocrx_word' id='word_1_234' title='bbox 1357 2868 1399 2917; x_wconf 85' lang='lat' dir='ltr'><strong>vr.</strong></span> 
     </span>
     <span class='ocr_line' id='line_1_26' title="bbox 111 2948 1264 3038; baseline -0.002 -21"><span class='ocrx_word' id='word_1_235' title='bbox 111 2951 271 3038; x_wconf 91' lang='lat' dir='ltr'><strong>scriptores</strong></span> <span class='ocrx_word' id='word_1_236' title='bbox 286 2948 372 3013; x_wconf 91' lang='lat' dir='ltr'><strong>editis</strong></span> <span class='ocrx_word' id='word_1_237' title='bbox 386 2949 528 3012; x_wconf 82' lang='lat' dir='ltr'><strong>adversus</strong></span> <span class='ocrx_word' id='word_1_238' title='bbox 542 2967 595 3011; x_wconf 88' lang='lat' dir='ltr'><strong>eos</strong></span> <span class='ocrx_word' id='word_1_239' title='bbox 610 2949 827 3011; x_wconf 89' lang='lat' dir='ltr'><strong>commentariis</strong></span> <span class='ocrx_word' id='word_1_240' title='bbox 843 2948 1091 3028; x_wconf 88' lang='lat' dir='ltr'><strong>demonstrarunt,</strong></span> <span class='ocrx_word' id='word_1_241' title='bbox 1112 2950 1264 3037; x_wconf 86' lang='lat' dir='ltr'><strong>praecipue</strong></span> 
     </span>
     <span class='ocr_line' id='line_1_27' title="bbox 111 3048 1265 3134; baseline 0.001 -17"><span class='ocrx_word' id='word_1_242' title='bbox 111 3076 184 3119; x_wconf 89' lang='lat' dir='ltr'><strong>vero</strong></span> <span class='ocrx_word' id='word_1_243' title='bbox 198 3048 338 3117; x_wconf 83' lang='lat' dir='ltr'><strong>Clemens</strong></span> <span class='ocrx_word' id='word_1_244' title='bbox 350 3049 586 3130; x_wconf 81' lang='lat' dir='ltr'><strong>Alexandrinus,</strong></span> <span class='ocrx_word' id='word_1_245' title='bbox 611 3070 696 3134; x_wconf 91' lang='lat' dir='ltr'><strong>quem</strong></span> <span class='ocrx_word' id='word_1_246' title='bbox 711 3049 922 3113; x_wconf 80' lang='lat' dir='ltr'><strong>Atheniensem</strong></span> <span class='ocrx_word' id='word_1_247' title='bbox 938 3051 986 3114; x_wconf 90' lang='lat' dir='ltr'><strong>alii</strong></span> <span class='ocrx_word' id='word_1_248' title='bbox 1004 3052 1123 3130; x_wconf 77' lang='lat' dir='ltr'><strong>iaciunt,</strong></span> <span class='ocrx_word' id='word_1_249' title='bbox 1148 3074 1182 3117; x_wconf 90' lang='lat' dir='ltr'><strong>ac</strong></span> <span class='ocrx_word' id='word_1_250' title='bbox 1197 3075 1265 3118; x_wconf 89' lang='lat' dir='ltr'><strong>san·</strong></span> 
     </span>
     <span class='ocr_line' id='line_1_28' title="bbox 112 3150 1265 3238; baseline -0.002 -16"><span class='ocrx_word' id='word_1_251' title='bbox 112 3170 176 3222; x_wconf 88' lang='lat' dir='ltr'><strong>ctus</strong></span> <span class='ocrx_word' id='word_1_252' title='bbox 192 3153 346 3233; x_wconf 87' lang='lat' dir='ltr'><strong>lrenaeus,</strong></span> <span class='ocrx_word' id='word_1_253' title='bbox 369 3152 419 3237; x_wconf 93' lang='lat' dir='ltr'><strong>qni</strong></span> <span class='ocrx_word' id='word_1_254' title='bbox 431 3163 584 3238; x_wconf 84' lang='lat' dir='ltr'><strong>postquam</strong></span> <span class='ocrx_word' id='word_1_255' title='bbox 600 3152 666 3215; x_wconf 87' lang='lat' dir='ltr'><strong>illos</strong></span> <span class='ocrx_word' id='word_1_256' title='bbox 681 3150 800 3229; x_wconf 84' lang='lat' dir='ltr'><strong>derisit,</strong></span> <span class='ocrx_word' id='word_1_257' title='bbox 826 3153 966 3238; x_wconf 82' lang='lat' dir='ltr'><strong>tragicam</strong></span> <span class='ocrx_word' id='word_1_258' title='bbox 982 3154 1059 3229; x_wconf 90' lang='lat' dir='ltr'><strong>illam</strong></span> <span class='ocrx_word' id='word_1_259' title='bbox 1075 3157 1265 3220; x_wconf 85' lang='lat' dir='ltr'><strong>exclamatio-</strong></span> 
     </span>
     <span class='ocr_line' id='line_1_29' title="bbox 112 3251 1264 3341; baseline -0.001 -17"><span class='ocrx_word' id='word_1_260' title='bbox 112 3281 177 3326; x_wconf 89' lang='lat' dir='ltr'><strong>nem</strong></span> <span class='ocrx_word' id='word_1_261' title='bbox 201 3257 334 3323; x_wconf 86' lang='lat' dir='ltr'><strong>subiicit:</strong></span> <span class='ocrx_word' id='word_1_262' title='bbox 368 3254 450 3319; x_wconf 89' lang='lat' dir='ltr'><strong>lleul</strong></span> <span class='ocrx_word' id='word_1_263' title='bbox 475 3254 548 3318; x_wconf 91' lang='lat' dir='ltr'><strong>heul</strong></span> <span class='ocrx_word' id='word_1_264' title='bbox 582 3251 680 3318; x_wconf 83' lang='lat' dir='ltr'><strong>Proh!</strong></span> <span class='ocrx_word' id='word_1_265' title='bbox 704 3255 793 3341; x_wconf 88' lang='lat' dir='ltr'><strong>proh!</strong></span> <span class='ocrx_word' id='word_1_266' title='bbox 838 3253 949 3319; x_wconf 90' lang='lat' dir='ltr'><strong>Merito</strong></span> <span class='ocrx_word' id='word_1_267' title='bbox 971 3256 1112 3341; x_wconf 87' lang='lat' dir='ltr'><strong>siquidem</strong></span> <span class='ocrx_word' id='word_1_268' title='bbox 1135 3260 1205 3322; x_wconf 91' lang='lat' dir='ltr'><strong>illud</strong></span> <span class='ocrx_word' id='word_1_269' title='bbox 1228 3261 1264 3323; x_wconf 89' lang='lat' dir='ltr'><strong>de</strong></span> 
     </span>
     <span class='ocr_line' id='line_1_30' title="bbox 111 3356 1265 3446; baseline -0.003 -17"><span class='ocrx_word' id='word_1_270' title='bbox 111 3383 200 3429; x_wconf 87' lang='lat' dir='ltr'><strong>scena</strong></span> <span class='ocrx_word' id='word_1_271' title='bbox 217 3361 415 3446; x_wconf 84' lang='lat' dir='ltr'><strong>depromptum</strong></span> <span class='ocrx_word' id='word_1_272' title='bbox 431 3358 466 3421; x_wconf 93' lang='lat' dir='ltr'><strong>ad</strong></span> <span class='ocrx_word' id='word_1_273' title='bbox 483 3358 546 3421; x_wconf 89' lang='lat' dir='ltr'><strong>eam</strong></span> <span class='ocrx_word' id='word_1_274' title='bbox 563 3356 717 3421; x_wconf 76' lang='lat' dir='ltr'><strong>transferri</strong></span> <span class='ocrx_word' id='word_1_275' title='bbox 730 3358 923 3424; x_wconf 86' lang='lat' dir='ltr'><strong>calamitatem</strong></span> <span class='ocrx_word' id='word_1_276' title='bbox 938 3370 1035 3445; x_wconf 90' lang='lat' dir='ltr'><strong>potest</strong></span> <span class='ocrx_word' id='word_1_277' title='bbox 1049 3382 1132 3445; x_wconf 90' lang='lat' dir='ltr'><strong>qnam</strong></span> <span class='ocrx_word' id='word_1_278' title='bbox 1149 3372 1265 3445; x_wconf 91' lang='lat' dir='ltr'><strong>porten-</strong></span> 
     </span>
     <span class='ocr_line' id='line_1_31' title="bbox 110 3460 1264 3547; baseline -0.003 -16"><span class='ocrx_word' id='word_1_279' title='bbox 110 3466 184 3531; x_wconf 87' lang='lat' dir='ltr'><strong>tosis</strong></span> <span class='ocrx_word' id='word_1_280' title='bbox 204 3462 326 3528; x_wconf 86' lang='lat' dir='ltr'><strong>vocibus</strong></span> <span class='ocrx_word' id='word_1_281' title='bbox 349 3482 385 3524; x_wconf 90' lang='lat' dir='ltr'><strong>ac</strong></span> <span class='ocrx_word' id='word_1_282' title='bbox 407 3471 466 3525; x_wconf 71' lang='lat' dir='ltr'><strong>mm</strong></span> <span class='ocrx_word' id='word_1_283' title='bbox 486 3461 628 3523; x_wconf 78' lang='lat' dir='ltr'><strong>effrenata</strong></span> <span class='ocrx_word' id='word_1_284' title='bbox 647 3460 765 3525; x_wconf 88' lang='lat' dir='ltr'><strong>audacia</strong></span> <span class='ocrx_word' id='word_1_285' title='bbox 783 3482 926 3545; x_wconf 87' lang='lat' dir='ltr'><strong>ungarum</strong></span> <span class='ocrx_word' id='word_1_286' title='bbox 945 3463 985 3526; x_wconf 93' lang='lat' dir='ltr'><strong>illi</strong></span> <span class='ocrx_word' id='word_1_287' title='bbox 1006 3463 1164 3547; x_wconf 89' lang='lat' dir='ltr'><strong>scriptores</strong></span> <span class='ocrx_word' id='word_1_288' title='bbox 1182 3465 1264 3527; x_wconf 89' lang='lat' dir='ltr'><strong>inre-</strong></span> 
     </span>
     <span class='ocr_line' id='line_1_32' title="bbox 112 3562 1261 3652; baseline -0.002 -19"><span class='ocrx_word' id='word_1_289' title='bbox 112 3570 200 3647; x_wconf 90' lang='lat' dir='ltr'><strong>hunt‚</strong></span> <span class='ocrx_word' id='word_1_290' title='bbox 225 3566 272 3652; x_wconf 93' lang='lat' dir='ltr'><strong>qui</strong></span> <span class='ocrx_word' id='word_1_291' title='bbox 289 3563 446 3630; x_wconf 89' lang='lat' dir='ltr'><strong>mendaciis</strong></span> <span class='ocrx_word' id='word_1_292' title='bbox 463 3563 524 3628; x_wconf 92' lang='lat' dir='ltr'><strong>suis</strong></span> <span class='ocrx_word' id='word_1_293' title='bbox 542 3563 608 3626; x_wconf 85' lang='lat' dir='ltr'><strong>licta</strong></span> <span class='ocrx_word' id='word_1_294' title='bbox 622 3562 762 3648; x_wconf 90' lang='lat' dir='ltr'><strong>quaedam</strong></span> <span class='ocrx_word' id='word_1_295' title='bbox 780 3565 895 3628; x_wconf 90' lang='lat' dir='ltr'><strong>nomina</strong></span> <span class='ocrx_word' id='word_1_296' title='bbox 912 3564 1094 3650; x_wconf 87' lang='lat' dir='ltr'><strong>impudenter</strong></span> <span class='ocrx_word' id='word_1_297' title='bbox 1111 3567 1261 3651; x_wconf 85' lang='lat' dir='ltr'><strong>affingunt.</strong></span> 
     </span>
     <span class='ocr_line' id='line_1_33' title="bbox 110 3666 1264 3752; baseline -0.003 -14"><span class='ocrx_word' id='word_1_298' title='bbox 110 3668 270 3737; x_wconf 85' lang='lat' dir='ltr'><strong>Nemeum</strong></span> <span class='ocrx_word' id='word_1_299' title='bbox 289 3669 329 3733; x_wconf 93' lang='lat' dir='ltr'><strong>ita</strong></span> <span class='ocrx_word' id='word_1_300' title='bbox 345 3666 464 3732; x_wconf 84' lang='lat' dir='ltr'><strong>scribit:</strong></span> <span class='ocrx_word' id='word_1_301' title='bbox 495 3673 573 3728; x_wconf 86' lang='lat' dir='ltr'><strong>Ante</strong></span> <span class='ocrx_word' id='word_1_302' title='bbox 589 3672 681 3729; x_wconf 80' lang='lat' dir='ltr'><strong>amatia</strong></span> <span class='ocrx_word' id='word_1_303' title='bbox 694 3673 816 3749; x_wconf 73' lang='lat' dir='ltr'><strong>patinara</strong></span> <span class='ocrx_word' id='word_1_304' title='bbox 833 3672 970 3750; x_wconf 82' lang='lat' dir='ltr'><strong>quoddam</strong></span> <span class='ocrx_word' id='word_1_305' title='bbox 987 3681 1030 3730; x_wconf 86' lang='lat' dir='ltr'><strong>est</strong></span> <span class='ocrx_word' id='word_1_306' title='bbox 1044 3672 1215 3752; x_wconf 80' lang='lat' dir='ltr'><strong>Prrherpainn</strong></span> <span class='ocrx_word' id='word_1_307' title='bbox 1229 3694 1264 3734; x_wconf 86' lang='lat' dir='ltr'><strong>uc</strong></span> 
     </span>
     <span class='ocr_line' id='line_1_34' title="bbox 111 3774 1260 3857; baseline -0.001 -19"><span class='ocrx_word' id='word_1_308' title='bbox 111 3778 251 3849; x_wconf 57' lang='lat' dir='ltr'><strong>Prtitruam</strong></span> <span class='ocrx_word' id='word_1_309' title='bbox 284 3774 497 3854; x_wconf 74' lang='lat' dir='ltr'><strong>cistelle’geataitm</strong></span> <span class='ocrx_word' id='word_1_310' title='bbox 513 3775 618 3832; x_wconf 70' lang='lat' dir='ltr'><strong>omnem</strong></span> <span class='ocrx_word' id='word_1_311' title='bbox 633 3792 786 3852; x_wconf 57' lang='lat' dir='ltr'><strong>summas,</strong></span> <span class='ocrx_word' id='word_1_312' title='bbox 818 3774 894 3854; x_wconf 77' lang='lat' dir='ltr'><strong>qaod</strong></span> <span class='ocrx_word' id='word_1_313' title='bbox 909 3792 962 3851; x_wconf 80' lang='lat' dir='ltr'><strong>ego</strong></span> <span class='ocrx_word' id='word_1_314' title='bbox 978 3775 1126 3834; x_wconf 85' lang='lat' dir='ltr'><strong>Monadem</strong></span> <span class='ocrx_word' id='word_1_315' title='bbox 1140 3778 1260 3857; x_wconf 84' lang='lat' dir='ltr'><strong>appello,</strong></span> 
     </span>
     <span class='ocr_line' id='line_1_35' title="bbox 112 3876 1262 3958; baseline -0.001 -16"><span class='ocrx_word' id='word_1_316' title='bbox 112 3890 295 3943; x_wconf 73' lang='lat' dir='ltr'><strong>aerumma</strong></span> <span class='ocrx_word' id='word_1_317' title='bbox 321 3878 390 3936; x_wconf 85' lang='lat' dir='ltr'><strong>Cum</strong></span> <span class='ocrx_word' id='word_1_318' title='bbox 406 3877 461 3935; x_wconf 82' lang='lat' dir='ltr'><strong>dac</strong></span> <span class='ocrx_word' id='word_1_319' title='bbox 476 3876 598 3937; x_wconf 81' lang='lat' dir='ltr'><strong>Monada</strong></span> <span class='ocrx_word' id='word_1_320' title='bbox 612 3878 709 3937; x_wconf 68' lang='lat' dir='ltr'><strong>Vei-tus</strong></span> <span class='ocrx_word' id='word_1_321' title='bbox 724 3878 833 3948; x_wconf 71' lang='lat' dir='ltr'><strong>eatstt&#39;t,</strong></span> <span class='ocrx_word' id='word_1_322' title='bbox 857 3895 939 3955; x_wconf 86' lang='lat' dir='ltr'><strong>qaam</strong></span> <span class='ocrx_word' id='word_1_323' title='bbox 955 3886 986 3936; x_wconf 90' lang='lat' dir='ltr'><strong>et</strong></span> <span class='ocrx_word' id='word_1_324' title='bbox 997 3879 1085 3955; x_wconf 77' lang='lat' dir='ltr'><strong>ipsam</strong></span> <span class='ocrx_word' id='word_1_325' title='bbox 1099 3881 1262 3958; x_wconf 71' lang='lat' dir='ltr'><strong>Saitgalori·</strong></span> 
     </span>
    </p>
   </div>
   <div class='ocr_carea' id='block_1_4' title="bbox 54 4061 1263 4678">
    <p class='ocr_par' dir='ltr' id='par_1_5' title="bbox 111 4061 1263 4135">
     <span class='ocr_line' id='line_1_36' title="bbox 111 4061 1263 4135; baseline 0.001 -16"><span class='ocrx_word' id='word_1_326' title='bbox 111 4067 162 4119; x_wconf 77' lang='lat' dir='ltr'><strong>aad.</strong></span> <span class='ocrx_word' id='word_1_327' title='bbox 172 4068 318 4119; x_wconf 72' lang='lat' dir='ltr'><strong>taunaco</strong></span> <span class='ocrx_word' id='word_1_328' title='bbox 333 4066 379 4115; x_wconf 80' lang='lat' dir='ltr'><strong>Vel.</strong></span> <span class='ocrx_word' id='word_1_329' title='bbox 390 4064 513 4127; x_wconf 70' lang='lat' dir='ltr'><strong>ratapant</strong></span> <span class='ocrx_word' id='word_1_330' title='bbox 520 4065 626 4127; x_wconf 81' lang='lat' dir='ltr'><strong>primum</strong></span> <span class='ocrx_word' id='word_1_331' title='bbox 633 4078 671 4114; x_wconf 80' lang='lat' dir='ltr'><strong>re·</strong></span> <span class='ocrx_word' id='word_1_332' title='bbox 704 4063 779 4122; x_wconf 81' lang='lat' dir='ltr'><strong>Pheu,</strong></span> <span class='ocrx_word' id='word_1_333' title='bbox 790 4061 869 4130; x_wconf 88' lang='lat' dir='ltr'><strong>phau!</strong></span> <span class='ocrx_word' id='word_1_334' title='bbox 887 4063 1177 4131; x_wconf 80' lang='lat' dir='ltr'><strong>Tragicamreredieare</strong></span> <span class='ocrx_word' id='word_1_335' title='bbox 1188 4083 1263 4135; x_wconf 91' lang='lat' dir='ltr'><strong>opor·</strong></span> 
     </span>
    </p>

    <p class='ocr_par' dir='ltr' id='par_1_6' title="bbox 111 4130 1262 4271">
     <span class='ocr_line' id='line_1_37' title="bbox 111 4130 1262 4199; baseline 0.001 -12"><span class='ocrx_word' id='word_1_336' title='bbox 111 4136 184 4187; x_wconf 79' lang='lat' dir='ltr'><strong>sllltdl</strong></span> <span class='ocrx_word' id='word_1_337' title='bbox 198 4136 318 4187; x_wconf 74' lang='lat' dir='ltr'><strong>eanum.</strong></span> <span class='ocrx_word' id='word_1_338' title='bbox 705 4141 744 4182; x_wconf 86' lang='lat' dir='ltr'><strong>tet</strong></span> <span class='ocrx_word' id='word_1_339' title='bbox 759 4147 834 4198; x_wconf 86' lang='lat' dir='ltr'><strong>snper</strong></span> <span class='ocrx_word' id='word_1_340' title='bbox 849 4130 915 4182; x_wconf 85' lang='lat' dir='ltr'><strong>hane</strong></span> <span class='ocrx_word' id='word_1_341' title='bbox 928 4132 1055 4184; x_wconf 85' lang='lat' dir='ltr'><strong>nominum</strong></span> <span class='ocrx_word' id='word_1_342' title='bbox 1069 4133 1218 4199; x_wconf 80' lang='lat' dir='ltr'><strong>lectionem,</strong></span> <span class='ocrx_word' id='word_1_343' title='bbox 1237 4147 1262 4188; x_wconf 90' lang='lat' dir='ltr'><strong>et</strong></span> 
     </span>
     <span class='ocr_line' id='line_1_38' title="bbox 147 4196 1261 4271; baseline 0.003 -18"><span class='ocrx_word' id='word_1_344' title='bbox 147 4201 206 4253; x_wconf 79' lang='lat' dir='ltr'><strong>Car.</strong></span> <span class='ocrx_word' id='word_1_345' title='bbox 215 4201 259 4252; x_wconf 87' lang='lat' dir='ltr'><strong>vt.</strong></span> <span class='ocrx_word' id='word_1_346' title='bbox 272 4226 306 4240; x_wconf 91' lang='lat'>-</span> <span class='ocrx_word' id='word_1_347' title='bbox 322 4200 344 4252; x_wconf 90' lang='lat' dir='ltr'><strong>l.</strong></span> <span class='ocrx_word' id='word_1_348' title='bbox 356 4196 404 4266; x_wconf 78' lang='grc' dir='ltr'><strong>τήν</strong></span> <span class='ocrx_word' id='word_1_349' title='bbox 414 4203 507 4262; x_wconf 80' lang='lat' dir='ltr'><strong>reposui</strong></span> <span class='ocrx_word' id='word_1_350' title='bbox 518 4212 549 4250; x_wconf 76' lang='lat' dir='ltr'><strong>aa</strong></span> <span class='ocrx_word' id='word_1_351' title='bbox 560 4202 611 4251; x_wconf 85' lang='lat' dir='ltr'><strong>cod.</strong></span> <span class='ocrx_word' id='word_1_352' title='bbox 623 4201 669 4250; x_wconf 81' lang='lat' dir='ltr'><strong>Va·</strong></span> <span class='ocrx_word' id='word_1_353' title='bbox 702 4208 798 4251; x_wconf 86' lang='lat' dir='ltr'><strong>tantam</strong></span> <span class='ocrx_word' id='word_1_354' title='bbox 818 4198 961 4261; x_wconf 88' lang='lat' dir='ltr'><strong>andaciam,</strong></span> <span class='ocrx_word' id='word_1_355' title='bbox 985 4202 1191 4271; x_wconf 86' lang='lat' dir='ltr'><strong>quemadmodum</strong></span> <span class='ocrx_word' id='word_1_356' title='bbox 1207 4205 1261 4256; x_wconf 88' lang='lat' dir='ltr'><strong>aina</strong></span> 
     </span>
    </p>

    <p class='ocr_par' dir='ltr' id='par_1_7' title="bbox 111 4266 1261 4405">
     <span class='ocr_line' id='line_1_39' title="bbox 111 4266 1261 4340; baseline 0.002 -17"><span class='ocrx_word' id='word_1_357' title='bbox 111 4276 197 4324; x_wconf 79' lang='lat' dir='ltr'><strong>licant.</strong></span> <span class='ocrx_word' id='word_1_358' title='bbox 234 4271 307 4333; x_wconf 80' lang='lat' dir='ltr'><strong>Vulpo</strong></span> <span class='ocrx_word' id='word_1_359' title='bbox 323 4273 388 4319; x_wconf 84' lang='lat' dir='ltr'><strong>catat</strong></span> <span class='ocrx_word' id='word_1_360' title='bbox 403 4266 455 4321; x_wconf 79' lang='lat' dir='ltr'><strong>acal.</strong></span> <span class='ocrx_word' id='word_1_361' title='bbox 703 4267 795 4319; x_wconf 85' lang='lat' dir='ltr'><strong>rubore</strong></span> <span class='ocrx_word' id='word_1_362' title='bbox 807 4267 937 4319; x_wconf 87' lang='lat' dir='ltr'><strong>mendacio</strong></span> <span class='ocrx_word' id='word_1_363' title='bbox 951 4286 995 4321; x_wconf 84' lang='lat' dir='ltr'><strong>suo</strong></span> <span class='ocrx_word' id='word_1_364' title='bbox 1007 4271 1105 4322; x_wconf 86' lang='lat' dir='ltr'><strong>nomina</strong></span> <span class='ocrx_word' id='word_1_365' title='bbox 1117 4273 1209 4340; x_wconf 89' lang='lat' dir='ltr'><strong>posuit.</strong></span> <span class='ocrx_word' id='word_1_366' title='bbox 1233 4275 1261 4326; x_wconf 91' lang='lat' dir='ltr'><strong>lu</strong></span> 
     </span>
     <span class='ocr_line' id='line_1_40' title="bbox 144 4328 1048 4405; baseline 0 -14"><span class='ocrx_word' id='word_1_367' title='bbox 144 4339 291 4391; x_wconf 74' lang='lat' dir='ltr'><strong>2&#39;Detenda</strong></span> <span class='ocrx_word' id='word_1_368' title='bbox 312 4343 363 4389; x_wconf 70' lang='lat' dir='ltr'><strong>mat</strong></span> <span class='ocrx_word' id='word_1_369' title='bbox 383 4339 469 4388; x_wconf 84' lang='lat' dir='ltr'><strong>uocata</strong></span> <span class='ocrx_word' id='word_1_370' title='bbox 489 4328 504 4390; x_wconf 79' lang='lat' dir='ltr'><strong>‘d</strong></span> <span class='ocrx_word' id='word_1_371' title='bbox 523 4338 596 4400; x_wconf 84' lang='lat' dir='ltr'><strong>culpo</strong></span> <span class='ocrx_word' id='word_1_372' title='bbox 617 4342 670 4387; x_wconf 72' lang='lat' dir='ltr'><strong>acue</strong></span> <span class='ocrx_word' id='word_1_373' title='bbox 704 4353 736 4388; x_wconf 87' lang='lat' dir='ltr'><strong>eo</strong></span> <span class='ocrx_word' id='word_1_374' title='bbox 754 4335 818 4386; x_wconf 84' lang='lat' dir='ltr'><strong>enim</strong></span> <span class='ocrx_word' id='word_1_375' title='bbox 835 4336 903 4405; x_wconf 89' lang='lat' dir='ltr'><strong>qnod</strong></span> <span class='ocrx_word' id='word_1_376' title='bbox 920 4337 981 4390; x_wconf 81' lang='lat' dir='ltr'><strong>dicit</strong></span> <span class='ocrx_word' id='word_1_377' title='bbox 998 4345 1048 4391; x_wconf 82' lang='lat' dir='ltr'><strong>cett.</strong></span> 
     </span>
    </p>

    <p class='ocr_par' dir='ltr' id='par_1_8' title="bbox 111 4399 1260 4474">
     <span class='ocr_line' id='line_1_41' title="bbox 111 4399 1260 4474; baseline 0 -11"><span class='ocrx_word' id='word_1_378' title='bbox 111 4406 154 4463; x_wconf 76' lang='lat' dir='ltr'><strong>tat</strong></span> <span class='ocrx_word' id='word_1_379' title='bbox 169 4410 254 4470; x_wconf 81' lang='lat' dir='ltr'><strong>obuia,</strong></span> <span class='ocrx_word' id='word_1_380' title='bbox 277 4409 414 4457; x_wconf 80' lang='lat' dir='ltr'><strong>amtenttom</strong></span> <span class='ocrx_word' id='word_1_381' title='bbox 432 4407 502 4468; x_wconf 84' lang='lat' dir='ltr'><strong>plane</strong></span> <span class='ocrx_word' id='word_1_382' title='bbox 525 4406 671 4468; x_wconf 80' lang='lat' dir='ltr'><strong>perturbem.</strong></span> <span class='ocrx_word' id='word_1_383' title='bbox 737 4399 761 4457; x_wconf 80' lang='lat' dir='ltr'><strong>l.</strong></span> <span class='ocrx_word' id='word_1_384' title='bbox 779 4408 863 4457; x_wconf 74' lang='lat' dir='ltr'><strong>Bittius</strong></span> <span class='ocrx_word' id='word_1_385' title='bbox 877 4421 931 4458; x_wconf 87' lang='lat' dir='ltr'><strong>cnm</strong></span> <span class='ocrx_word' id='word_1_386' title='bbox 947 4409 994 4459; x_wconf 84' lang='lat' dir='ltr'><strong>l&#39;et.</strong></span> <span class='ocrx_word' id='word_1_387' title='bbox 1008 4412 1105 4474; x_wconf 79' lang='lat' dir='ltr'><strong>ratapr.</strong></span> <span class='ocrx_word' id='word_1_388' title='bbox 1121 4413 1260 4464; x_wconf 71' lang='lat' dir='ltr'><strong>banestre</strong></span> 
     </span>
    </p>

    <p class='ocr_par' dir='ltr' id='par_1_9' title="bbox 111 4469 925 4539">
     <span class='ocr_line' id='line_1_42' title="bbox 111 4469 925 4539; baseline -0.002 -8"><span class='ocrx_word' id='word_1_389' title='bbox 111 4476 366 4531; x_wconf 69' lang='lat' dir='ltr'><strong>mmruotrat</strong></span> <span class='ocrx_word' id='word_1_390' title='bbox 378 4488 408 4525; x_wconf 82' lang='lat' dir='ltr'><strong>ec</strong></span> <span class='ocrx_word' id='word_1_391' title='bbox 420 4475 670 4538; x_wconf 65' lang='lat' dir='ltr'><strong>manuascha·</strong></span> <span class='ocrx_word' id='word_1_392' title='bbox 701 4476 768 4538; x_wconf 83' lang='lat' dir='ltr'><strong>pontt</strong></span> <span class='ocrx_word' id='word_1_393' title='bbox 782 4469 925 4539; x_wconf 61' lang='lat' dir='ltr'><strong>uastata</strong></span> 
     </span>
    </p>

    <p class='ocr_par' dir='ltr' id='par_1_10' title="bbox 112 4542 1261 4613">
     <span class='ocr_line' id='line_1_43' title="bbox 112 4542 1261 4613; baseline 0.011 -25"><span class='ocrx_word' id='word_1_394' title='bbox 112 4548 135 4597; x_wconf 66' lang='grc' dir='ltr'><strong>ιο</strong></span> <span class='ocrx_word' id='word_1_395' title='bbox 152 4542 241 4599; x_wconf 61' lang='lat' dir='ltr'><strong>muno.</strong></span> <span class='ocrx_word' id='word_1_396' title='bbox 736 4543 761 4595; x_wconf 81' lang='lat'><strong>5.</strong></span> <span class='ocrx_word' id='word_1_397' title='bbox 777 4545 923 4595; x_wconf 70' lang='lat' dir='ltr'><strong>ultraneum</strong></span> <span class='ocrx_word' id='word_1_398' title='bbox 937 4548 983 4598; x_wconf 79' lang='lat' dir='ltr'><strong>tet.</strong></span> <span class='ocrx_word' id='word_1_399' title='bbox 993 4549 1261 4613; x_wconf 81' lang='lat' dir='ltr'><strong>trenaetlntoprctera·</strong></span> 
     </span>
    </p>

    <p class='ocr_par' dir='ltr' id='par_1_11' title="bbox 54 4606 916 4678">
     <span class='ocr_line' id='line_1_44' title="bbox 54 4606 916 4678; baseline 0 -13"><span class='ocrx_word' id='word_1_400' title='bbox 54 4632 59 4644; x_wconf 89' lang='lat'>·</span> <span class='ocrx_word' id='word_1_401' title='bbox 146 4611 258 4666; x_wconf 74' lang='lat' dir='ltr'><strong>araas</strong></span> <span class='ocrx_word' id='word_1_402' title='bbox 272 4612 363 4664; x_wconf 77' lang='lat' dir='ltr'><strong>bened</strong></span> <span class='ocrx_word' id='word_1_403' title='bbox 378 4612 505 4675; x_wconf 78' lang='lat' dir='ltr'><strong>laterpras:</strong></span> <span class='ocrx_word' id='word_1_404' title='bbox 528 4611 568 4675; x_wconf 87' lang='lat' dir='ltr'><strong>lu‚</strong></span> <span class='ocrx_word' id='word_1_405' title='bbox 585 4609 626 4661; x_wconf 86' lang='lat' dir='ltr'><strong>iul</strong></span> <span class='ocrx_word' id='word_1_406' title='bbox 643 4620 670 4662; x_wconf 88' lang='lat' dir='ltr'><strong>et</strong></span> <span class='ocrx_word' id='word_1_407' title='bbox 701 4614 767 4675; x_wconf 84' lang='lat' dir='ltr'><strong>pontt</strong></span> <span class='ocrx_word' id='word_1_408' title='bbox 783 4606 916 4678; x_wconf 80' lang='grc' dir='ltr'><strong>Μονότητι.</strong></span> 
     </span>
    </p>
   </div>
   <div class='ocr_carea' id='block_1_5' title="bbox 0 0 1531 5084">
    <p class='ocr_par' dir='ltr' id='par_1_12' title="bbox 0 0 1531 5084">
     <span class='ocr_line' id='line_1_45' title="bbox 0 0 1531 5084; baseline 0 0"><span class='ocrx_word' id='word_1_409' title='bbox 0 0 1531 5084; x_wconf 95' lang='lat' dir='ltr'><strong> </strong></span> 
     </span>
    </p>
   </div>
  </div>
 </body>
</html>
