3046 5084
295 342 356 405 226
713 349 832 401 εενοτι
850 349 1017 401 nmmum
1123 381 1127 387 .

298 472 347 534 καί
363 465 563 552 ἀλεξητήριον,
585 479 626 543 εἰς
643 463 713 530 ἄλλα
729 463 799 540 τούς
815 463 1040 550 ἐντυγχάνοντας
1057 462 1259 545 παρεκτρίψω.
1304 459 1392 544 Πλῆυ
1410 464 1444 527 ἐκ

302 568 412 644 παντδς
431 576 472 658 τῷ
492 567 552 653 τῆνι
567 566 684 633 σύνεσιν
709 569 873 654 κεκτημένῳ
893 564 1013 647 μύταιος
1041 561 1062 644 ῆ
1082 561 1194 629 τούτων
1214 561 1445 646 καταχλεύαστος

302 675 473 737 διδασκαλία
488 669 716 751 συσταθήσεται,
744 666 824 752 παρᾶ
842 668 894 750 μίν
911 664 1082 740 ἀποστόλοις
1098 667 1281 750 ἕλεγγομέυη,
1310 663 1393 749 παρᾶ
1411 667 1445 730 δὲ

302 781 364 848 τοῖς
384 781 514 847 συνετοῖς
535 771 825 856 καταγινωσκομίνη,
854 772 887 835 ίκ
907 776 983 834 θεοῦ
1005 769 1036 832 δὲ
1056 768 1107 832 καί
1123 774 1176 832 τοῦ
1194 765 1287 834 αύτοῦ
1304 773 1358 850 τῆς
1374 764 1443 848 ἅλη-

303 879 387 949 θείας
406 871 592 959 κηρύγματος
614 872 816 953 ἐκβαλλομένη.

171 998 238 1063 Κεφ,
253 988 287 1058 η’.
389 981 553 1040 Καλοῦνται
570 974 603 1038 δὲ
620 975 709 1038 πάλιν
725 964 807 1037 οὗτοι
823 971 1045 1053 Μηρινθιαυολ,
1066 967 1108 1044 οίς
1124 966 1145 1052 ἦ
1161 971 1291 1036 ἐλθοῦσα
1307 973 1350 1046 είς
1364 967 1443 1053 ῆμᾶς

304 1079 389 1158 φῆμη
413 1077 543 1160 περιέχει.
588 1076 659 1138 Είτε
677 1072 733 1158 γδρ
756 1070 775 1137 ὅ
797 1069 886 1146 αύτδς
904 1073 1058 1154 Κήρινθος
1079 1073 1243 1156 Μῆρινθος
1266 1073 1356 1136 πάλιν
1375 1073 1442 1136 δια-

302 1186 377 1243 λεῖτο
399 1175 448 1253 (ού
463 1178 544 1240 πάνυ
559 1202 586 1239 τι
608 1181 711 1253 σαφῶς
727 1176 795 1259 περί
812 1172 918 1238 τούτου
935 1176 1045 1253 ἴσμεν),
1075 1175 1131 1236 είτε
1151 1172 1236 1249 ἄλλος
1254 1199 1299 1248 τις
1313 1166 1352 1255 ῆν
1368 1171 1440 1253 Μή-

181 1310 231 1356 μαχ.
245 1296 288 1339 ιιι
306 1287 414 1360 ριυθος
428 1275 566 1357 ὀνόματι,
593 1272 732 1360 συνεργδς
748 1273 857 1362 τούτῳ,
878 1281 942 1361 θεῷ
959 1276 1107 1358 ἔγνωσται.
1140 1272 1218 1356 Ἤδη
1241 1273 1297 1359 γδρ
1321 1277 1441 1356 εἴπομεν

304 1378 349 1445 ὅτι
365 1376 401 1443 ού
418 1375 508 1458 μόνον
522 1374 611 1452 αύτδς
626 1379 657 1441 ἒν
671 1373 881 1462 Ἱεροσολύμοις
896 1373 1034 1450 πολλάκις
1048 1372 1166 1457 οἷντὲστη
1179 1385 1242 1450 τοῖς
1257 1373 1439 1452 αποστύλοις,

303 1478 374 1551 α’λλολ
391 1480 443 1545 καί
462 1480 495 1544 οί
507 1476 563 1545 σύν
578 1475 656 1566 αύτῷ
675 1481 706 1544 ἕν
726 1486 762 1567 τῆ
775 1476 865 1564 Ἀσίᾳ.
911 1475 996 1559 Πλῆν
1013 1474 1086 1559 ῆτοιΙ
1096 1474 1185 1552 αὐτὸς
1201 1480 1261 1557 είη,
1287 1476 1377 1559 ῆκαί
1392 1475 1439 1542 δίλ-

304 1589 354 1657 λος
374 1579 427 1645 σύν
444 1577 523 1666 αύτῷ
538 1577 693 1664 συνεργὸς,
724 1577 759 1644 τοί
776 1579 863 1661 δμοια
879 1576 957 1666 αύτῷ
974 1585 1095 1662 φρονοῑν
1111 1580 1160 1642 καί
1181 1577 1376 1663 συμπράττων
1390 1581 1442 1643 καλ

303 1681 339 1747 τολ
357 1686 420 1760 ίσα,
441 1679 528 1747 ούδίν
545 1682 687 1765 διαφέρει.
716 1677 818 1766 Ἡγοίρ
835 1688 916 1745 πᾶσα
929 1678 1026 1745 αύτῶν
1038 1683 1218 1765 κακοτροπία
1234 1687 1287 1762 τῆς
1303 1684 1442 1746 διδασκα·

303 1788 367 1859 λίας
380 1787 483 1848 τοῦτον
505 1785 561 1866 ἔχει
579 1780 631 1848 τδν
646 1790 828 1868 χαρακτῆρα,
851 1787 1049 1870 Κηρινθιανοί
1063 1808 1093 1847 τε
1109 1779 1188 1864 ύμοῦ
1204 1784 1255 1847 καί
1267 1789 1443 1868 Μηρινδια-

305 1887 351 1951 νολ
368 1877 451 1949 οὗτοι
465 1892 628 1950 καλοῦνται.

377 1987 437 2049 Καὶ
454 1992 543 2050 ταῦτα
557 1987 623 2071 περὶ
638 1992 689 2067 τῆς
707 1989 805 2067 δεινῆς
818 1988 866 2050 καί
882 1983 1064 2069 ἕρπετοίδους
1080 1990 1243 2067 μοχθηρίας
1256 1981 1353 2050 αὐτῶν
1367 1989 1441 2062 διεξ-

193 2156 196 2163 ,
306 2088 397 2162 ιύντες
423 2085 511 2152 πάλιν
534 2090 584 2152 ἐπί
604 2086 656 2161 τδς
673 2089 739 2169 ἑξῆς
757 2091 968 2170 προβαίυομεν,
998 2084 1231 2170 εὐχαριστοῦντες
1248 2088 1314 2169 μὶν,
1342 2085 1389 2152 δτι
1407 2086 1442 2152 τύ

307 2191 432 2272 πέλαγος
445 2187 558 2254 τούτων
577 2196 637 2252 τῶν
658 2195 758 2254 κακῶν
774 2187 927 2273 δογμάτων
942 2186 1079 2270 ἀβλαβῶς
1093 2188 1304 2270 διενηξοίμεδα,
1326 2185 1444 2271 εύχύμι-

242 2364 246 2372 ,
306 2318 354 2357 νοι
369 2291 415 2369 δὲ,
444 2294 493 2355 ἵνα
518 2292 550 2355 ἐν
570 2299 634 2364 ταῖς
648 2291 714 2371 ἑξῆς
731 2289 970 2373 παρεντυχόυτες,
998 2287 1039 2364 οδς
1056 2293 1097 2364 τίς
1113 2289 1304 2355 διαθαλύττια
1319 2293 1371 2355 καί
1386 2299 1443 2372 δη-

307 2391 399 2477 ριοίδη
423 2390 515 2475 βράχη
535 2389 782 2475 παρεμπεσόντες,
811 2392 851 2473 μῆ
874 2388 1078 2474 οίδικηθολμεν,
1107 2390 1176 2456 ἀλλὰ
1192 2396 1337 2474 σωτηρίας
1351 2388 1441 2474 τύχω-

308 2519 361 2576 μεν
377 2499 431 2574 τῆς
453 2491 512 2558 dud
534 2499 587 2574 τῆς
606 2489 763 2574 μελλούσης
785 2489 856 2574 ῆμῐυ
879 2490 950 2557 καθ’
968 2490 1119 2577 ύφῆγησιν
1141 2491 1355 2573 ἀναφαίνεσθαι
1374 2490 1444 2575 αἰλη-

307 2599 409 2673 θείας,
438 2596 469 2659 ἐν
485 2600 526 2679 τῷ
543 2591 620 2675 ῆμᾶς
641 2600 801 2658 ισυνιστο”ιν
821 2590 914 2675 αύτῆν
933 2619 962 2659 τε
980 2597 1029 2660 καί
1046 2592 1100 2677 τῆν
1115 2597 1147 2661 ἐν
1160 2592 1235 2684 αύτῆ
1250 2599 1442 2675 κενοφωνίαν.

313 2701 360 2782 Τῷ
381 2693 435 2780 γαίρ
457 2695 625 2781 βουλομένῳ
642 2703 776 2773 σκοπεῖν,
803 2697 854 2761 καί
873 2694 926 2770 τδς
945 2695 1059 2762 τούτων
1082 2698 1162 2771 ίδίας
1176 2693 1371 2781 ἀναγράφειν,
1390 2698 1444 2763 καλ

309 2796 383 2877 αὕτη
395 2793 658 2880 παρεικασθῆσεται
677 2793 717 2871 τίς
731 2794 852 2878 ἀληθῶς
869 2796 1016 2887 δικεφᾶλφ
1036 2800 1093 2862 τινί
1107 2796 1190 2878 ὄφει,
1219 2796 1270 2863 διδ
1288 2797 1322 2865 τδ
1337 2796 1442 2865 διοίνυ-

309 2923 382 2979 μον,
402 2900 454 2962 καλ
466 2903 503 2986 τῆ
515 2899 680 2988 καλουμένη
697 2897 837 2982 σηπεδόνι
854 2901 966 2988 ίχίδνη,
987 2907 1025 2990 τῆ
1038 2898 1158 2988 κομύση
1172 2901 1223 2981 μίν
1237 2907 1298 2966 πᾶν
1313 2899 1346 2969 τδ
1361 2908 1447 2984 σοῖμα

309 2996 401 3082 αύτῆς
417 3000 449 3066 ἒν
461 3001 562 3084 θριξίν
581 3002 735 3085 ἐρυθραῖς,
764 2998 821 3066 ούκ
835 2999 941 3090 ίχούση
963 3002 996 3067 δὲ
1017 3000 1086 3067 οὐδὲ
1105 2999 1188 3086 αίγδς
1206 2998 1276 3067 ούδλ
1296 3001 1449 3088 προδότου

309 3098 402 3178 φύσιν
424 3099 445 3183 ῆ
467 3099 574 3186 δοροίν,
605 3099 674 3166 ἆλλδ
693 3103 816 3187 ἑρπετοῦ
822 3153 831 3181 ,
860 3105 912 3169 καί
934 3101 989 3185 τῆν
1009 3101 1103 3185 λύμην
1127 3105 1300 3193 ἐργαζομένη
1322 3103 1373 3169 διδ
1394 3111 1451 3170 τοῦ

310 3201 458 3288 δῆγματος
476 3212 542 3277 ,τοῖς
565 3201 861 3288 παρατυγχάνουσιν,
889 3202 1093 3293 δνατρεπούση
1115 3205 1147 3268 δί
1166 3202 1237 3280 τούς
1256 3202 1331 3294 αύτῆ
1343 3215 1448 3271 πειθο·

269 3346 272 3351 -
311 3307 419 3388 μένους
435 3310 478 3387 πῆ
494 3305 546 3386 μὲν
562 3301 621 3369 ύπδ
640 3312 765 3381 παλαιᾶς
778 3311 939 3390 θρησκείας
953 3304 989 3372 τύ
1004 3311 1058 3388 τῆς
1080 3308 1148 3381 νέας
1168 3305 1314 3388 διαθήκης
1338 3303 1449 3385 είφαντ·

311 3407 417 3496 ζούση,
438 3413 481 3488 πῆ
500 3407 532 3471 δὲ
546 3404 596 3471 διιί
616 3403 711 3490 λύγων
726 3410 863 3489 ψευδῶν,
892 3405 932 3484 τίς
950 3405 1009 3474 dmi
1024 3410 1092 3484 νίας
1106 3406 1269 3490 διαθήκης,
1296 3403 1370 3472 κακοί
1389 3415 1451 3474 ταῖν

311 3508 371 3575 αἰπύ
391 3513 551 3595 περιτομῆς
575 3510 616 3583 είς
634 3506 762 3591 Χριστδν
783 3509 1018 3576 πεπιστευκότων
1040 3508 1211 3579 οίποστδλυν
1228 3507 1281 3584 τδς
1300 3512 1449 3594 ψευδηγο·

312 3614 377 3692 ρίας
391 3608 606 3698 περιφερούση,
635 3602 672 3692 ῆς
691 3607 744 3691 τῆν
759 3635 789 3674 τε
804 3617 898 3693 σῆψιν
914 3614 965 3677 καλ
979 3610 1033 3680 τδυ
1046 3612 1094 3678 ίδν
1114 3612 1166 3677 καλ
1178 3609 1249 3691 τούς
1264 3607 1388 3689 ὀδόντας
1407 3617 1450 3698 τῇ

312 3709 386 3797 ξύλφ
402 3719 455 3792 τῆς
468 3709 608 3794 α’ληθείας
622 3715 778 3788 παίσαντες
791 3714 841 3778 καί
859 3717 1070 3797 συντρίψαντες
1088 3716 1137 3781 ίπλ
1155 3711 1208 3791 τοίς
1219 3715 1387 3797 μετίκιιτα,
1408 3709 1453 3790 εἱς

312 3819 470 3894 προεῖπον,
491 3821 622 3900 χωρῆσαι
642 3814 676 3880 ίν
695 3819 732 3903 τῆ
752 3822 829 3880 θεοῦ
849 3811 974 3898 δυνάμει
992 3814 1171 3900 σπεύσωμεν.

363 4047 421 4098 (λιι.
438 4049 503 4100 Vm.
526 4079 558 4094 ·-
594 4055 615 4104 ί.
635 4056 682 4105 ίίοα
696 4054 911 4114 manumittere,
930 4070 1086 4122 componere.
