3046 5084
442 331 1051 399 seusunurar.nuar.rr.nssn.xxn.
1261 335 1316 397 tel

169 461 380 541 commodaret,
395 462 472 546 quud
488 460 510 522 ii
526 460 637 525 iaciunt
649 461 699 546 qui
711 462 892 527 mollioribus
905 465 1037 529 restibus
1051 466 1229 530 induuntur?
1260 462 1319 529 bli-

171 564 249 627 nime
268 584 353 628 reru.
396 561 469 627 Non
491 560 569 625 euim
591 557 720 625 lcnnnes
740 562 853 625 mundo
869 567 1008 646 qnnedam
1029 575 1075 629 est
1091 564 1236 629 bominum
1256 569 1317 650 cpi-

172 665 308 729 uicuibus
321 665 448 746 agitata,
471 662 520 726 rel
534 661 664 745 quelibet
678 681 779 725 eornm
796 663 897 726 tmude
913 685 949 726 ec
963 665 1146 729 simulatione
1161 687 1316 731 concussa.

171 765 232 831 Sed
249 767 387 851 qnoniam
402 764 471 827 illud
488 763 648 841 adiecerat,
669 767 749 825 ister
764 776 846 825 nutus
860 767 1006 825 mulierum
1019 788 1075 827 nce
1089 772 1218 827 eremit
1230 774 1319 829 maior

169 874 276 931 Ioanne
294 870 431 946 baptiste,
463 884 501 928 ue
518 863 584 949 quis
601 861 740 927 iunonem
758 864 814 929 sibi
831 866 1020 950 persuaderet
1036 867 1123 930 etiam
1140 866 1206 952 ipso
1223 869 1319 931 salve·

171 981 236 1034 tore
256 989 322 1031 esse
343 965 500 1059 nunonem,
532 965 607 1049 qnod
629 966 655 1028 is
676 986 694 1029 a
714 966 854 1046 muliere,
889 968 1023 1031 nimirum
1043 966 1130 1032 beata
1146 989 1318 1054 semperque

172 1070 288 1153 virgine
301 1065 400 1131 Maria
412 1087 464 1152 per
477 1067 608 1153 spiritum
622 1077 752 1131 sanctum
767 1081 848 1131 esset
861 1069 989 1152 genitus,
1011 1080 1042 1133 ut
1056 1090 1109 1133 ucs
1124 1081 1227 1134 contra
1243 1070 1318 1134 bunc

171 1191 305 1235 errorem
320 1168 491 1247 instrueret,
512 1168 649 1246 subiecit,
674 1172 732 1249 θαι·
742 1175 834 1232 misor
847 1182 892 1232 est
903 1177 933 1233 in
948 1193 1037 1251 regno
1054 1175 1205 1247 coelerum,
1229 1179 1319 1234 morer

172 1285 218 1334 est
235 1275 297 1334 etto.
341 1269 427 1355 Quod
448 1269 585 1335 videlicet
604 1269 720 1335 ratione
736 1272 876 1358 temporis
897 1284 944 1337 est
963 1272 1000 1337 ab
1022 1292 1059 1336 ec
1080 1274 1187 1337 dietum
1210 1295 1267 1359 qno
1288 1276 1317 1337 in

173 1375 250 1438 bunc
273 1374 408 1437 muudum
431 1371 555 1436 bumana
582 1392 670 1437 esrne
692 1374 841 1459 praeditus
862 1373 997 1454 advenit,
1028 1375 1164 1460 quoniam
1186 1386 1274 1439 sexto
1301 1399 1317 1437 n

173 1473 292 1540 lunonis
314 1474 465 1538 nativitate
486 1493 589 1538 meuse
611 1469 749 1539 Christus
772 1486 818 1539 est
838 1476 869 1540 iu
892 1476 987 1541 lucem
1010 1478 1117 1542 editus.
1162 1474 1221 1560 Qui
1243 1476 1317 1541 baud

173 1575 259 1641 dubie
274 1576 367 1640 moicr
387 1575 537 1654 sestilio,
567 1597 632 1639 cunr
651 1586 681 1640 et
697 1576 738 1640 sit
752 1597 870 1663 semper
886 1588 918 1642 et
936 1579 1035 1642 luerit.
1079 1576 1156 1662 Quis
1174 1578 1229 1644 boe
1245 1600 1318 1643 rerc

172 1687 269 1764 potest
287 1678 443 1762 ignorare?
485 1673 610 1741 Frustra
628 1677 719 1761 igitur
737 1678 774 1741 ab
792 1679 851 1743 illis
869 1680 1040 1764 excogitata
1058 1692 1127 1746 suut
1144 1681 1259 1763 omnia,
1289 1692 1319 1745 et

172 1800 212 1844 ex
231 1778 317 1842 bonis
337 1778 368 1842 in
389 1778 465 1843 mala
486 1798 643 1842 conversa.

255 1876 413 1946 Caeterum
431 1879 497 1943 libri
514 1897 604 1963 penes
622 1878 689 1942 illus
708 1880 908 1965 quamplurimi
924 1893 1004 1946 snut.
1046 1882 1126 1948 Nam
1144 1882 1314 1968 iuterroga-
1334 1900 1393 1966 cap.
1404 1901 1467 1949 vm.

171 1982 268 2047 tiones
285 1982 424 2067 quasdam
444 1978 559 2044 Mariae
577 1980 740 2042 venditant.
782 1980 897 2045 Aliide
916 2003 1055 2066 ecquem
1075 1985 1202 2049 diximus
1224 1984 1318 2051 laida-

173 2084 261 2149 baotb
282 2084 338 2148 sub
363 2081 448 2149 Setbi
477 2081 596 2145 nomine
618 2081 782 2165 cumplures
803 2081 895 2146 libros
921 2085 1120 2169 supposititios
1149 2089 1316 2151 obtrudunt.

108 2164 125 2180 ’
172 2183 232 2251 Sed
250 2197 280 2249 et
293 2185 400 2248 Adnmi
418 2183 630 2248 Revelatiunes
646 2183 738 2264 alias,
760 2195 791 2247 et
808 2184 864 2248 alie
880 2185 950 2248 item
962 2183 1126 2269 Evangelia
1145 2189 1216 2250 laisa
1233 2190 1318 2253 disci-

172 2289 305 2374 pulorum
328 2286 446 2350 nomine
463 2285 651 2349 conscribere
667 2297 736 2350 sunt
753 2286 829 2351 eud.
872 2283 939 2349 Nec
963 2306 1015 2350 eus
1032 2287 1130 2351 dicere
1153 2290 1241 2374 pudet
1262 2292 1319 2354 sal-

172 2400 306 2454 vatorem
329 2398 461 2452 nostrum
491 2408 526 2451 ae
548 2385 694 2451 domiuum
718 2385 816 2452 lesum
839 2383 988 2453 Christum
1014 2390 1155 2453 eiusmodi
1181 2412 1232 2474 per
1252 2413 1319 2455 sese

174 2490 381 2578 turpitudinem
401 2499 594 2554 monstmsse.
638 2486 757 2553 Etenim
773 2491 802 2553 in
818 2487 934 2555 Murice
952 2489 1231 2575 interrogationibus
1247 2517 1319 2577 quas

172 2592 306 2659 Maium
323 2602 432 2657 vocant
446 2594 530 2675 (snut
544 2588 622 2655 eninr
638 2589 856 2657 eliaebiinores
873 2592 993 2678 perinde
1010 2595 1239 2677 commentitiae)
1255 2596 1319 2658 huie

173 2697 252 2760 illnm
262 2695 438 2780 patefecisse
453 2694 575 2779 lingunt,
586 2714 652 2757 cuna
661 2713 725 2757 enm
738 2692 769 2756 iu
783 2705 911 2758 montem
927 2694 1091 2774 eduxisset,
1103 2708 1240 2781 essetque
1254 2719 1319 2783 pre-

175 2808 270 2876 catus,
293 2816 328 2860 ac
341 2797 482 2879 products
497 2796 534 2859 de
550 2796 643 2859 latere
659 2815 715 2859 suo
731 2794 853 2859 muliere
869 2818 934 2860 eum
950 2817 986 2860 ea
1002 2818 1064 2861 rem
1081 2798 1190 2863 bebere
1207 2802 1320 2885 eoepis-

175 2909 240 2977 set,
263 2907 324 2960 tum
343 2897 463 2962 seminis
483 2896 528 2961 sni
546 2896 716 2982 prolusione
733 2897 885 2981 regmen
904 2911 1116 2980 monstrasset,
1140 2901 1198 2980 ita,
1224 2914 1255 2966 ut
1276 2903 1320 2966 vi-

175 3019 249 3065 vere
266 2997 422 3084 possimus,
445 3018 513 3064 csse
530 2999 707 3063 iaciendum.
750 2998 872 3063 Addunt
886 3010 917 3063 et
934 3003 1129 3085 perturbatam
1149 3005 1240 3068 luisse
1254 3004 1320 3067 dla-

175 3102 268 3181 riam,
291 3110 379 3185 atque
395 3099 472 3163 bumi
490 3100 653 3178 cecidisse,
676 3120 833 3184 eemquee
854 3096 974 3166 Christo
993 3125 1059 3167 cum
1076 3103 1121 3169 bis
1137 3107 1237 3169 verbis
1255 3126 1320 3167 ere-

174 3214 269 3268 ctam=
315 3205 796 3285 Qucredudr'tustr'mcdr'enefidei?
826 3204 924 3287 Atque
939 3204 994 3268 boe
1018 3209 1112 3290 ipsum
1131 3228 1198 3270 esse
1219 3207 1322 3268 nolunt

173 3306 250 3392 quod
266 3305 297 3369 in
316 3304 470 3388 evaugelio
486 3304 608 3368 dicitur:
641 3309 678 3367 Sr'
696 3317 808 3367 terrem
831 3309 892 3367 debr
908 3309 1001 3383 mee,
1025 3321 1054 3370 et
1074 3331 1130 3371 non
1147 3311 1315 3380 ανιιίιὶίινιιὶν,
1329 3325 1470 3380 sennenn

172 3412 304 3472 coelestia
319 3411 453 3489 quomodo
476 3411 619 3469 medeb's?
648 3404 723 3471 ltcm
738 3406 825 3471 illud:
855 3412 924 3470 Cum
944 3414 1071 3471 usidern'ts's
1081 3413 1180 3489 fidium
1203 3412 1321 3471 demonis

174 3534 206 3572 ec
219 3514 412 3573 mmmmm
433 3511 485 3571 ndi
504 3521 569 3571 mut
586 3515 687 3590 prius,
712 3509 767 3573 boe
784 3520 847 3587 est,
868 3511 1021 3594 inquiunt,
1052 3510 1198 3595 producas
1219 3531 1319 3575 senen

174 3626 364 3697 exemptum,
395 3621 428 3674 nt
448 3632 485 3675 ec
508 3610 585 3676 unde
603 3611 721 3676 caiernt
740 3622 919 3676 revertetur.
966 3611 1044 3674 Tum
1066 3612 1143 3694 qncd
1160 3612 1227 3677 alibi
1247 3615 1321 3677 scri-

173 3726 252 3800 pte·
273 3725 337 3779 este
367 3717 437 3775 Nisi
453 3718 689 3777 nundueucmtr's
704 3735 817 3775 emere
832 3734 936 3787 meum,
967 3725 997 3775 et
1011 3715 1137 3776 biberitis
1153 3737 1240 3778 neum
1255 3739 1320 3779 sun-
1332 3737 1470 3789 {menese

171 3822 297 3897 gemeus
343 3815 391 3887 dd
409 3836 484 3899 qune
509 3815 686 3899 perturbetis
711 3815 877 3900 discipulis,
909 3835 944 3877 ac
967 3813 1147 3895 dicentibus,
1180 3823 1249 3897 Qur‘s
1268 3823 1321 3880 loc

170 3930 267 3999 potest
278 3922 402 3981 ndis?
423 3918 459 3981 de
474 3916 652 4001 turpitudine
668 3936 835 3981 sermonem
854 3936 919 3979 eum
935 3914 1097 3981 institutum
1114 3920 1222 4000 lerunt,
1240 3922 1321 3984 iden-

174 4040 231 4106 que
253 4019 385 4084 turbetos
408 4030 489 4082 retro
511 4020 613 4102 pedem
630 4018 779 4082 retulisse.
824 4015 962 4081 Nondum
978 4019 1054 4082 enim
1070 4023 1200 4107 perfecte
1221 4043 1321 4086 ccrrc

173 4120 270 4187 bereti
289 4110 380 4187 'erant
396 4141 430 4185 ac
447 4120 577 4184 sunnin.
623 4118 692 4204 Quo
712 4119 800 4182 etiam
819 4116 941 4184 Daridis
959 4120 1028 4185 illud
1048 4123 1153 4188 dietum
1171 4125 1320 4187 referunt:

175 4306 258 4379 χρόνῳ
275 4309 324 4376 τῆς
341 4304 463 4373 duodenos
480 4301 556 4361 αὐτοῦ
574 4305 719 4375 παρουσίας.
770 4311 808 4357 tte.
820 4314 841 4369 qt
857 4311 983 4362 edPetnn
1000 4307 1153 4379 πιστεύσητε
1167 4315 1321 4373 codltbedr'p.

207 4376 234 4429 e
249 4368 302 4447 lp«
317 4379 369 4429 eon
385 4379 483 4441 anne.
769 4382 789 4426 n
806 4379 860 4430 eun.
875 4381 949 4441 nne.

212 4442 350 4498 cunvuls
366 4473 399 4485 ‘¹'
427 4440 615 4499 Ιινπῑπεύσιπ
628 4443 735 4495 wora·
