3046 5084
377 323 769 382 rauaarrmar.rcu.1r.
788 329 1001 379 utrumn.
1191 314 1269 383 '327

118 464 173 531 que
191 445 309 531 scriptis
328 444 480 530 quicquam
500 445 674 512 elucubrare
689 446 912 527 consueverim,
945 469 1040 533 neque
1062 449 1176 515 dicendi
1196 452 1271 516 sita

116 568 163 613 me
187 548 310 613 incultas
332 544 548 613 exercitatione
566 547 712 631 quaesita.
758 546 817 613 Sed
840 570 887 612 me
905 550 1013 614 caritas
1032 551 1165 616 bortatur
1185 564 1268 618 ntea

116 649 166 713 tibi
189 651 305 734 tuisque
323 651 460 733 dogmata
479 649 650 733 patefaciam
669 670 744 733 quae
762 651 797 713 ad
817 649 893 713 bunc
911 652 1055 716 occultata
1075 652 1152 717 diem
1171 656 1267 720 divina

115 753 200 816 modo
216 753 310 837 gralia
329 761 460 837 prompta
479 749 613 815 omuibus
630 764 790 837 apertaque
808 763 886 816 sunt.
931 756 1016 815 Niart
1028 759 1100 816 enain
1114 768 1157 817 est
1172 761 1265 819 occul·
1278 781 1363 828 meam,

115 867 189 928 tum,
214 859 290 936 quod
308 877 364 916 non
387 856 542 928 reueletur,
566 865 595 916 et
613 855 820 930 abscondebam,
846 859 922 937 quod
940 878 995 917 noa
1016 861 1135 918 scrutur.
1278 834 1311 884 ¹⁰⁸
1323 836 1355 878 π’

196 955 358 1020 Enimvero
375 955 445 1020 nibil
459 955 516 1019 erit
532 976 584 1020 cur
599 977 616 1019 a
632 956 729 1035 uobis,
753 959 801 1041 qui
818 958 897 1020 inter
911 956 1013 1021 Gallos
1029 958 1161 1042 degimus
1177 971 1264 1045 atque
1284 972 1341 1041 cap.
1356 975 1390 1025 x.

112 1060 141 1123 in
158 1058 301 1122 barbarae
317 1057 435 1143 linguae
449 1057 639 1122 meditatione
654 1058 807 1143 plurimum
824 1061 957 1145 occupati
973 1083 1087 1142 sumus,
1105 1063 1263 1127 oratoriam

111 1163 216 1245 exigas
234 1161 419 1239 laenitatem,
448 1181 532 1244 quam
552 1181 697 1245 nunquam
714 1160 883 1240 didicimus,
914 1183 1009 1247 neque
1025 1164 1171 1228 scribendi
1188 1166 1264 1250 peri-

111 1265 199 1342 tiam,
231 1262 277 1327 oui
297 1283 442 1347 nunquam
462 1262 641 1341 studuimus,
673 1281 768 1347 ueque
788 1263 924 1327 dictionis
943 1277 1076 1330 ornatum
1099 1289 1133 1331 ac
1152 1268 1260 1346 lucum,

111 1387 197 1451 quem
217 1365 333 1451 peuitue
350 1364 530 1448 ignoramus.
576 1360 656 1448 Quin
676 1363 773 1449 potius
795 1387 869 1450 quae
892 1388 910 1429 a
932 1368 1016 1431 arabis
1036 1367 1207 1454 simpliciter
1229 1391 1263 1434 ac

111 1488 183 1532 acre
200 1467 368 1552 vulgarique
383 1485 520 1530 sermone
536 1467 572 1530 ad
589 1477 618 1530 te
634 1487 675 1531 ex
690 1468 812 1532 caritate
830 1468 1009 1550 scribuntur,
1034 1491 1070 1535 ea
1085 1491 1124 1533 ex
1139 1471 1262 1536 caritate

111 1568 253 1655 suscipies
270 1579 375 1654 atque,
406 1578 505 1655 utpute
523 1568 616 1652 magis
636 1569 671 1631 ad
690 1568 719 1633 id
737 1572 942 1654 praestandum
964 1572 1103 1652 idoneus,
1135 1573 1178 1636 sic
1198 1583 1260 1638 tan-

110 1694 194 1758 quam
211 1671 324 1736 semiua
341 1671 482 1755 quaedam
500 1681 530 1735 ct
547 1671 628 1733 initia
646 1691 662 1733 a
682 1671 766 1735 uobis
784 1674 951 1758 acceperis,
976 1696 1051 1738 nova
1069 1677 1144 1760 apud
1164 1685 1192 1738 tc
1211 1697 1259 1739 ae·

109 1775 243 1840 cessione
261 1772 453 1858 locupletiora
470 1771 582 1851 iacies,
612 1783 643 1834 et
663 1773 693 1836 in
713 1775 820 1838 mantis
840 1785 906 1838 tuae
924 1777 1082 1860 spatiosum
1100 1777 1194 1840 sinum
1214 1799 1260 1841 re-

106 1877 239 1956 condita,
263 1897 338 1962 quae
355 1874 457 1961 paucis
474 1895 492 1937 a
508 1895 554 1937 me
572 1875 727 1960 perstricta
745 1886 831 1953 sunt,
857 1877 992 1941 uberiore
1012 1880 1106 1941 lructu
1123 1901 1259 1965 compen·

106 1980 203 2059 sabis,
238 2000 273 2043 ae
290 1978 417 2063 denique
436 1976 571 2060 quicquid
594 1997 611 2040 a
634 1997 681 2041 me
698 1997 798 2063 parum
816 1978 943 2042 viriliter
960 1980 1135 2065 explicatum
1158 1982 1257 2061 luerit,

104 2084 178 2169 apud
197 2092 263 2145 tuos
281 2100 410 2144 nervose
427 2078 599 2163 fortiterque
618 2079 789 2164 disputabis.
835 2081 934 2164 Atque
953 2093 984 2143 ut
1000 2103 1056 2165 ego
1076 2083 1125 2145 tibi
1143 2083 1257 2148 illorum

105 2183 281 2249 seutentiam
298 2181 468 2268 perdiscere
485 2181 612 2265 cupienti
631 2203 688 2263 uon
708 2202 771 2246 eam
789 2183 874 2246 modo
892 2183 1042 2247 declarare
1060 2184 1173 2264 studui,
1206 2187 1257 2250 sed

105 2288 210 2352 idonea
227 2307 342 2372 quoque
360 2283 506 2370 praesidia
524 2285 560 2351 ad
577 2284 655 2347 illam
674 2284 903 2349 convincendam
923 2285 1022 2364 attuli,
1047 2289 1137 2365 ita,ct
1157 2299 1186 2351 tu
1204 2311 1257 2374 pro

105 2410 235 2474 eaquae
259 2399 354 2453 tecum
376 2408 394 2449 a
417 2387 472 2449 deo
495 2386 705 2451 communicata
730 2387 825 2472 gratia
847 2399 909 2468 est,
941 2398 1107 2452 ceterorum
1127 2389 1257 2475 impense

105 2491 269 2557 rationibus
287 2502 317 2553 et
334 2489 451 2554 utilitati
468 2489 600 2568 servios,
630 2511 667 2552 ue
686 2491 715 2552 iu
735 2501 884 2575 posterum
902 2491 1052 2575 quisquam
1073 2491 1174 2554 blanda
1192 2493 1256 2555 illo·

104 2616 168 2661 rum
191 2593 326 2659 oratione
348 2591 490 2678 capiatur.
537 2588 622 2674 Quae
644 2592 674 2654 in
697 2592 773 2656 bunc
795 2595 909 2657 mudum
933 2615 1000 2657 sese
1023 2594 1120 2657 babet.

186 2694 336 2781 Principio
355 2695 385 2758 in
402 2694 625 2760 sublimitatibus
641 2694 717 2775 illis,
748 2717 822 2780 quae
840 2717 934 2781 neque
952 2697 1016 2760 visu
1035 2698 1143 2783 percipi
1160 2718 1255 2782 neque
1274 2704 1390 2772 eapttt.

105 2799 300 2887 appellatione
326 2798 383 2863 ulla
411 2798 618 2884 comprehendi
640 2808 778 2883 possunt,
812 2800 972 2884 perlectum
993 2799 1092 2864 inesse
1112 2802 1254 2885 quendam

103 2905 238 2968 Aeonem
257 2912 411 2980 asserunt,
436 2922 521 2984 quem
540 2911 569 2964 ot
585 2901 708 2985 primum
724 2897 882 2964 Parentem
899 2913 930 2965 ct
946 2899 1073 2988 Bptbum
1091 2905 1252 2967 nominant.

102 3004 208 3084 llunc,
230 3025 295 3068 cum
312 3005 390 3068 nullo
408 3004 473 3068 loco
491 3003 635 3067 contineri
653 3025 707 3067 uec
723 3003 817 3067 videri
834 3017 950 3089 posset,
975 3007 1182 3091 sempiternum
1199 3027 1253 3070 uec

100 3107 230 3194 genitum
249 3106 280 3170 iu
301 3106 398 3190 quiete
419 3116 506 3190 atque
522 3106 582 3169 otiu
599 3106 718 3169 infinitis
733 3127 942 3191 perseverasse
958 3108 1077 3171 seculis.
1119 3106 1252 3191 Quocum

102 3210 255 3275 lluuocam
272 3207 409 3274 extitisse
425 3209 547 3294 pariter,
571 3229 655 3293 quam
673 3208 721 3272 isti
737 3206 871 3273 Gratiam
886 3231 920 3273 ac
936 3207 1028 3294 Sigen
1045 3223 1162 3275 vocant.
1207 3211 1254 3273 Αο

102 3315 194 3379 luisse
217 3323 330 3397 tempus
347 3309 502 3394 aliquando
520 3332 584 3375 cum
601 3308 716 3396 Bythos
734 3310 783 3374 illu
802 3312 929 3375 ouruinm
951 3334 991 3376 cx
1010 3334 1077 3376 sese
1098 3313 1253 3398 primordia

102 3417 264 3502 producere
280 3414 409 3478 voluerit
426 3434 462 3477 ac
480 3425 617 3499 tauquam
637 3412 767 3494 semina,
800 3436 874 3498 quae
893 3415 921 3477 in
941 3412 1033 3499 Sigen
1052 3414 1203 3498 aequalem
1219 3436 1254 3478 aa

103 3539 267 3605 comparem
285 3538 367 3582 suam
384 3517 467 3602 quasi
482 3516 631 3581 matricem
647 3516 762 3580 inludit.
809 3516 881 3580 Eam
902 3538 989 3601 porro
1007 3516 1118 3579 seutiae
1134 3517 1184 3579 illo
1200 3538 1254 3582 cx·

103 3633 187 3710 cepto
208 3620 360 3707 gravidam
383 3622 497 3685 demum
521 3618 644 3684 similem
666 3619 793 3705 genitori
814 3642 867 3684 suo
887 3618 957 3682 Nun
978 3619 1183 3704 aequalemque
1204 3641 1253 3706 pc·

102 3725 232 3812 perisse,
263 3723 313 3809 qui
334 3723 415 3788 aolus
437 3720 576 3788 Parentis
599 3722 826 3807 magnitudinem
852 3733 981 3807 caperet.
1028 3719 1160 3785 Eundem
1182 3720 1252 3787 Nun

101 3830 189 3894 etiam
206 3825 371 3913 Unigenam
388 3827 554 3906 nominant,
577 3837 608 3890 et
622 3824 741 3890 Patrem
759 3837 788 3889 et
802 3823 980 3911 Principium
996 3846 1093 3889 rerum
1109 3825 1248 3905 omnium,

102 3954 225 4017 quocum
243 3951 300 3995 una
317 3939 472 4016 procreata
487 3929 526 3993 sit
543 3927 674 3994 Veritas.
721 3926 805 3993 blanc
821 3948 888 3992 csse
906 3927 1025 4013 primam
1042 3949 1076 3990 ac
1092 3927 1250 4014 principem

102 4034 180 4102 illam
193 4032 449 4122 Pythagoreorum
465 4032 649 4117 quadrigam,
675 4053 761 4117 quam
777 4043 808 4095 et
824 4031 1027 4095 universorum
1044 4030 1184 4096 Radicem
1201 4053 1252 4117 ap-

135 4220 159 4276 4·
178 4220 222 4277 aul
238 4220 397 4276 καταθέσθαι
412 4226 505 4272 tucatur
521 4221 589 4271 codd.
605 4221 659 4270 Van.
693 4235 747 4272 eum
761 4222 883 4273 dotandum
900 4234 947 4271 esse
962 4223 1092 4285 suspiceris.
1126 4223 1173 4272 Ata's'
1187 4223 1255 4271 ota'trr

103 4296 154 4344 Vct
168 4294 275 4357 ltbsdip,
291 4297 313 4342 ct
326 4293 382 4354 itaq.
392 4293 471 4342 Porta.
505 4292 532 4341 ln
547 4290 614 4339 eddts
629 4293 662 4338 est
694 4293 755 4341 buno
769 4293 844 4340 locum
858 4293 971 4353 cmripere
983 4296 1035 4340 aunt
1049 4294 1139 4352 rauca,
1156 4304 1255 4354 quorum

101 4359 147 4416 καὶ
161 4358 296 4425 sublatur,
312 4361 376 4425 quod
387 4361 524 4409 tuendorum
538 4370 585 4409 cass
599 4359 662 4406 arbi·
696 4365 825 4411 commeato
841 4364 934 4411 anuum
950 4362 1040 4411 trearoet
1056 4361 1174 4409 aditiones.

101 4435 315 4495 trummacum
328 4429 418 4481 trram
431 4423 663 4491 laterondcmiclese
731 4427 754 4479 5.
775 4422 877 4495 πρώτην
896 4429 947 4479 cod.
969 4430 1022 4478 Ven.
1056 4428 1153 4495 πρῶτον
1171 4429 1254 4492 reliqui

101 4500 220 4551 aarum.
253 4499 400 4549 Particularia
420 4495 465 4550 aaut
485 4502 539 4548 onte
555 4492 665 4551 aamet-
698 4499 759 4548 libri.

103 4566 163 4619 oeae
175 4570 237 4618 carta
251 4562 442 4630 edomuerunt
456 4567 554 4619 ramata
567 4565 666 4628 aliisque
732 4563 757 4617 6.
775 4561 923 4632 Τετρακτήν
938 4566 974 4616 ed.
987 4566 1062 4629 princ.
