<?xml version="1.0" encoding="UTF-8"?>
<!DOCTYPE html PUBLIC "-//W3C//DTD XHTML 1.0 Transitional//EN"
    "http://www.w3.org/TR/xhtml1/DTD/xhtml1-transitional.dtd">
<html xmlns="http://www.w3.org/1999/xhtml" xml:lang="en" lang="en">
 <head>
  <title>
</title>
<meta http-equiv="Content-Type" content="text/html;charset=utf-8" />
  <meta name='ocr-system' content='tesseract 3.04.00' />
  <meta name='ocr-capabilities' content='ocr_page ocr_carea ocr_par ocr_line ocrx_word'/>
</head>
<body>
  <div class='ocr_page' id='page_1' title='image "./corporishaerese01unkngoog_0386.png"; bbox 0 0 3046 5084; ppageno 0'>
   <div class='ocr_carea' id='block_1_1' title="bbox 383 343 1273 409">
    <p class='ocr_par' dir='ltr' id='par_1_1' title="bbox 383 343 1273 409">
     <span class='ocr_line' id='line_1_1' title="bbox 383 343 1273 409; baseline 0.002 -5"><span class='ocrx_word' id='word_1_1' title='bbox 383 353 519 405; x_wconf 81' lang='grc' dir='ltr'>ιιιιιιιιι</span> <span class='ocrx_word' id='word_1_2' title='bbox 535 354 599 407; x_wconf 82' lang='grc' dir='ltr'>ιιι.</span> <span class='ocrx_word' id='word_1_3' title='bbox 614 356 634 407; x_wconf 93' lang='grc' dir='ltr'>ι.</span> <span class='ocrx_word' id='word_1_4' title='bbox 650 356 732 409; x_wconf 81' lang='lat' dir='ltr'>rora.</span> <span class='ocrx_word' id='word_1_5' title='bbox 744 356 776 407; x_wconf 92' lang='grc' dir='ltr'>ιι.</span> <span class='ocrx_word' id='word_1_6' title='bbox 804 356 901 408; x_wconf 83' lang='lat' dir='ltr'>uasa.</span> <span class='ocrx_word' id='word_1_7' title='bbox 919 356 1021 408; x_wconf 85' lang='lat' dir='ltr'>xxxr.</span> <span class='ocrx_word' id='word_1_8' title='bbox 1215 343 1273 407; x_wconf 79' lang='lat'>³81</span> 
     </span>
    </p>
   </div>
   <div class='ocr_carea' id='block_1_2' title="bbox 126 472 1280 1076">
    <p class='ocr_par' dir='ltr' id='par_1_2' title="bbox 126 472 1280 1076">
     <span class='ocr_line' id='line_1_2' title="bbox 127 472 1277 560; baseline -0.001 -20"><span class='ocrx_word' id='word_1_9' title='bbox 127 475 241 556; x_wconf 82' lang='lat' dir='ltr'>omnia,</span> <span class='ocrx_word' id='word_1_10' title='bbox 272 494 347 560; x_wconf 79' lang='lat' dir='ltr'>qnae</span> <span class='ocrx_word' id='word_1_11' title='bbox 368 475 484 559; x_wconf 88' lang='lat' dir='ltr'>quidem</span> <span class='ocrx_word' id='word_1_12' title='bbox 505 474 562 559; x_wconf 82' lang='lat' dir='ltr'>ipsi</span> <span class='ocrx_word' id='word_1_13' title='bbox 581 472 715 539; x_wconf 84' lang='lat' dir='ltr'>sobieeta</span> <span class='ocrx_word' id='word_1_14' title='bbox 736 486 822 553; x_wconf 90' lang='lat' dir='ltr'>suot,</span> <span class='ocrx_word' id='word_1_15' title='bbox 854 475 1030 539; x_wconf 88' lang='lat' dir='ltr'>dominatum</span> <span class='ocrx_word' id='word_1_16' title='bbox 1049 496 1084 539; x_wconf 89' lang='lat' dir='ltr'>ae</span> <span class='ocrx_word' id='word_1_17' title='bbox 1103 485 1277 560; x_wconf 89' lang='lat' dir='ltr'>potestatem</span> 
     </span>
     <span class='ocr_line' id='line_1_3' title="bbox 128 573 1276 661; baseline 0.001 -21"><span class='ocrx_word' id='word_1_18' title='bbox 128 578 267 643; x_wconf 88' lang='lat' dir='ltr'>tribuunt.</span> <span class='ocrx_word' id='word_1_19' title='bbox 315 573 391 643; x_wconf 84' lang='lat' dir='ltr'>Cum</span> <span class='ocrx_word' id='word_1_20' title='bbox 412 577 468 641; x_wconf 86' lang='lat' dir='ltr'>boo</span> <span class='ocrx_word' id='word_1_21' title='bbox 495 585 527 640; x_wconf 85' lang='lat' dir='ltr'>et</span> <span class='ocrx_word' id='word_1_22' title='bbox 547 575 635 640; x_wconf 88' lang='lat' dir='ltr'>alium</span> <span class='ocrx_word' id='word_1_23' title='bbox 656 576 828 661; x_wconf 83' lang='lat' dir='ltr'>produntum</span> <span class='ocrx_word' id='word_1_24' title='bbox 850 597 917 640; x_wconf 89' lang='lat' dir='ltr'>esse</span> <span class='ocrx_word' id='word_1_25' title='bbox 938 576 1087 640; x_wconf 87' lang='lat' dir='ltr'>sinistrum</span> <span class='ocrx_word' id='word_1_26' title='bbox 1111 574 1276 659; x_wconf 77' lang='lat' dir='ltr'><strong>Principem</strong></span> 
     </span>
     <span class='ocr_line' id='line_1_4' title="bbox 127 676 1276 764; baseline -0.003 -19"><span class='ocrx_word' id='word_1_27' title='bbox 127 681 284 746; x_wconf 70' lang='lat' dir='ltr'><strong>arbitratus</strong></span> <span class='ocrx_word' id='word_1_28' title='bbox 306 691 369 760; x_wconf 79' lang='lat' dir='ltr'>est3</span> <span class='ocrx_word' id='word_1_29' title='bbox 400 678 522 764; x_wconf 79' lang='lat' dir='ltr'>perinde</span> <span class='ocrx_word' id='word_1_30' title='bbox 547 688 579 742; x_wconf 91' lang='grc' dir='ltr'>ιιι</span> <span class='ocrx_word' id='word_1_31' title='bbox 601 676 736 742; x_wconf 83' lang='lat' dir='ltr'>Gnostiei</span> <span class='ocrx_word' id='word_1_32' title='bbox 757 678 817 756; x_wconf 90' lang='lat' dir='ltr'>illi,</span> <span class='ocrx_word' id='word_1_33' title='bbox 850 679 922 742; x_wconf 90' lang='lat' dir='ltr'>lalso</span> <span class='ocrx_word' id='word_1_34' title='bbox 941 679 982 742; x_wconf 85' lang='lat' dir='ltr'>itu</span> <span class='ocrx_word' id='word_1_35' title='bbox 1001 678 1087 758; x_wconf 88' lang='lat' dir='ltr'>dieti,</span> <span class='ocrx_word' id='word_1_36' title='bbox 1120 678 1276 762; x_wconf 80' lang='lat' dir='ltr'>dequibus</span> 
     </span>
     <span class='ocr_line' id='line_1_5' title="bbox 126 778 1278 871; baseline -0.005 -22"><span class='ocrx_word' id='word_1_37' title='bbox 126 796 229 871; x_wconf 88' lang='lat' dir='ltr'>postea</span> <span class='ocrx_word' id='word_1_38' title='bbox 249 784 390 848; x_wconf 79' lang='lat' dir='ltr'>dicemus.</span> <span class='ocrx_word' id='word_1_39' title='bbox 437 778 536 845; x_wconf 83' lang='lat' dir='ltr'>lesem</span> <span class='ocrx_word' id='word_1_40' title='bbox 556 802 646 865; x_wconf 92' lang='lat' dir='ltr'>porro</span> <span class='ocrx_word' id='word_1_41' title='bbox 666 800 870 865; x_wconf 83' lang='lat' dir='ltr'>nonnunquam</span> <span class='ocrx_word' id='word_1_42' title='bbox 894 779 1055 844; x_wconf 78' lang='lat' dir='ltr'>s&#39;l&#39;lreleto</span> <span class='ocrx_word' id='word_1_43' title='bbox 1076 779 1127 844; x_wconf 89' lang='lat' dir='ltr'>illo</span> <span class='ocrx_word' id='word_1_44' title='bbox 1148 778 1278 863; x_wconf 81' lang='lat' dir='ltr'>genitum</span> 
     </span>
     <span class='ocr_line' id='line_1_6' title="bbox 126 880 1279 970; baseline -0.006 -18"><span class='ocrx_word' id='word_1_45' title='bbox 126 888 265 966; x_wconf 79' lang='lat' dir='ltr'>affirmet,</span> <span class='ocrx_word' id='word_1_46' title='bbox 299 886 347 970; x_wconf 90' lang='lat' dir='ltr'>qni</span> <span class='ocrx_word' id='word_1_47' title='bbox 365 884 402 947; x_wconf 91' lang='lat' dir='ltr'>ab</span> <span class='ocrx_word' id='word_1_48' title='bbox 419 884 549 968; x_wconf 89' lang='lat' dir='ltr'>ipsorum</span> <span class='ocrx_word' id='word_1_49' title='bbox 569 880 668 947; x_wconf 84' lang='lat' dir='ltr'>Matre</span> <span class='ocrx_word' id='word_1_50' title='bbox 684 894 853 948; x_wconf 86' lang='lat' dir='ltr'>eontraetus</span> <span class='ocrx_word' id='word_1_51' title='bbox 873 904 987 967; x_wconf 87' lang='lat' dir='ltr'>unaque</span> <span class='ocrx_word' id='word_1_52' title='bbox 1005 904 1070 946; x_wconf 89' lang='lat' dir='ltr'>eum</span> <span class='ocrx_word' id='word_1_53' title='bbox 1089 881 1279 946; x_wconf 74' lang='lat' dir='ltr'>ursiveraiute</span> 
     </span>
     <span class='ocr_line' id='line_1_7' title="bbox 127 983 1280 1076; baseline -0.006 -22"><span class='ocrx_word' id='word_1_54' title='bbox 127 991 264 1076; x_wconf 77' lang='lat' dir='ltr'>profusus</span> <span class='ocrx_word' id='word_1_55' title='bbox 281 997 344 1066; x_wconf 91' lang='lat' dir='ltr'>est,</span> <span class='ocrx_word' id='word_1_56' title='bbox 367 986 512 1051; x_wconf 90' lang='lat' dir='ltr'>interdum</span> <span class='ocrx_word' id='word_1_57' title='bbox 527 985 563 1049; x_wconf 80' lang='lat' dir='ltr'>eb</span> <span class='ocrx_word' id='word_1_58' title='bbox 581 1007 635 1064; x_wconf 91' lang='lat' dir='ltr'>eo,</span> <span class='ocrx_word' id='word_1_59' title='bbox 659 985 707 1070; x_wconf 83' lang='lat' dir='ltr'>qui</span> <span class='ocrx_word' id='word_1_60' title='bbox 724 1007 758 1050; x_wconf 93' lang='lat' dir='ltr'>se</span> <span class='ocrx_word' id='word_1_61' title='bbox 774 987 808 1050; x_wconf 89' lang='lat' dir='ltr'>ad</span> <span class='ocrx_word' id='word_1_62' title='bbox 824 983 961 1050; x_wconf 77' lang='lat' dir='ltr'>Pleroma</span> <span class='ocrx_word' id='word_1_63' title='bbox 978 986 1143 1070; x_wconf 73' lang='lat' dir='ltr'>receperit,</span> <span class='ocrx_word' id='word_1_64' title='bbox 1167 984 1280 1049; x_wconf 86' lang='lat' dir='ltr'>scilieet</span> 
     </span>
    </p>
   </div>
   <div class='ocr_carea' id='block_1_3' title="bbox 127 1085 1279 1485">
    <p class='ocr_par' dir='ltr' id='par_1_3' title="bbox 127 1085 1279 1485">
     <span class='ocr_line' id='line_1_8' title="bbox 127 1085 1279 1174; baseline -0.004 -18"><span class='ocrx_word' id='word_1_65' title='bbox 127 1087 260 1156; x_wconf 85' lang='lat' dir='ltr'>Christo.</span> <span class='ocrx_word' id='word_1_66' title='bbox 299 1088 384 1154; x_wconf 78' lang='lat' dir='ltr'>Alias</span> <span class='ocrx_word' id='word_1_67' title='bbox 399 1111 416 1154; x_wconf 89' lang='lat' dir='ltr'>a</span> <span class='ocrx_word' id='word_1_68' title='bbox 432 1085 551 1153; x_wconf 87' lang='lat' dir='ltr'>Christo</span> <span class='ocrx_word' id='word_1_69' title='bbox 568 1099 596 1152; x_wconf 93' lang='lat' dir='ltr'>et</span> <span class='ocrx_word' id='word_1_70' title='bbox 612 1086 759 1153; x_wconf 83' lang='lat' dir='ltr'>Euelesia.</span> <span class='ocrx_word' id='word_1_71' title='bbox 795 1086 937 1174; x_wconf 89' lang='lat' dir='ltr'>Spiritum</span> <span class='ocrx_word' id='word_1_72' title='bbox 953 1088 1077 1172; x_wconf 88' lang='lat' dir='ltr'>denique</span> <span class='ocrx_word' id='word_1_73' title='bbox 1094 1100 1226 1152; x_wconf 85' lang='lat' dir='ltr'>sonetum</span> <span class='ocrx_word' id='word_1_74' title='bbox 1242 1087 1279 1151; x_wconf 86' lang='lat' dir='ltr'>ab</span> 
     </span>
     <span class='ocr_line' id='line_1_9' title="bbox 127 1190 1279 1278; baseline -0.004 -22"><span class='ocrx_word' id='word_1_75' title='bbox 127 1191 264 1257; x_wconf 82' lang='lat' dir='ltr'>Eoelesia</span> <span class='ocrx_word' id='word_1_76' title='bbox 281 1192 423 1278; x_wconf 75' lang='lat' dir='ltr'>originem</span> <span class='ocrx_word' id='word_1_77' title='bbox 442 1191 570 1256; x_wconf 82' lang='lat' dir='ltr'>traxisse</span> <span class='ocrx_word' id='word_1_78' title='bbox 589 1200 688 1277; x_wconf 86' lang='lat' dir='ltr'>putat,</span> <span class='ocrx_word' id='word_1_79' title='bbox 718 1201 749 1255; x_wconf 90' lang='lat' dir='ltr'>et</span> <span class='ocrx_word' id='word_1_80' title='bbox 766 1192 802 1255; x_wconf 86' lang='lat' dir='ltr'>ad</span> <span class='ocrx_word' id='word_1_81' title='bbox 818 1192 1031 1256; x_wconf 85' lang='lat' dir='ltr'>examin’audos</span> <span class='ocrx_word' id='word_1_82' title='bbox 1048 1213 1083 1255; x_wconf 87' lang='lat' dir='ltr'>ao</span> <span class='ocrx_word' id='word_1_83' title='bbox 1104 1190 1279 1255; x_wconf 84' lang='lat' dir='ltr'>feounditate</span> 
     </span>
     <span class='ocr_line' id='line_1_10' title="bbox 128 1292 1278 1378; baseline -0.001 -20"><span class='ocrx_word' id='word_1_84' title='bbox 128 1294 279 1360; x_wconf 87' lang='lat' dir='ltr'>donandos</span> <span class='ocrx_word' id='word_1_85' title='bbox 296 1295 417 1359; x_wconf 81' lang='lat' dir='ltr'>Aeonas</span> <span class='ocrx_word' id='word_1_86' title='bbox 436 1294 562 1374; x_wconf 89' lang='lat' dir='ltr'>editum,</span> <span class='ocrx_word' id='word_1_87' title='bbox 591 1315 658 1358; x_wconf 89' lang='lat' dir='ltr'>eum</span> <span class='ocrx_word' id='word_1_88' title='bbox 675 1293 705 1358; x_wconf 90' lang='lat' dir='ltr'>iu</span> <span class='ocrx_word' id='word_1_89' title='bbox 722 1294 788 1359; x_wconf 92' lang='lat' dir='ltr'>illos</span> <span class='ocrx_word' id='word_1_90' title='bbox 806 1295 845 1358; x_wconf 90' lang='lat' dir='ltr'>ita</span> <span class='ocrx_word' id='word_1_91' title='bbox 863 1295 1019 1374; x_wconf 75' lang='lat' dir='ltr'>subiisset,</span> <span class='ocrx_word' id='word_1_92' title='bbox 1044 1305 1075 1358; x_wconf 94' lang='lat' dir='ltr'>ut</span> <span class='ocrx_word' id='word_1_93' title='bbox 1092 1294 1182 1378; x_wconf 80' lang='lat' dir='ltr'>aspidi</span> <span class='ocrx_word' id='word_1_94' title='bbox 1200 1292 1278 1357; x_wconf 91' lang='lat' dir='ltr'>nullo</span> 
     </span>
     <span class='ocr_line' id='line_1_11' title="bbox 128 1396 1253 1485; baseline -0.004 -22"><span class='ocrx_word' id='word_1_95' title='bbox 128 1398 216 1463; x_wconf 88' lang='lat' dir='ltr'>modo</span> <span class='ocrx_word' id='word_1_96' title='bbox 236 1409 352 1485; x_wconf 80' lang='lat' dir='ltr'>pusset3</span> <span class='ocrx_word' id='word_1_97' title='bbox 382 1398 465 1463; x_wconf 87' lang='lat' dir='ltr'>euius</span> <span class='ocrx_word' id='word_1_98' title='bbox 486 1398 559 1462; x_wconf 87' lang='lat' dir='ltr'>adeo</span> <span class='ocrx_word' id='word_1_99' title='bbox 580 1396 635 1482; x_wconf 92' lang='lat' dir='ltr'>ipsi</span> <span class='ocrx_word' id='word_1_100' title='bbox 657 1397 801 1462; x_wconf 73' lang='lat' dir='ltr'>beneflcio</span> <span class='ocrx_word' id='word_1_101' title='bbox 823 1398 956 1462; x_wconf 80' lang='lat' dir='ltr'>veritatis</span> <span class='ocrx_word' id='word_1_102' title='bbox 977 1397 1084 1481; x_wconf 89' lang='lat' dir='ltr'>stirpes</span> <span class='ocrx_word' id='word_1_103' title='bbox 1108 1397 1253 1460; x_wconf 90' lang='lat' dir='ltr'>emittunt.</span> 
     </span>
    </p>
   </div>
   <div class='ocr_carea' id='block_1_4' title="bbox 292 1532 1110 1587">
    <p class='ocr_par' dir='ltr' id='par_1_4' title="bbox 292 1532 1110 1587">
     <span class='ocr_line' id='line_1_12' title="bbox 292 1532 1110 1587; baseline -0.001 -3"><span class='ocrx_word' id='word_1_104' title='bbox 292 1532 472 1587; x_wconf 77' lang='lat' dir='ltr'>HACTENUS</span> <span class='ocrx_word' id='word_1_105' title='bbox 491 1532 659 1585; x_wconf 78' lang='lat' dir='ltr'>illliNbEUS</span> <span class='ocrx_word' id='word_1_106' title='bbox 678 1532 810 1586; x_wconf 75' lang='lat' dir='ltr'>CONTRA</span> <span class='ocrx_word' id='word_1_107' title='bbox 829 1533 1110 1587; x_wconf 71' lang='lat' dir='ltr'>vatssttdttttamos</span> 
     </span>
    </p>
   </div>
   <div class='ocr_carea' id='block_1_5' title="bbox 90 1703 1414 4364">
    <p class='ocr_par' dir='ltr' id='par_1_5' title="bbox 125 1703 1402 2509">
     <span class='ocr_line' id='line_1_13' title="bbox 210 1703 1379 1791; baseline -0.001 -22"><span class='ocrx_word' id='word_1_108' title='bbox 210 1704 292 1770; x_wconf 81' lang='lat' dir='ltr'>Haee</span> <span class='ocrx_word' id='word_1_109' title='bbox 308 1716 395 1791; x_wconf 89' lang='lat' dir='ltr'>atque</span> <span class='ocrx_word' id='word_1_110' title='bbox 411 1706 457 1770; x_wconf 88' lang='lat' dir='ltr'>bia</span> <span class='ocrx_word' id='word_1_111' title='bbox 472 1705 578 1771; x_wconf 86' lang='lat' dir='ltr'>similia</span> <span class='ocrx_word' id='word_1_112' title='bbox 595 1706 719 1790; x_wconf 91' lang='lat' dir='ltr'>optimus</span> <span class='ocrx_word' id='word_1_113' title='bbox 738 1704 786 1769; x_wconf 90' lang='lat' dir='ltr'>ille</span> <span class='ocrx_word' id='word_1_114' title='bbox 803 1726 899 1770; x_wconf 77' lang='lat' dir='ltr'>senex</span> <span class='ocrx_word' id='word_1_115' title='bbox 917 1703 1057 1770; x_wconf 81' lang='lat' dir='ltr'>irenaeus</span> <span class='ocrx_word' id='word_1_116' title='bbox 1074 1706 1193 1769; x_wconf 89' lang='lat' dir='ltr'>totidem</span> <span class='ocrx_word' id='word_1_117' title='bbox 1208 1726 1275 1769; x_wconf 91' lang='lat' dir='ltr'>ver·</span> <span class='ocrx_word' id='word_1_118' title='bbox 1319 1720 1379 1787; x_wconf 70' lang='lat' dir='ltr'>cop.</span> 
     </span>
     <span class='ocr_line' id='line_1_14' title="bbox 125 1787 1402 1894; baseline 0.001 -24"><span class='ocrx_word' id='word_1_119' title='bbox 125 1807 171 1871; x_wconf 86' lang='lat' dir='ltr'>bis</span> <span class='ocrx_word' id='word_1_120' title='bbox 192 1807 228 1872; x_wconf 91' lang='lat' dir='ltr'>de</span> <span class='ocrx_word' id='word_1_121' title='bbox 246 1807 415 1873; x_wconf 86' lang='lat' dir='ltr'>vanissimis</span> <span class='ocrx_word' id='word_1_122' title='bbox 430 1808 546 1873; x_wconf 90' lang='lat' dir='ltr'>illorum</span> <span class='ocrx_word' id='word_1_123' title='bbox 565 1807 751 1894; x_wconf 80' lang='lat' dir='ltr'>opinionibus</span> <span class='ocrx_word' id='word_1_124' title='bbox 769 1808 921 1886; x_wconf 74' lang='lat' dir='ltr'>disseruit,</span> <span class='ocrx_word' id='word_1_125' title='bbox 956 1809 1002 1872; x_wconf 87' lang='lat' dir='ltr'>vir</span> <span class='ocrx_word' id='word_1_126' title='bbox 1019 1808 1137 1872; x_wconf 90' lang='lat' dir='ltr'>omniuo</span> <span class='ocrx_word' id='word_1_127' title='bbox 1155 1808 1275 1892; x_wconf 91' lang='lat' dir='ltr'>spiritus</span> <span class='ocrx_word' id='word_1_128' title='bbox 1292 1787 1402 1837; x_wconf 63' lang='lat' dir='ltr'>xxxv·</span> 
     </span>
     <span class='ocr_line' id='line_1_15' title="bbox 125 1909 1276 1996; baseline -0.001 -21"><span class='ocrx_word' id='word_1_129' title='bbox 125 1909 219 1975; x_wconf 89' lang='lat' dir='ltr'>saneti</span> <span class='ocrx_word' id='word_1_130' title='bbox 237 1909 322 1976; x_wconf 88' lang='lat' dir='ltr'>dunis</span> <span class='ocrx_word' id='word_1_131' title='bbox 340 1910 601 1989; x_wconf 79' lang='lat' dir='ltr'>instructissimus,</span> <span class='ocrx_word' id='word_1_132' title='bbox 636 1930 671 1973; x_wconf 89' lang='lat' dir='ltr'>ae</span> <span class='ocrx_word' id='word_1_133' title='bbox 694 1921 828 1994; x_wconf 87' lang='lat' dir='ltr'>tanquam</span> <span class='ocrx_word' id='word_1_134' title='bbox 851 1911 936 1973; x_wconf 86' lang='lat' dir='ltr'>lortis</span> <span class='ocrx_word' id='word_1_135' title='bbox 953 1911 1061 1975; x_wconf 88' lang='lat' dir='ltr'>atbleta</span> <span class='ocrx_word' id='word_1_136' title='bbox 1081 1911 1237 1996; x_wconf 86' lang='lat' dir='ltr'>productus</span> <span class='ocrx_word' id='word_1_137' title='bbox 1259 1931 1276 1974; x_wconf 86' lang='lat' dir='ltr'>a</span> 
     </span>
     <span class='ocr_line' id='line_1_16' title="bbox 126 2012 1276 2094; baseline 0.002 -19"><span class='ocrx_word' id='word_1_138' title='bbox 126 2012 262 2094; x_wconf 89' lang='lat' dir='ltr'>domino,</span> <span class='ocrx_word' id='word_1_139' title='bbox 293 2024 324 2079; x_wconf 94' lang='lat' dir='ltr'>et</span> <span class='ocrx_word' id='word_1_140' title='bbox 346 2013 523 2079; x_wconf 82' lang='lat' dir='ltr'>coelestibus</span> <span class='ocrx_word' id='word_1_141' title='bbox 547 2012 744 2092; x_wconf 72' lang='lat' dir='ltr'>ornamentis,</span> <span class='ocrx_word' id='word_1_142' title='bbox 777 2023 807 2076; x_wconf 91' lang='grc' dir='ltr'>ιιι</span> <span class='ocrx_word' id='word_1_143' title='bbox 831 2014 870 2077; x_wconf 85' lang='lat' dir='ltr'>ita</span> <span class='ocrx_word' id='word_1_144' title='bbox 895 2012 1036 2092; x_wconf 82' lang='lat' dir='ltr'>dixerim,</span> <span class='ocrx_word' id='word_1_145' title='bbox 1067 2014 1102 2076; x_wconf 85' lang='lat' dir='ltr'>od</span> <span class='ocrx_word' id='word_1_146' title='bbox 1128 2024 1276 2079; x_wconf 85' lang='lat' dir='ltr'>certamen</span> 
     </span>
     <span class='ocr_line' id='line_1_17' title="bbox 126 2114 1276 2201; baseline 0.001 -22"><span class='ocrx_word' id='word_1_147' title='bbox 126 2127 300 2200; x_wconf 84' lang='lat' dir='ltr'>peronatus,</span> <span class='ocrx_word' id='word_1_148' title='bbox 333 2118 382 2201; x_wconf 85' lang='lat' dir='ltr'>qui</span> <span class='ocrx_word' id='word_1_149' title='bbox 404 2119 539 2182; x_wconf 89' lang='lat' dir='ltr'>sineerae</span> <span class='ocrx_word' id='word_1_150' title='bbox 562 2115 627 2179; x_wconf 92' lang='lat' dir='ltr'>lidei</span> <span class='ocrx_word' id='word_1_151' title='bbox 650 2135 685 2180; x_wconf 85' lang='lat' dir='ltr'>ae</span> <span class='ocrx_word' id='word_1_152' title='bbox 706 2115 848 2180; x_wconf 88' lang='lat' dir='ltr'>seientiae</span> <span class='ocrx_word' id='word_1_153' title='bbox 870 2114 1023 2199; x_wconf 87' lang='lat' dir='ltr'>praesidiis</span> <span class='ocrx_word' id='word_1_154' title='bbox 1046 2115 1141 2179; x_wconf 90' lang='lat' dir='ltr'>omnia</span> <span class='ocrx_word' id='word_1_155' title='bbox 1161 2116 1276 2180; x_wconf 90' lang='lat' dir='ltr'>illorum</span> 
     </span>
     <span class='ocr_line' id='line_1_18' title="bbox 125 2215 1276 2305; baseline 0 -22"><span class='ocrx_word' id='word_1_156' title='bbox 125 2219 285 2303; x_wconf 81' lang='lat' dir='ltr'>prostravit</span> <span class='ocrx_word' id='word_1_157' title='bbox 302 2220 467 2305; x_wconf 86' lang='lat' dir='ltr'>evertitque</span> <span class='ocrx_word' id='word_1_158' title='bbox 483 2218 646 2284; x_wconf 78' lang='lat' dir='ltr'>mendacia.</span> <span class='ocrx_word' id='word_1_159' title='bbox 692 2215 779 2301; x_wconf 80' lang='lat' dir='ltr'>Quod</span> <span class='ocrx_word' id='word_1_160' title='bbox 801 2216 980 2281; x_wconf 82' lang='lat' dir='ltr'>insecundo</span> <span class='ocrx_word' id='word_1_161' title='bbox 1003 2217 1077 2281; x_wconf 91' lang='lat' dir='ltr'>libro</span> <span class='ocrx_word' id='word_1_162' title='bbox 1098 2239 1132 2281; x_wconf 87' lang='lat' dir='ltr'>ae</span> <span class='ocrx_word' id='word_1_163' title='bbox 1152 2239 1276 2303; x_wconf 89' lang='lat' dir='ltr'>sequeu-</span> 
     </span>
     <span class='ocr_line' id='line_1_19' title="bbox 125 2318 1275 2409; baseline 0.001 -25"><span class='ocrx_word' id='word_1_164' title='bbox 125 2320 204 2386; x_wconf 85' lang='lat' dir='ltr'>tibns</span> <span class='ocrx_word' id='word_1_165' title='bbox 226 2321 292 2387; x_wconf 81' lang='lat' dir='ltr'>eliis</span> <span class='ocrx_word' id='word_1_166' title='bbox 313 2322 494 2409; x_wconf 88' lang='lat' dir='ltr'>potissimum</span> <span class='ocrx_word' id='word_1_167' title='bbox 517 2321 657 2407; x_wconf 81' lang='lat' dir='ltr'>perierit,</span> <span class='ocrx_word' id='word_1_168' title='bbox 690 2318 739 2384; x_wconf 91' lang='lat' dir='ltr'>ubi</span> <span class='ocrx_word' id='word_1_169' title='bbox 761 2320 827 2383; x_wconf 89' lang='lat' dir='ltr'>illos</span> <span class='ocrx_word' id='word_1_170' title='bbox 848 2319 985 2383; x_wconf 86' lang='lat' dir='ltr'>uberiore</span> <span class='ocrx_word' id='word_1_171' title='bbox 1004 2320 1082 2405; x_wconf 83' lang='lat' dir='ltr'>stylo</span> <span class='ocrx_word' id='word_1_172' title='bbox 1102 2322 1275 2402; x_wconf 88' lang='lat' dir='ltr'>eoulutauit,</span> 
     </span>
     <span class='ocr_line' id='line_1_20' title="bbox 125 2422 1277 2509; baseline 0.002 -22"><span class='ocrx_word' id='word_1_173' title='bbox 125 2444 192 2489; x_wconf 87' lang='lat' dir='ltr'>eum</span> <span class='ocrx_word' id='word_1_174' title='bbox 208 2424 289 2489; x_wconf 85' lang='lat' dir='ltr'>velut</span> <span class='ocrx_word' id='word_1_175' title='bbox 302 2424 380 2488; x_wconf 90' lang='lat' dir='ltr'>lrumi</span> <span class='ocrx_word' id='word_1_176' title='bbox 395 2423 539 2488; x_wconf 84' lang='lat' dir='ltr'>obieetum</span> <span class='ocrx_word' id='word_1_177' title='bbox 556 2444 592 2487; x_wconf 87' lang='lat' dir='ltr'>ao</span> <span class='ocrx_word' id='word_1_178' title='bbox 605 2433 772 2509; x_wconf 85' lang='lat' dir='ltr'>superatum</span> <span class='ocrx_word' id='word_1_179' title='bbox 786 2422 987 2487; x_wconf 84' lang='lat' dir='ltr'>adversarium</span> <span class='ocrx_word' id='word_1_180' title='bbox 1002 2422 1130 2501; x_wconf 84' lang='lat' dir='ltr'>trabere,</span> <span class='ocrx_word' id='word_1_181' title='bbox 1155 2444 1190 2487; x_wconf 87' lang='lat' dir='ltr'>ae</span> <span class='ocrx_word' id='word_1_182' title='bbox 1206 2446 1277 2509; x_wconf 91' lang='lat' dir='ltr'>quo·</span> 
     </span>
    </p>

    <p class='ocr_par' dir='ltr' id='par_1_6' title="bbox 90 2524 1277 3725">
     <span class='ocr_line' id='line_1_21' title="bbox 90 2524 1277 2613; baseline 0 -23"><span class='ocrx_word' id='word_1_183' title='bbox 90 2554 95 2571; x_wconf 86' lang='grc'><strong><em>·</em></strong></span> <span class='ocrx_word' id='word_1_184' title='bbox 126 2526 279 2592; x_wconf 87' lang='lat' dir='ltr'>dammodo</span> <span class='ocrx_word' id='word_1_185' title='bbox 294 2527 471 2613; x_wconf 68' lang='lat' dir='ltr'>triumphare</span> <span class='ocrx_word' id='word_1_186' title='bbox 486 2526 566 2591; x_wconf 87' lang='lat' dir='ltr'>risus</span> <span class='ocrx_word' id='word_1_187' title='bbox 582 2536 629 2591; x_wconf 88' lang='lat' dir='ltr'>est</span> <span class='ocrx_word' id='word_1_188' title='bbox 642 2525 736 2604; x_wconf 87' lang='lat' dir='ltr'>velle,</span> <span class='ocrx_word' id='word_1_189' title='bbox 760 2536 790 2590; x_wconf 92' lang='lat' dir='ltr'>et</span> <span class='ocrx_word' id='word_1_190' title='bbox 807 2525 948 2610; x_wconf 81' lang='lat' dir='ltr'>profligati</span> <span class='ocrx_word' id='word_1_191' title='bbox 965 2524 1114 2610; x_wconf 81' lang='lat' dir='ltr'>negatoris</span> <span class='ocrx_word' id='word_1_192' title='bbox 1126 2527 1277 2612; x_wconf 90' lang='lat' dir='ltr'>impuden-</span> 
     </span>
     <span class='ocr_line' id='line_1_22' title="bbox 126 2628 1277 2715; baseline 0.001 -23"><span class='ocrx_word' id='word_1_193' title='bbox 126 2640 185 2693; x_wconf 90' lang='lat' dir='ltr'>tem</span> <span class='ocrx_word' id='word_1_194' title='bbox 208 2630 302 2715; x_wconf 80' lang='lat' dir='ltr'>magls</span> <span class='ocrx_word' id='word_1_195' title='bbox 329 2650 414 2714; x_wconf 84' lang='lat' dir='ltr'>quem</span> <span class='ocrx_word' id='word_1_196' title='bbox 436 2630 539 2693; x_wconf 79' lang='lat' dir='ltr'>fortem</span> <span class='ocrx_word' id='word_1_197' title='bbox 563 2629 598 2693; x_wconf 89' lang='lat' dir='ltr'>ad</span> <span class='ocrx_word' id='word_1_198' title='bbox 622 2629 837 2715; x_wconf 88' lang='lat' dir='ltr'>provoeaudum</span> <span class='ocrx_word' id='word_1_199' title='bbox 858 2628 1007 2692; x_wconf 83' lang='lat' dir='ltr'>audaciam</span> <span class='ocrx_word' id='word_1_200' title='bbox 1030 2629 1123 2714; x_wconf 87' lang='lat' dir='ltr'>palum</span> <span class='ocrx_word' id='word_1_201' title='bbox 1144 2628 1277 2693; x_wconf 88' lang='lat' dir='ltr'>omnibus</span> 
     </span>
     <span class='ocr_line' id='line_1_23' title="bbox 125 2729 1276 2818; baseline 0.002 -23"><span class='ocrx_word' id='word_1_202' title='bbox 125 2732 276 2818; x_wconf 80' lang='lat' dir='ltr'>detegere.</span> <span class='ocrx_word' id='word_1_203' title='bbox 321 2730 387 2796; x_wconf 91' lang='lat' dir='ltr'>Nos</span> <span class='ocrx_word' id='word_1_204' title='bbox 406 2743 502 2797; x_wconf 89' lang='lat' dir='ltr'>autem</span> <span class='ocrx_word' id='word_1_205' title='bbox 523 2732 625 2818; x_wconf 89' lang='lat' dir='ltr'>partim</span> <span class='ocrx_word' id='word_1_206' title='bbox 641 2731 696 2812; x_wconf 89' lang='lat' dir='ltr'>iis,</span> <span class='ocrx_word' id='word_1_207' title='bbox 720 2751 794 2816; x_wconf 86' lang='lat' dir='ltr'>quae</span> <span class='ocrx_word' id='word_1_208' title='bbox 812 2753 829 2794; x_wconf 88' lang='lat' dir='ltr'>a</span> <span class='ocrx_word' id='word_1_209' title='bbox 847 2731 931 2795; x_wconf 89' lang='lat' dir='ltr'>nobis</span> <span class='ocrx_word' id='word_1_210' title='bbox 949 2729 1080 2796; x_wconf 86' lang='lat' dir='ltr'>breviter</span> <span class='ocrx_word' id='word_1_211' title='bbox 1096 2743 1164 2799; x_wconf 88' lang='lat' dir='ltr'>sum</span> <span class='ocrx_word' id='word_1_212' title='bbox 1179 2733 1276 2817; x_wconf 89' lang='lat' dir='ltr'>dispu-</span> 
     </span>
     <span class='ocr_line' id='line_1_24' title="bbox 125 2833 1276 2921; baseline 0 -23"><span class='ocrx_word' id='word_1_213' title='bbox 125 2845 201 2913; x_wconf 86' lang='lat' dir='ltr'>tata,</span> <span class='ocrx_word' id='word_1_214' title='bbox 235 2835 338 2921; x_wconf 86' lang='lat' dir='ltr'>partim</span> <span class='ocrx_word' id='word_1_215' title='bbox 362 2857 435 2920; x_wconf 82' lang='lat' dir='ltr'>quae</span> <span class='ocrx_word' id='word_1_216' title='bbox 458 2835 494 2900; x_wconf 86' lang='lat' dir='ltr'>ab</span> <span class='ocrx_word' id='word_1_217' title='bbox 517 2834 581 2898; x_wconf 88' lang='lat' dir='ltr'>aliis</span> <span class='ocrx_word' id='word_1_218' title='bbox 600 2833 725 2899; x_wconf 85' lang='lat' dir='ltr'>sinueris</span> <span class='ocrx_word' id='word_1_219' title='bbox 741 2834 768 2897; x_wconf 90' lang='lat' dir='ltr'>id</span> <span class='ocrx_word' id='word_1_220' title='bbox 787 2854 881 2918; x_wconf 83' lang='lat' dir='ltr'>genus</span> <span class='ocrx_word' id='word_1_221' title='bbox 899 2834 1090 2919; x_wconf 75' lang='lat' dir='ltr'>scriptoribus</span> <span class='ocrx_word' id='word_1_222' title='bbox 1108 2835 1276 2900; x_wconf 85' lang='lat' dir='ltr'>elucubrata</span> 
     </span>
     <span class='ocr_line' id='line_1_25' title="bbox 126 2937 1275 3023; baseline -0.002 -21"><span class='ocrx_word' id='word_1_223' title='bbox 126 2948 210 3019; x_wconf 82' lang='lat' dir='ltr'>suut,</span> <span class='ocrx_word' id='word_1_224' title='bbox 243 2938 391 3018; x_wconf 83' lang='lat' dir='ltr'>contenti,</span> <span class='ocrx_word' id='word_1_225' title='bbox 425 2960 490 3002; x_wconf 93' lang='lat' dir='ltr'>eum</span> <span class='ocrx_word' id='word_1_226' title='bbox 507 2937 662 3002; x_wconf 89' lang='lat' dir='ltr'>nonnullos</span> <span class='ocrx_word' id='word_1_227' title='bbox 679 2958 793 3022; x_wconf 88' lang='lat' dir='ltr'>quoque</span> <span class='ocrx_word' id='word_1_228' title='bbox 812 2937 961 3001; x_wconf 88' lang='lat' dir='ltr'>videamus</span> <span class='ocrx_word' id='word_1_229' title='bbox 979 2937 1014 3001; x_wconf 93' lang='lat' dir='ltr'>de</span> <span class='ocrx_word' id='word_1_230' title='bbox 1031 2938 1086 3001; x_wconf 87' lang='lat' dir='ltr'>boe</span> <span class='ocrx_word' id='word_1_231' title='bbox 1103 2949 1275 3023; x_wconf 86' lang='lat' dir='ltr'>argumento</span> 
     </span>
     <span class='ocr_line' id='line_1_26' title="bbox 125 3036 1275 3128; baseline -0.002 -23"><span class='ocrx_word' id='word_1_232' title='bbox 125 3040 293 3127; x_wconf 81' lang='lat' dir='ltr'>seripsisse,</span> <span class='ocrx_word' id='word_1_233' title='bbox 308 3041 536 3128; x_wconf 87' lang='lat' dir='ltr'>praesertimque</span> <span class='ocrx_word' id='word_1_234' title='bbox 551 3036 746 3120; x_wconf 83' lang='lat' dir='ltr'>Clementem,</span> <span class='ocrx_word' id='word_1_235' title='bbox 762 3036 915 3104; x_wconf 88' lang='lat' dir='ltr'>Irenaeum</span> <span class='ocrx_word' id='word_1_236' title='bbox 929 3049 959 3103; x_wconf 92' lang='lat' dir='ltr'>et</span> <span class='ocrx_word' id='word_1_237' title='bbox 974 3039 1173 3127; x_wconf 77' lang='lat' dir='ltr'>Hippolytum,</span> <span class='ocrx_word' id='word_1_238' title='bbox 1188 3042 1275 3104; x_wconf 90' lang='lat' dir='ltr'>alios-</span> 
     </span>
     <span class='ocr_line' id='line_1_27' title="bbox 125 3142 1275 3230; baseline -0.002 -22"><span class='ocrx_word' id='word_1_239' title='bbox 125 3164 182 3230; x_wconf 82' lang='lat' dir='ltr'>que</span> <span class='ocrx_word' id='word_1_240' title='bbox 200 3145 381 3230; x_wconf 89' lang='lat' dir='ltr'>eomplures,</span> <span class='ocrx_word' id='word_1_241' title='bbox 414 3143 462 3228; x_wconf 87' lang='lat' dir='ltr'>qui</span> <span class='ocrx_word' id='word_1_242' title='bbox 480 3142 639 3207; x_wconf 84' lang='lat' dir='ltr'>admirabili</span> <span class='ocrx_word' id='word_1_243' title='bbox 655 3143 778 3227; x_wconf 88' lang='lat' dir='ltr'>quadam</span> <span class='ocrx_word' id='word_1_244' title='bbox 797 3144 932 3207; x_wconf 88' lang='lat' dir='ltr'>laoultate</span> <span class='ocrx_word' id='word_1_245' title='bbox 949 3143 1061 3207; x_wconf 90' lang='lat' dir='ltr'>illorum</span> <span class='ocrx_word' id='word_1_246' title='bbox 1078 3144 1213 3227; x_wconf 80' lang='lat' dir='ltr'>dogmata</span> <span class='ocrx_word' id='word_1_247' title='bbox 1230 3163 1275 3206; x_wconf 89' lang='lat' dir='ltr'>re-</span> 
     </span>
     <span class='ocr_line' id='line_1_28' title="bbox 126 3245 1273 3327; baseline -0.003 -16"><span class='ocrx_word' id='word_1_248' title='bbox 126 3246 274 3327; x_wconf 81' lang='lat' dir='ltr'>futarunt,</span> <span class='ocrx_word' id='word_1_249' title='bbox 306 3269 365 3312; x_wconf 89' lang='lat' dir='ltr'>uon</span> <span class='ocrx_word' id='word_1_250' title='bbox 387 3246 507 3311; x_wconf 90' lang='lat' dir='ltr'>multum</span> <span class='ocrx_word' id='word_1_251' title='bbox 528 3245 559 3309; x_wconf 92' lang='lat' dir='ltr'>io</span> <span class='ocrx_word' id='word_1_252' title='bbox 577 3265 631 3325; x_wconf 90' lang='lat' dir='ltr'>eo,</span> <span class='ocrx_word' id='word_1_253' title='bbox 663 3256 695 3309; x_wconf 92' lang='grc' dir='ltr'>ιιι</span> <span class='ocrx_word' id='word_1_254' title='bbox 712 3245 819 3311; x_wconf 85' lang='lat' dir='ltr'>dietum</span> <span class='ocrx_word' id='word_1_255' title='bbox 836 3256 898 3325; x_wconf 89' lang='lat' dir='ltr'>est,</span> <span class='ocrx_word' id='word_1_256' title='bbox 930 3246 1083 3311; x_wconf 90' lang='lat' dir='ltr'>elaborare</span> <span class='ocrx_word' id='word_1_257' title='bbox 1100 3246 1273 3323; x_wconf 88' lang='lat' dir='ltr'>studuimus,</span> 
     </span>
     <span class='ocr_line' id='line_1_29' title="bbox 125 3348 1275 3436; baseline -0.002 -23"><span class='ocrx_word' id='word_1_258' title='bbox 125 3348 198 3414; x_wconf 85' lang='lat' dir='ltr'>satis</span> <span class='ocrx_word' id='word_1_259' title='bbox 215 3370 359 3436; x_wconf 86' lang='lat' dir='ltr'>superque</span> <span class='ocrx_word' id='word_1_260' title='bbox 373 3349 489 3414; x_wconf 88' lang='lat' dir='ltr'>illorum</span> <span class='ocrx_word' id='word_1_261' title='bbox 507 3368 596 3435; x_wconf 85' lang='lat' dir='ltr'>opera</span> <span class='ocrx_word' id='word_1_262' title='bbox 616 3348 722 3413; x_wconf 78' lang='lat' dir='ltr'>fautum</span> <span class='ocrx_word' id='word_1_263' title='bbox 741 3349 890 3429; x_wconf 83' lang='lat' dir='ltr'>arbitrati,</span> <span class='ocrx_word' id='word_1_264' title='bbox 914 3349 1001 3433; x_wconf 89' lang='lat' dir='ltr'>idque</span> <span class='ocrx_word' id='word_1_265' title='bbox 1019 3351 1112 3435; x_wconf 92' lang='lat' dir='ltr'>ipsum</span> <span class='ocrx_word' id='word_1_266' title='bbox 1130 3350 1204 3433; x_wconf 84' lang='lat' dir='ltr'>epod</span> <span class='ocrx_word' id='word_1_267' title='bbox 1221 3370 1275 3411; x_wconf 86' lang='lat' dir='ltr'>nos</span> 
     </span>
     <span class='ocr_line' id='line_1_30' title="bbox 125 3451 1275 3538; baseline -0.003 -21"><span class='ocrx_word' id='word_1_268' title='bbox 125 3451 348 3534; x_wconf 80' lang='lat' dir='ltr'>existimantes,</span> <span class='ocrx_word' id='word_1_269' title='bbox 372 3452 520 3519; x_wconf 89' lang='lat' dir='ltr'>nemiuem</span> <span class='ocrx_word' id='word_1_270' title='bbox 537 3471 605 3516; x_wconf 91' lang='lat' dir='ltr'>esse</span> <span class='ocrx_word' id='word_1_271' title='bbox 623 3452 769 3538; x_wconf 85' lang='lat' dir='ltr'>paululum</span> <span class='ocrx_word' id='word_1_272' title='bbox 788 3452 1000 3537; x_wconf 83' lang='lat' dir='ltr'>intelligentem</span> <span class='ocrx_word' id='word_1_273' title='bbox 1018 3451 1064 3515; x_wconf 89' lang='lat' dir='ltr'>oui</span> <span class='ocrx_word' id='word_1_274' title='bbox 1083 3451 1131 3515; x_wconf 91' lang='lat' dir='ltr'>vel</span> <span class='ocrx_word' id='word_1_275' title='bbox 1147 3473 1185 3516; x_wconf 78' lang='lat' dir='ltr'>ex</span> <span class='ocrx_word' id='word_1_276' title='bbox 1205 3451 1275 3536; x_wconf 89' lang='lat' dir='ltr'>ipsis</span> 
     </span>
     <span class='ocr_line' id='line_1_31' title="bbox 125 3554 1276 3640; baseline 0 -21"><span class='ocrx_word' id='word_1_277' title='bbox 125 3554 241 3620; x_wconf 86' lang='lat' dir='ltr'>illorum</span> <span class='ocrx_word' id='word_1_278' title='bbox 257 3555 338 3620; x_wconf 91' lang='lat' dir='ltr'>libris</span> <span class='ocrx_word' id='word_1_279' title='bbox 356 3576 391 3620; x_wconf 87' lang='lat' dir='ltr'>ae</span> <span class='ocrx_word' id='word_1_280' title='bbox 405 3555 587 3640; x_wconf 77' lang='lat' dir='ltr'>dogmatibus</span> <span class='ocrx_word' id='word_1_281' title='bbox 606 3576 664 3620; x_wconf 93' lang='lat' dir='ltr'>non</span> <span class='ocrx_word' id='word_1_282' title='bbox 680 3576 715 3620; x_wconf 86' lang='lat' dir='ltr'>ee</span> <span class='ocrx_word' id='word_1_283' title='bbox 733 3556 816 3621; x_wconf 84' lang='lat' dir='ltr'>faoile</span> <span class='ocrx_word' id='word_1_284' title='bbox 833 3568 988 3620; x_wconf 83' lang='lat' dir='ltr'>occurrant</span> <span class='ocrx_word' id='word_1_285' title='bbox 1005 3574 1080 3638; x_wconf 84' lang='lat' dir='ltr'>quae</span> <span class='ocrx_word' id='word_1_286' title='bbox 1096 3554 1131 3617; x_wconf 86' lang='lat' dir='ltr'>ad</span> <span class='ocrx_word' id='word_1_287' title='bbox 1147 3554 1214 3618; x_wconf 86' lang='lat' dir='ltr'>illos</span> <span class='ocrx_word' id='word_1_288' title='bbox 1229 3574 1276 3619; x_wconf 87' lang='lat' dir='ltr'>re·</span> 
     </span>
     <span class='ocr_line' id='line_1_32' title="bbox 125 3657 484 3725; baseline -0.003 -3"><span class='ocrx_word' id='word_1_289' title='bbox 125 3657 266 3723; x_wconf 84' lang='lat' dir='ltr'>lelleudos</span> <span class='ocrx_word' id='word_1_290' title='bbox 287 3659 393 3724; x_wconf 86' lang='lat' dir='ltr'>idonea</span> <span class='ocrx_word' id='word_1_291' title='bbox 414 3660 484 3725; x_wconf 80' lang='lat' dir='ltr'>siut.</span> 
     </span>
    </p>

    <p class='ocr_par' dir='ltr' id='par_1_7' title="bbox 125 3758 1414 4364">
     <span class='ocr_line' id='line_1_33' title="bbox 208 3758 1382 3849; baseline -0.003 -24"><span class='ocrx_word' id='word_1_292' title='bbox 208 3758 354 3848; x_wconf 89' lang='lat' dir='ltr'>Imprimis</span> <span class='ocrx_word' id='word_1_293' title='bbox 379 3763 454 3848; x_wconf 89' lang='lat' dir='ltr'>quod</span> <span class='ocrx_word' id='word_1_294' title='bbox 479 3762 646 3849; x_wconf 90' lang='lat' dir='ltr'>opinionum</span> <span class='ocrx_word' id='word_1_295' title='bbox 675 3783 749 3828; x_wconf 84' lang='lat' dir='ltr'>ese</span> <span class='ocrx_word' id='word_1_296' title='bbox 773 3761 897 3826; x_wconf 82' lang='lat' dir='ltr'>inuicem</span> <span class='ocrx_word' id='word_1_297' title='bbox 922 3760 1064 3824; x_wconf 78' lang='lat' dir='ltr'>rametate</span> <span class='ocrx_word' id='word_1_298' title='bbox 1090 3760 1272 3841; x_wconf 88' lang='lat' dir='ltr'>dissentiant,</span> <span class='ocrx_word' id='word_1_299' title='bbox 1324 3772 1382 3839; x_wconf 72' lang='lat' dir='ltr'>cop.</span> 
     </span>
     <span class='ocr_line' id='line_1_34' title="bbox 125 3840 1414 3950; baseline 0 -21"><span class='ocrx_word' id='word_1_300' title='bbox 125 3863 258 3950; x_wconf 84' lang='lat' dir='ltr'>alterque</span> <span class='ocrx_word' id='word_1_301' title='bbox 274 3863 396 3929; x_wconf 87' lang='lat' dir='ltr'>alterius</span> <span class='ocrx_word' id='word_1_302' title='bbox 410 3864 526 3931; x_wconf 76' lang='lat' dir='ltr'>teano</span> <span class='ocrx_word' id='word_1_303' title='bbox 542 3866 710 3931; x_wconf 84' lang='lat' dir='ltr'>eonrellere</span> <span class='ocrx_word' id='word_1_304' title='bbox 725 3886 793 3930; x_wconf 88' lang='lat' dir='ltr'>sese</span> <span class='ocrx_word' id='word_1_305' title='bbox 809 3864 996 3950; x_wconf 81' lang='lat' dir='ltr'>profiteatur:</span> <span class='ocrx_word' id='word_1_306' title='bbox 1018 3863 1121 3928; x_wconf 90' lang='lat' dir='ltr'>deinde</span> <span class='ocrx_word' id='word_1_307' title='bbox 1137 3865 1213 3949; x_wconf 88' lang='lat' dir='ltr'>qood</span> <span class='ocrx_word' id='word_1_308' title='bbox 1231 3875 1274 3929; x_wconf 89' lang='lat' dir='ltr'>ta·</span> <span class='ocrx_word' id='word_1_309' title='bbox 1292 3840 1414 3892; x_wconf 64' lang='lat' dir='ltr'>&#39;‘xxv&#39;‘</span> 
     </span>
     <span class='ocr_line' id='line_1_35' title="bbox 125 3966 1276 4053; baseline -0.001 -22"><span class='ocrx_word' id='word_1_310' title='bbox 125 3967 170 4033; x_wconf 85' lang='lat' dir='ltr'>les</span> <span class='ocrx_word' id='word_1_311' title='bbox 186 3967 246 4032; x_wconf 90' lang='lat' dir='ltr'>siut</span> <span class='ocrx_word' id='word_1_312' title='bbox 263 3966 378 4031; x_wconf 87' lang='lat' dir='ltr'>illorum</span> <span class='ocrx_word' id='word_1_313' title='bbox 395 3967 525 4049; x_wconf 79' lang='lat' dir='ltr'>fabulae,</span> <span class='ocrx_word' id='word_1_314' title='bbox 557 3980 590 4033; x_wconf 92' lang='grc' dir='ltr'>ιιι</span> <span class='ocrx_word' id='word_1_315' title='bbox 606 3970 766 4034; x_wconf 83' lang='lat' dir='ltr'>cohaerere</span> <span class='ocrx_word' id='word_1_316' title='bbox 784 3967 863 4032; x_wconf 91' lang='lat' dir='ltr'>nullo</span> <span class='ocrx_word' id='word_1_317' title='bbox 880 3968 966 4031; x_wconf 92' lang='lat' dir='ltr'>modo</span> <span class='ocrx_word' id='word_1_318' title='bbox 982 3967 1110 4053; x_wconf 90' lang='lat' dir='ltr'>possint,</span> <span class='ocrx_word' id='word_1_319' title='bbox 1141 3989 1206 4032; x_wconf 91' lang='lat' dir='ltr'>eum</span> <span class='ocrx_word' id='word_1_320' title='bbox 1225 3988 1276 4031; x_wconf 90' lang='lat' dir='ltr'>ue·</span> 
     </span>
     <span class='ocr_line' id='line_1_36' title="bbox 126 4068 1273 4157; baseline 0 -23"><span class='ocrx_word' id='word_1_321' title='bbox 126 4090 182 4155; x_wconf 87' lang='lat' dir='ltr'>qne</span> <span class='ocrx_word' id='word_1_322' title='bbox 198 4068 229 4134; x_wconf 91' lang='lat' dir='ltr'>io</span> <span class='ocrx_word' id='word_1_323' title='bbox 245 4071 338 4135; x_wconf 86' lang='lat' dir='ltr'>saeris</span> <span class='ocrx_word' id='word_1_324' title='bbox 355 4070 465 4149; x_wconf 87' lang='lat' dir='ltr'>literis,</span> <span class='ocrx_word' id='word_1_325' title='bbox 490 4092 544 4136; x_wconf 89' lang='lat' dir='ltr'>neo</span> <span class='ocrx_word' id='word_1_326' title='bbox 559 4073 590 4137; x_wconf 91' lang='lat' dir='ltr'>in</span> <span class='ocrx_word' id='word_1_327' title='bbox 604 4070 701 4137; x_wconf 86' lang='lat' dir='ltr'>Musis</span> <span class='ocrx_word' id='word_1_328' title='bbox 717 4072 798 4157; x_wconf 82' lang='lat' dir='ltr'>lege,</span> <span class='ocrx_word' id='word_1_329' title='bbox 823 4090 917 4154; x_wconf 83' lang='lat' dir='ltr'>neque</span> <span class='ocrx_word' id='word_1_330' title='bbox 936 4070 1009 4156; x_wconf 87' lang='lat' dir='ltr'>apud</span> <span class='ocrx_word' id='word_1_331' title='bbox 1025 4068 1113 4136; x_wconf 87' lang='lat' dir='ltr'>Mose</span> <span class='ocrx_word' id='word_1_332' title='bbox 1129 4070 1273 4135; x_wconf 82' lang='lat' dir='ltr'>recentio-</span> 
     </span>
     <span class='ocr_line' id='line_1_37' title="bbox 125 4172 1274 4260; baseline 0.001 -23"><span class='ocrx_word' id='word_1_333' title='bbox 125 4192 175 4237; x_wconf 86' lang='lat' dir='ltr'>res</span> <span class='ocrx_word' id='word_1_334' title='bbox 191 4172 347 4259; x_wconf 83' lang='lat' dir='ltr'>prophetar</span> <span class='ocrx_word' id='word_1_335' title='bbox 361 4172 476 4239; x_wconf 79' lang='lat' dir='ltr'>illerum</span> <span class='ocrx_word' id='word_1_336' title='bbox 491 4184 576 4239; x_wconf 83' lang='lat' dir='ltr'>extet</span> <span class='ocrx_word' id='word_1_337' title='bbox 589 4173 646 4239; x_wconf 85' lang='lat' dir='ltr'>ulla</span> <span class='ocrx_word' id='word_1_338' title='bbox 663 4174 784 4254; x_wconf 91' lang='lat' dir='ltr'>mentio,</span> <span class='ocrx_word' id='word_1_339' title='bbox 809 4193 904 4258; x_wconf 83' lang='lat' dir='ltr'>neque</span> <span class='ocrx_word' id='word_1_340' title='bbox 917 4194 935 4238; x_wconf 89' lang='lat' dir='ltr'>a</span> <span class='ocrx_word' id='word_1_341' title='bbox 949 4174 1096 4239; x_wconf 81' lang='lat' dir='ltr'>salvatore</span> <span class='ocrx_word' id='word_1_342' title='bbox 1109 4173 1274 4260; x_wconf 84' lang='lat' dir='ltr'>quiequam,</span> 
     </span>
     <span class='ocr_line' id='line_1_38' title="bbox 126 4270 1272 4364; baseline -0.003 -21"><span class='ocrx_word' id='word_1_343' title='bbox 126 4276 174 4343; x_wconf 84' lang='lat' dir='ltr'>vel</span> <span class='ocrx_word' id='word_1_344' title='bbox 194 4275 259 4341; x_wconf 91' lang='lat' dir='ltr'>eius</span> <span class='ocrx_word' id='word_1_345' title='bbox 280 4270 488 4362; x_wconf 76' lang='lat' dir='ltr'>evangelistis,</span> <span class='ocrx_word' id='word_1_346' title='bbox 520 4287 572 4341; x_wconf 85' lang='lat' dir='ltr'>aut</span> <span class='ocrx_word' id='word_1_347' title='bbox 591 4276 716 4362; x_wconf 88' lang='lat' dir='ltr'>denique</span> <span class='ocrx_word' id='word_1_348' title='bbox 736 4276 876 4362; x_wconf 88' lang='lat' dir='ltr'>apostolis</span> <span class='ocrx_word' id='word_1_349' title='bbox 902 4277 938 4342; x_wconf 90' lang='lat' dir='ltr'>de</span> <span class='ocrx_word' id='word_1_350' title='bbox 961 4277 1033 4342; x_wconf 86' lang='lat' dir='ltr'>iisee</span> <span class='ocrx_word' id='word_1_351' title='bbox 1059 4278 1097 4342; x_wconf 90' lang='lat' dir='ltr'>sit</span> <span class='ocrx_word' id='word_1_352' title='bbox 1117 4277 1272 4364; x_wconf 84' lang='lat' dir='ltr'>proditum.</span> 
     </span>
    </p>
   </div>
   <div class='ocr_carea' id='block_1_6' title="bbox 125 4427 1274 4555">
    <p class='ocr_par' dir='ltr' id='par_1_8' title="bbox 125 4427 1274 4555">
     <span class='ocr_line' id='line_1_39' title="bbox 160 4427 1274 4499; baseline -0.002 -14"><span class='ocrx_word' id='word_1_353' title='bbox 160 4430 199 4485; x_wconf 82' lang='lat' dir='ltr'>ld.</span> <span class='ocrx_word' id='word_1_354' title='bbox 221 4427 395 4499; x_wconf 70' lang='grc' dir='ltr'>Πεπλήρωται</span> <span class='ocrx_word' id='word_1_355' title='bbox 415 4428 448 4487; x_wconf 78' lang='grc' dir='ltr'>τὰ</span> <span class='ocrx_word' id='word_1_356' title='bbox 469 4430 514 4486; x_wconf 80' lang='grc' dir='ltr'>τοῦ</span> <span class='ocrx_word' id='word_1_357' title='bbox 537 4428 682 4498; x_wconf 81' lang='lat' dir='ltr'>Elpmolou.</span> <span class='ocrx_word' id='word_1_358' title='bbox 752 4430 810 4483; x_wconf 79' lang='lat' dir='ltr'>(lte.</span> <span class='ocrx_word' id='word_1_359' title='bbox 818 4432 940 4484; x_wconf 77' lang='lat' dir='ltr'>xxxvl.</span> <span class='ocrx_word' id='word_1_360' title='bbox 953 4461 986 4474; x_wconf 93' lang='lat'>-</span> <span class='ocrx_word' id='word_1_361' title='bbox 999 4433 1021 4486; x_wconf 89' lang='lat'>1.</span> <span class='ocrx_word' id='word_1_362' title='bbox 1032 4430 1077 4486; x_wconf 83' lang='grc' dir='ltr'>τοῦ</span> <span class='ocrx_word' id='word_1_363' title='bbox 1088 4434 1199 4486; x_wconf 78' lang='lat' dir='ltr'>Petuntur</span> <span class='ocrx_word' id='word_1_364' title='bbox 1209 4434 1274 4483; x_wconf 69' lang='lat' dir='ltr'>odu-</span> 
     </span>
     <span class='ocr_line' id='line_1_40' title="bbox 125 4496 948 4555; baseline -0.002 -1"><span class='ocrx_word' id='word_1_365' title='bbox 125 4496 180 4555; x_wconf 70' lang='lat' dir='ltr'>lat</span> <span class='ocrx_word' id='word_1_366' title='bbox 195 4504 246 4553; x_wconf 81' lang='lat' dir='ltr'>ortt</span> <span class='ocrx_word' id='word_1_367' title='bbox 262 4502 314 4554; x_wconf 84' lang='lat' dir='ltr'>eod.</span> <span class='ocrx_word' id='word_1_368' title='bbox 332 4502 386 4553; x_wconf 81' lang='lat' dir='ltr'>Veo.</span> <span class='ocrx_word' id='word_1_369' title='bbox 594 4548 597 4553; x_wconf 92' lang='lat'>.</span> <span class='ocrx_word' id='word_1_370' title='bbox 716 4504 748 4553; x_wconf 81' lang='lat' dir='ltr'>eit</span> <span class='ocrx_word' id='word_1_371' title='bbox 763 4516 793 4554; x_wconf 79' lang='lat' dir='ltr'>eo</span> <span class='ocrx_word' id='word_1_372' title='bbox 808 4504 859 4554; x_wconf 80' lang='lat' dir='ltr'>eod.</span> <span class='ocrx_word' id='word_1_373' title='bbox 875 4504 948 4554; x_wconf 83' lang='lat' dir='ltr'>Votr&#39;e.</span> 
     </span>
    </p>
   </div>
   <div class='ocr_carea' id='block_1_7' title="bbox 0 0 1529 5084">
    <p class='ocr_par' dir='ltr' id='par_1_9' title="bbox 0 0 1529 5084">
     <span class='ocr_line' id='line_1_41' title="bbox 0 0 1529 5084; baseline 0 0"><span class='ocrx_word' id='word_1_374' title='bbox 0 0 1529 5084; x_wconf 95' lang='lat' dir='ltr'> </span> 
     </span>
    </p>
   </div>
  </div>
 </body>
</html>
