<?xml version="1.0" encoding="UTF-8"?>
<!DOCTYPE html PUBLIC "-//W3C//DTD XHTML 1.0 Transitional//EN"
    "http://www.w3.org/TR/xhtml1/DTD/xhtml1-transitional.dtd">
<html xmlns="http://www.w3.org/1999/xhtml" xml:lang="en" lang="en">
 <head>
  <title>
</title>
<meta http-equiv="Content-Type" content="text/html;charset=utf-8" />
  <meta name='ocr-system' content='tesseract 3.04.00' />
  <meta name='ocr-capabilities' content='ocr_page ocr_carea ocr_par ocr_line ocrx_word'/>
</head>
<body>
  <div class='ocr_page' id='page_1' title='image "./corporishaerese01unkngoog_0204.png"; bbox 0 0 3046 5084; ppageno 0'>
   <div class='ocr_carea' id='block_1_1' title="bbox 388 329 1270 391">
    <p class='ocr_par' dir='ltr' id='par_1_1' title="bbox 388 329 1270 391">
     <span class='ocr_line' id='line_1_1' title="bbox 388 329 1270 391; baseline 0.003 -4"><span class='ocrx_word' id='word_1_1' title='bbox 388 332 524 387; x_wconf 73' lang='lat' dir='ltr'><strong>Panum!</strong></span> <span class='ocrx_word' id='word_1_2' title='bbox 540 335 605 388; x_wconf 77' lang='lat' dir='ltr'><strong>mu.</strong></span> <span class='ocrx_word' id='word_1_3' title='bbox 619 339 639 389; x_wconf 88' lang='grc' dir='ltr'><strong>Ι.</strong></span> <span class='ocrx_word' id='word_1_4' title='bbox 655 338 737 389; x_wconf 78' lang='grc' dir='ltr'><strong>ΤΟΜ.</strong></span> <span class='ocrx_word' id='word_1_5' title='bbox 749 339 781 388; x_wconf 86' lang='lat' dir='ltr'><strong>n.</strong></span> <span class='ocrx_word' id='word_1_6' title='bbox 797 339 896 390; x_wconf 74' lang='lat' dir='ltr'><strong>RAER.</strong></span> <span class='ocrx_word' id='word_1_7' title='bbox 912 340 1007 391; x_wconf 81' lang='lat' dir='ltr'>XXVI.</span> <span class='ocrx_word' id='word_1_8' title='bbox 1211 329 1270 390; x_wconf 80' lang='grc'><strong>199</strong></span> 
     </span>
    </p>
   </div>
   <div class='ocr_carea' id='block_1_2' title="bbox 115 451 1418 4607">
    <p class='ocr_par' dir='ltr' id='par_1_2' title="bbox 115 451 1418 4607">
     <span class='ocr_line' id='line_1_2' title="bbox 201 451 1418 540; baseline 0.002 -22"><span class='ocrx_word' id='word_1_9' title='bbox 201 453 279 538; x_wconf 77' lang='lat' dir='ltr'><strong>Quid</strong></span> <span class='ocrx_word' id='word_1_10' title='bbox 296 455 354 520; x_wconf 88' lang='lat' dir='ltr'><strong>iam</strong></span> <span class='ocrx_word' id='word_1_11' title='bbox 369 454 446 517; x_wconf 79' lang='lat' dir='ltr'><strong>aliud</strong></span> <span class='ocrx_word' id='word_1_12' title='bbox 461 451 600 538; x_wconf 83' lang='lat' dir='ltr'><strong>deinceps</strong></span> <span class='ocrx_word' id='word_1_13' title='bbox 615 455 756 539; x_wconf 75' lang='lat' dir='ltr'><strong>eloquar?</strong></span> <span class='ocrx_word' id='word_1_14' title='bbox 783 467 833 521; x_wconf 87' lang='lat' dir='ltr'><strong>ant</strong></span> <span class='ocrx_word' id='word_1_15' title='bbox 849 458 992 540; x_wconf 89' lang='lat' dir='ltr'><strong>quomodo</strong></span> <span class='ocrx_word' id='word_1_16' title='bbox 1009 478 1166 523; x_wconf 84' lang='lat' dir='ltr'><strong>coenosam</strong></span> <span class='ocrx_word' id='word_1_17' title='bbox 1190 459 1264 523; x_wconf 80' lang='lat' dir='ltr'><strong>hanc</strong></span> <span class='ocrx_word' id='word_1_18' title='bbox 1276 472 1418 540; x_wconf 66' lang='lat' dir='ltr'><strong>caputvn.</strong></span> 
     </span>
     <span class='ocr_line' id='line_1_3' title="bbox 122 552 1265 644; baseline 0.003 -24"><span class='ocrx_word' id='word_1_19' title='bbox 122 557 345 642; x_wconf 86' lang='lat' dir='ltr'><strong>disputationem</strong></span> <span class='ocrx_word' id='word_1_20' title='bbox 360 552 516 619; x_wconf 81' lang='lat' dir='ltr'><strong>abiiciam?</strong></span> <span class='ocrx_word' id='word_1_21' title='bbox 544 575 610 615; x_wconf 87' lang='lat' dir='ltr'><strong>enm</strong></span> <span class='ocrx_word' id='word_1_22' title='bbox 628 564 658 617; x_wconf 84' lang='lat' dir='ltr'><strong>et</strong></span> <span class='ocrx_word' id='word_1_23' title='bbox 673 556 761 618; x_wconf 81' lang='lat' dir='ltr'><strong>velim</strong></span> <span class='ocrx_word' id='word_1_24' title='bbox 778 566 810 617; x_wconf 90' lang='lat' dir='ltr'><strong>et</strong></span> <span class='ocrx_word' id='word_1_25' title='bbox 829 557 916 619; x_wconf 89' lang='lat' dir='ltr'><strong>nolim</strong></span> <span class='ocrx_word' id='word_1_26' title='bbox 931 579 988 621; x_wconf 89' lang='lat' dir='ltr'><strong>nna</strong></span> <span class='ocrx_word' id='word_1_27' title='bbox 1005 558 1121 636; x_wconf 85' lang='lat' dir='ltr'><strong>dicere,</strong></span> <span class='ocrx_word' id='word_1_28' title='bbox 1144 581 1178 623; x_wconf 87' lang='lat' dir='ltr'><strong>ae</strong></span> <span class='ocrx_word' id='word_1_29' title='bbox 1195 583 1265 644; x_wconf 87' lang='lat' dir='ltr'><strong>qua-</strong></span> 
     </span>
     <span class='ocr_line' id='line_1_4' title="bbox 118 653 1265 741; baseline 0.001 -18"><span class='ocrx_word' id='word_1_30' title='bbox 118 662 183 723; x_wconf 89' lang='lat' dir='ltr'><strong>dam</strong></span> <span class='ocrx_word' id='word_1_31' title='bbox 201 659 314 722; x_wconf 88' lang='lat' dir='ltr'><strong>dicendi</strong></span> <span class='ocrx_word' id='word_1_32' title='bbox 333 656 510 720; x_wconf 72' lang='lat' dir='ltr'><strong>necessitate</strong></span> <span class='ocrx_word' id='word_1_33' title='bbox 526 653 732 736; x_wconf 79' lang='lat' dir='ltr'><strong>constringar,</strong></span> <span class='ocrx_word' id='word_1_34' title='bbox 755 675 791 717; x_wconf 87' lang='lat' dir='ltr'><strong>ne</strong></span> <span class='ocrx_word' id='word_1_35' title='bbox 814 657 879 739; x_wconf 90' lang='lat' dir='ltr'><strong>quid</strong></span> <span class='ocrx_word' id='word_1_36' title='bbox 897 677 996 720; x_wconf 90' lang='lat' dir='ltr'><strong>eorum</strong></span> <span class='ocrx_word' id='word_1_37' title='bbox 1015 679 1088 741; x_wconf 89' lang='lat' dir='ltr'><strong>qnae</strong></span> <span class='ocrx_word' id='word_1_38' title='bbox 1105 659 1203 723; x_wconf 90' lang='lat' dir='ltr'><strong>insunt</strong></span> <span class='ocrx_word' id='word_1_39' title='bbox 1219 684 1265 725; x_wconf 90' lang='lat' dir='ltr'><strong>re-</strong></span> 
     </span>
     <span class='ocr_line' id='line_1_5' title="bbox 118 754 1266 836; baseline 0.001 -13"><span class='ocrx_word' id='word_1_40' title='bbox 118 782 188 825; x_wconf 86' lang='lat' dir='ltr'><strong>vera</strong></span> <span class='ocrx_word' id='word_1_41' title='bbox 212 760 412 824; x_wconf 76' lang='lat' dir='ltr'><strong>dissimulasse</strong></span> <span class='ocrx_word' id='word_1_42' title='bbox 431 754 551 833; x_wconf 87' lang='lat' dir='ltr'><strong>videar,</strong></span> <span class='ocrx_word' id='word_1_43' title='bbox 575 767 606 818; x_wconf 90' lang='lat' dir='ltr'><strong>et</strong></span> <span class='ocrx_word' id='word_1_44' title='bbox 628 755 698 819; x_wconf 93' lang='lat' dir='ltr'><strong>illnd</strong></span> <span class='ocrx_word' id='word_1_45' title='bbox 725 776 830 819; x_wconf 77' lang='lat' dir='ltr'><strong>verear</strong></span> <span class='ocrx_word' id='word_1_46' title='bbox 846 767 960 836; x_wconf 68' lang='lat' dir='ltr'><strong>nmen,</strong></span> <span class='ocrx_word' id='word_1_47' title='bbox 992 779 1028 820; x_wconf 90' lang='lat' dir='ltr'><strong>ne</strong></span> <span class='ocrx_word' id='word_1_48' title='bbox 1050 758 1163 822; x_wconf 90' lang='lat' dir='ltr'><strong>illorum</strong></span> <span class='ocrx_word' id='word_1_49' title='bbox 1186 762 1266 824; x_wconf 91' lang='lat' dir='ltr'><strong>dete-</strong></span> 
     </span>
     <span class='ocr_line' id='line_1_6' title="bbox 118 855 1267 944; baseline -0.002 -18"><span class='ocrx_word' id='word_1_50' title='bbox 118 863 229 926; x_wconf 88' lang='lat' dir='ltr'><strong>standis</strong></span> <span class='ocrx_word' id='word_1_51' title='bbox 250 860 368 944; x_wconf 84' lang='lat' dir='ltr'><strong>flagitiis</strong></span> <span class='ocrx_word' id='word_1_52' title='bbox 388 855 540 942; x_wconf 80' lang='lat' dir='ltr'><strong>patefactis</strong></span> <span class='ocrx_word' id='word_1_53' title='bbox 558 877 730 941; x_wconf 88' lang='lat' dir='ltr'><strong>quemquam</strong></span> <span class='ocrx_word' id='word_1_54' title='bbox 751 871 801 921; x_wconf 88' lang='lat' dir='ltr'><strong>aut</strong></span> <span class='ocrx_word' id='word_1_55' title='bbox 819 858 943 921; x_wconf 84' lang='lat' dir='ltr'><strong>inficiam</strong></span> <span class='ocrx_word' id='word_1_56' title='bbox 960 868 1009 921; x_wconf 89' lang='lat' dir='ltr'><strong>aut</strong></span> <span class='ocrx_word' id='word_1_57' title='bbox 1027 857 1214 939; x_wconf 86' lang='lat' dir='ltr'><strong>extimnlem,</strong></span> <span class='ocrx_word' id='word_1_58' title='bbox 1237 873 1267 924; x_wconf 88' lang='lat' dir='ltr'><strong>et</strong></span> 
     </span>
     <span class='ocr_line' id='line_1_7' title="bbox 118 957 1267 1044; baseline -0.002 -17"><span class='ocrx_word' id='word_1_59' title='bbox 118 967 154 1028; x_wconf 91' lang='lat' dir='ltr'><strong>ad</strong></span> <span class='ocrx_word' id='word_1_60' title='bbox 171 965 220 1026; x_wconf 90' lang='lat' dir='ltr'><strong>illa</strong></span> <span class='ocrx_word' id='word_1_61' title='bbox 237 961 384 1025; x_wconf 71' lang='lat' dir='ltr'><strong>curiosius</strong></span> <span class='ocrx_word' id='word_1_62' title='bbox 401 958 561 1040; x_wconf 81' lang='lat' dir='ltr'><strong>indaganda</strong></span> <span class='ocrx_word' id='word_1_63' title='bbox 579 960 660 1021; x_wconf 88' lang='lat' dir='ltr'><strong>laces</strong></span> <span class='ocrx_word' id='word_1_64' title='bbox 676 957 713 1020; x_wconf 92' lang='lat' dir='ltr'><strong>iis</strong></span> <span class='ocrx_word' id='word_1_65' title='bbox 729 959 880 1021; x_wconf 89' lang='lat' dir='ltr'><strong>subiiciam</strong></span> <span class='ocrx_word' id='word_1_66' title='bbox 898 960 946 1043; x_wconf 94' lang='lat' dir='ltr'><strong>qui</strong></span> <span class='ocrx_word' id='word_1_67' title='bbox 965 961 1143 1044; x_wconf 89' lang='lat' dir='ltr'><strong>voluptatum</strong></span> <span class='ocrx_word' id='word_1_68' title='bbox 1167 984 1200 1025; x_wconf 92' lang='lat' dir='ltr'><strong>ac</strong></span> <span class='ocrx_word' id='word_1_69' title='bbox 1216 984 1267 1026; x_wconf 88' lang='lat' dir='ltr'><strong>cu-</strong></span> 
     </span>
     <span class='ocr_line' id='line_1_8' title="bbox 120 1057 1267 1149; baseline 0 -22"><span class='ocrx_word' id='word_1_70' title='bbox 120 1066 271 1149; x_wconf 89' lang='lat' dir='ltr'><strong>piditatum</strong></span> <span class='ocrx_word' id='word_1_71' title='bbox 289 1060 434 1124; x_wconf 79' lang='lat' dir='ltr'><strong>illecebris</strong></span> <span class='ocrx_word' id='word_1_72' title='bbox 452 1060 643 1122; x_wconf 91' lang='lat' dir='ltr'><strong>abducuntur.</strong></span> <span class='ocrx_word' id='word_1_73' title='bbox 691 1057 753 1123; x_wconf 88' lang='lat' dir='ltr'><strong>Sed</strong></span> <span class='ocrx_word' id='word_1_74' title='bbox 771 1061 955 1123; x_wconf 90' lang='lat' dir='ltr'><strong>nihilominus</strong></span> <span class='ocrx_word' id='word_1_75' title='bbox 977 1061 1013 1124; x_wconf 85' lang='lat' dir='ltr'><strong>ab</strong></span> <span class='ocrx_word' id='word_1_76' title='bbox 1033 1062 1174 1124; x_wconf 88' lang='lat' dir='ltr'><strong>eiusmodi</strong></span> <span class='ocrx_word' id='word_1_77' title='bbox 1198 1064 1267 1127; x_wconf 89' lang='lat' dir='ltr'><strong>dae-</strong></span> 
     </span>
     <span class='ocr_line' id='line_1_9' title="bbox 119 1161 1265 1246; baseline -0.001 -18"><span class='ocrx_word' id='word_1_78' title='bbox 119 1167 214 1228; x_wconf 91' lang='lat' dir='ltr'><strong>monis</strong></span> <span class='ocrx_word' id='word_1_79' title='bbox 230 1174 295 1226; x_wconf 90' lang='lat' dir='ltr'><strong>sato</strong></span> <span class='ocrx_word' id='word_1_80' title='bbox 313 1173 343 1225; x_wconf 92' lang='lat' dir='ltr'><strong>et</strong></span> <span class='ocrx_word' id='word_1_81' title='bbox 357 1161 538 1246; x_wconf 74' lang='lat' dir='ltr'><strong>improbitate</strong></span> <span class='ocrx_word' id='word_1_82' title='bbox 554 1171 609 1223; x_wconf 84' lang='lat' dir='ltr'><strong>tam</strong></span> <span class='ocrx_word' id='word_1_83' title='bbox 624 1181 681 1245; x_wconf 76' lang='lat' dir='ltr'><strong>ego</strong></span> <span class='ocrx_word' id='word_1_84' title='bbox 697 1183 783 1244; x_wconf 91' lang='lat' dir='ltr'><strong>qnam</strong></span> <span class='ocrx_word' id='word_1_85' title='bbox 801 1173 920 1224; x_wconf 88' lang='lat' dir='ltr'><strong>sanctae</strong></span> <span class='ocrx_word' id='word_1_86' title='bbox 936 1174 1022 1246; x_wconf 91' lang='lat' dir='ltr'><strong>atque</strong></span> <span class='ocrx_word' id='word_1_87' title='bbox 1039 1163 1200 1226; x_wconf 87' lang='lat' dir='ltr'><strong>catholicae</strong></span> <span class='ocrx_word' id='word_1_88' title='bbox 1217 1187 1265 1227; x_wconf 90' lang='lat' dir='ltr'><strong>ec-</strong></span> 
     </span>
     <span class='ocr_line' id='line_1_10' title="bbox 119 1262 1264 1348; baseline 0.001 -21"><span class='ocrx_word' id='word_1_89' title='bbox 119 1267 227 1329; x_wconf 88' lang='lat' dir='ltr'><strong>clesiae</strong></span> <span class='ocrx_word' id='word_1_90' title='bbox 251 1285 318 1348; x_wconf 88' lang='lat' dir='ltr'><strong>spes</strong></span> <span class='ocrx_word' id='word_1_91' title='bbox 343 1264 452 1341; x_wconf 90' lang='lat' dir='ltr'><strong>omnis,</strong></span> <span class='ocrx_word' id='word_1_92' title='bbox 476 1284 510 1326; x_wconf 88' lang='lat' dir='ltr'><strong>ac</strong></span> <span class='ocrx_word' id='word_1_93' title='bbox 528 1262 657 1346; x_wconf 86' lang='lat' dir='ltr'><strong>quisquis</strong></span> <span class='ocrx_word' id='word_1_94' title='bbox 679 1263 711 1325; x_wconf 94' lang='lat' dir='ltr'><strong>in</strong></span> <span class='ocrx_word' id='word_1_95' title='bbox 726 1263 785 1326; x_wconf 89' lang='lat' dir='ltr'><strong>hoo</strong></span> <span class='ocrx_word' id='word_1_96' title='bbox 807 1275 938 1327; x_wconf 89' lang='lat' dir='ltr'><strong>nostrum</strong></span> <span class='ocrx_word' id='word_1_97' title='bbox 958 1285 1029 1348; x_wconf 88' lang='lat' dir='ltr'><strong>opus</strong></span> <span class='ocrx_word' id='word_1_98' title='bbox 1046 1264 1196 1343; x_wconf 89' lang='lat' dir='ltr'><strong>inciderit,</strong></span> <span class='ocrx_word' id='word_1_99' title='bbox 1221 1268 1264 1328; x_wconf 92' lang='lat' dir='ltr'><strong>iu·</strong></span> 
     </span>
     <span class='ocr_line' id='line_1_11' title="bbox 120 1361 1264 1451; baseline -0.002 -19"><span class='ocrx_word' id='word_1_100' title='bbox 120 1382 204 1451; x_wconf 83' lang='lat' dir='ltr'><strong>teger</strong></span> <span class='ocrx_word' id='word_1_101' title='bbox 217 1368 428 1450; x_wconf 85' lang='lat' dir='ltr'><strong>inviolatusque</strong></span> <span class='ocrx_word' id='word_1_102' title='bbox 445 1375 591 1427; x_wconf 83' lang='lat' dir='ltr'><strong>servetur.</strong></span> <span class='ocrx_word' id='word_1_103' title='bbox 628 1361 713 1447; x_wconf 87' lang='lat' dir='ltr'><strong>Quod</strong></span> <span class='ocrx_word' id='word_1_104' title='bbox 731 1365 757 1428; x_wconf 87' lang='lat' dir='ltr'><strong>si</strong></span> <span class='ocrx_word' id='word_1_105' title='bbox 775 1377 892 1429; x_wconf 86' lang='lat' dir='ltr'><strong>caetera</strong></span> <span class='ocrx_word' id='word_1_106' title='bbox 911 1387 984 1450; x_wconf 92' lang='lat' dir='ltr'><strong>quae</strong></span> <span class='ocrx_word' id='word_1_107' title='bbox 1003 1366 1038 1427; x_wconf 91' lang='lat' dir='ltr'><strong>ab</strong></span> <span class='ocrx_word' id='word_1_108' title='bbox 1057 1365 1115 1429; x_wconf 90' lang='lat' dir='ltr'><strong>illis</strong></span> <span class='ocrx_word' id='word_1_109' title='bbox 1130 1365 1264 1430; x_wconf 88' lang='lat' dir='ltr'><strong>dicuntur</strong></span> 
     </span>
     <span class='ocr_line' id='line_1_12' title="bbox 120 1467 1259 1551; baseline 0.001 -19"><span class='ocrx_word' id='word_1_110' title='bbox 120 1481 170 1532; x_wconf 89' lang='lat' dir='ltr'><strong>ant</strong></span> <span class='ocrx_word' id='word_1_111' title='bbox 186 1471 255 1532; x_wconf 87' lang='lat' dir='ltr'><strong>liunt</strong></span> <span class='ocrx_word' id='word_1_112' title='bbox 269 1478 375 1551; x_wconf 82' lang='lat' dir='ltr'><strong>quanta</strong></span> <span class='ocrx_word' id='word_1_113' title='bbox 393 1478 479 1543; x_wconf 88' lang='lat' dir='ltr'><strong>suut,</strong></span> <span class='ocrx_word' id='word_1_114' title='bbox 502 1476 590 1549; x_wconf 87' lang='lat' dir='ltr'><strong>atque</strong></span> <span class='ocrx_word' id='word_1_115' title='bbox 605 1467 747 1530; x_wconf 88' lang='lat' dir='ltr'><strong>eiusmodi</strong></span> <span class='ocrx_word' id='word_1_116' title='bbox 769 1469 865 1550; x_wconf 86' lang='lat' dir='ltr'><strong>qualia</strong></span> <span class='ocrx_word' id='word_1_117' title='bbox 884 1468 941 1530; x_wconf 92' lang='lat' dir='ltr'><strong>iam</strong></span> <span class='ocrx_word' id='word_1_118' title='bbox 959 1469 1259 1548; x_wconf 80' lang='lat' dir='ltr'><strong>commemoravimus,</strong></span> 
     </span>
     <span class='ocr_line' id='line_1_13' title="bbox 119 1567 1261 1653; baseline 0 -20"><span class='ocrx_word' id='word_1_119' title='bbox 119 1571 221 1634; x_wconf 86' lang='lat' dir='ltr'><strong>antiis</strong></span> <span class='ocrx_word' id='word_1_120' title='bbox 242 1570 328 1632; x_wconf 91' lang='lat' dir='ltr'><strong>etiam</strong></span> <span class='ocrx_word' id='word_1_121' title='bbox 351 1567 460 1631; x_wconf 84' lang='lat' dir='ltr'><strong>maiora</strong></span> <span class='ocrx_word' id='word_1_122' title='bbox 474 1568 523 1631; x_wconf 87' lang='lat' dir='ltr'><strong>vel</strong></span> <span class='ocrx_word' id='word_1_123' title='bbox 540 1567 654 1633; x_wconf 87' lang='lat' dir='ltr'><strong>minora</strong></span> <span class='ocrx_word' id='word_1_124' title='bbox 678 1569 831 1653; x_wconf 84' lang='lat' dir='ltr'><strong>complecti</strong></span> <span class='ocrx_word' id='word_1_125' title='bbox 856 1569 995 1646; x_wconf 77' lang='lat' dir='ltr'><strong>voliaero,</strong></span> <span class='ocrx_word' id='word_1_126' title='bbox 1022 1569 1109 1632; x_wconf 92' lang='lat' dir='ltr'><strong>etad</strong></span> <span class='ocrx_word' id='word_1_127' title='bbox 1132 1571 1261 1653; x_wconf 84' lang='lat' dir='ltr'><strong>singulas</strong></span> 
     </span>
     <span class='ocr_line' id='line_1_14' title="bbox 120 1669 1262 1754; baseline -0.001 -18"><span class='ocrx_word' id='word_1_128' title='bbox 120 1693 209 1735; x_wconf 86' lang='lat' dir='ltr'><strong>voces</strong></span> <span class='ocrx_word' id='word_1_129' title='bbox 227 1670 343 1734; x_wconf 83' lang='lat' dir='ltr'><strong>salubre</strong></span> <span class='ocrx_word' id='word_1_130' title='bbox 367 1669 507 1753; x_wconf 92' lang='lat' dir='ltr'><strong>quoddam</strong></span> <span class='ocrx_word' id='word_1_131' title='bbox 525 1671 766 1733; x_wconf 85' lang='lat' dir='ltr'><strong>medicamentum</strong></span> <span class='ocrx_word' id='word_1_132' title='bbox 785 1670 865 1733; x_wconf 87' lang='lat' dir='ltr'><strong>velut</strong></span> <span class='ocrx_word' id='word_1_133' title='bbox 886 1670 1046 1754; x_wconf 81' lang='lat' dir='ltr'><strong>depellendi</strong></span> <span class='ocrx_word' id='word_1_134' title='bbox 1070 1672 1136 1734; x_wconf 89' lang='lat' dir='ltr'><strong>mali</strong></span> <span class='ocrx_word' id='word_1_135' title='bbox 1159 1694 1262 1735; x_wconf 86' lang='lat' dir='ltr'><strong>caussa</strong></span> 
     </span>
     <span class='ocr_line' id='line_1_15' title="bbox 119 1770 1262 1858; baseline -0.001 -22"><span class='ocrx_word' id='word_1_136' title='bbox 119 1783 313 1858; x_wconf 71' lang='lat' dir='ltr'><strong>conparatum</strong></span> <span class='ocrx_word' id='word_1_137' title='bbox 337 1773 495 1834; x_wconf 90' lang='lat' dir='ltr'><strong>remedium</strong></span> <span class='ocrx_word' id='word_1_138' title='bbox 519 1770 695 1848; x_wconf 86' lang='lat' dir='ltr'><strong>adhibuero,</strong></span> <span class='ocrx_word' id='word_1_139' title='bbox 724 1770 755 1834; x_wconf 94' lang='lat' dir='ltr'><strong>in</strong></span> <span class='ocrx_word' id='word_1_140' title='bbox 778 1771 947 1833; x_wconf 83' lang='lat' dir='ltr'><strong>immensam</strong></span> <span class='ocrx_word' id='word_1_141' title='bbox 971 1772 1075 1834; x_wconf 89' lang='lat' dir='ltr'><strong>molem</strong></span> <span class='ocrx_word' id='word_1_142' title='bbox 1097 1785 1262 1857; x_wconf 89' lang='lat' dir='ltr'><strong>susceptum</strong></span> 
     </span>
     <span class='ocr_line' id='line_1_16' title="bbox 118 1870 1261 1960; baseline -0.001 -22"><span class='ocrx_word' id='word_1_143' title='bbox 118 1897 190 1960; x_wconf 89' lang='lat' dir='ltr'><strong>opus</strong></span> <span class='ocrx_word' id='word_1_144' title='bbox 213 1884 364 1936; x_wconf 83' lang='lat' dir='ltr'><strong>excurret.</strong></span> <span class='ocrx_word' id='word_1_145' title='bbox 408 1870 486 1935; x_wconf 85' lang='lat' dir='ltr'><strong>Nam</strong></span> <span class='ocrx_word' id='word_1_146' title='bbox 507 1881 536 1934; x_wconf 94' lang='lat' dir='ltr'><strong>et</strong></span> <span class='ocrx_word' id='word_1_147' title='bbox 554 1892 624 1950; x_wconf 89' lang='lat' dir='ltr'><strong>nos,</strong></span> <span class='ocrx_word' id='word_1_148' title='bbox 647 1870 809 1950; x_wconf 88' lang='lat' dir='ltr'><strong>carissimi,</strong></span> <span class='ocrx_word' id='word_1_149' title='bbox 834 1872 962 1935; x_wconf 90' lang='lat' dir='ltr'><strong>inillam</strong></span> <span class='ocrx_word' id='word_1_150' title='bbox 985 1873 1118 1935; x_wconf 85' lang='lat' dir='ltr'><strong>haeresin</strong></span> <span class='ocrx_word' id='word_1_151' title='bbox 1138 1875 1261 1937; x_wconf 90' lang='lat' dir='ltr'><strong>incurri-</strong></span> 
     </span>
     <span class='ocr_line' id='line_1_17' title="bbox 116 1967 1260 2058; baseline -0.002 -18"><span class='ocrx_word' id='word_1_152' title='bbox 116 1998 192 2054; x_wconf 88' lang='lat' dir='ltr'><strong>mus,</strong></span> <span class='ocrx_word' id='word_1_153' title='bbox 216 1988 245 2039; x_wconf 92' lang='lat' dir='ltr'><strong>et</strong></span> <span class='ocrx_word' id='word_1_154' title='bbox 262 1996 300 2038; x_wconf 85' lang='lat' dir='ltr'><strong>ex</strong></span> <span class='ocrx_word' id='word_1_155' title='bbox 315 1974 441 2058; x_wconf 87' lang='lat' dir='ltr'><strong>ipsomet</strong></span> <span class='ocrx_word' id='word_1_156' title='bbox 453 1967 572 2049; x_wconf 74' lang='lat' dir='ltr'><strong>eorum,</strong></span> <span class='ocrx_word' id='word_1_157' title='bbox 591 1973 638 2055; x_wconf 94' lang='lat' dir='ltr'><strong>qui</strong></span> <span class='ocrx_word' id='word_1_158' title='bbox 656 1973 731 2034; x_wconf 89' lang='lat' dir='ltr'><strong>banc</strong></span> <span class='ocrx_word' id='word_1_159' title='bbox 745 1972 859 2056; x_wconf 91' lang='lat' dir='ltr'><strong>proprie</strong></span> <span class='ocrx_word' id='word_1_160' title='bbox 876 1984 959 2035; x_wconf 86' lang='lat' dir='ltr'><strong>etex</strong></span> <span class='ocrx_word' id='word_1_161' title='bbox 975 1974 1106 2037; x_wconf 87' lang='lat' dir='ltr'><strong>instituto</strong></span> <span class='ocrx_word' id='word_1_162' title='bbox 1123 1986 1260 2054; x_wconf 87' lang='lat' dir='ltr'><strong>tractant,</strong></span> 
     </span>
     <span class='ocr_line' id='line_1_18' title="bbox 115 2073 1261 2160; baseline -0.002 -19"><span class='ocrx_word' id='word_1_163' title='bbox 115 2100 169 2141; x_wconf 90' lang='lat' dir='ltr'><strong>ore</strong></span> <span class='ocrx_word' id='word_1_164' title='bbox 188 2099 223 2142; x_wconf 86' lang='lat' dir='ltr'><strong>ao</strong></span> <span class='ocrx_word' id='word_1_165' title='bbox 241 2077 409 2160; x_wconf 82' lang='lat' dir='ltr'><strong>magisterio</strong></span> <span class='ocrx_word' id='word_1_166' title='bbox 430 2073 593 2136; x_wconf 82' lang='lat' dir='ltr'><strong>didicimus.</strong></span> <span class='ocrx_word' id='word_1_167' title='bbox 637 2075 685 2137; x_wconf 84' lang='lat' dir='ltr'><strong>Ad</strong></span> <span class='ocrx_word' id='word_1_168' title='bbox 711 2073 738 2137; x_wconf 91' lang='lat' dir='ltr'><strong>id</strong></span> <span class='ocrx_word' id='word_1_169' title='bbox 764 2094 835 2136; x_wconf 83' lang='lat' dir='ltr'><strong>vero</strong></span> <span class='ocrx_word' id='word_1_170' title='bbox 860 2084 1044 2157; x_wconf 86' lang='lat' dir='ltr'><strong>comparatae</strong></span> <span class='ocrx_word' id='word_1_171' title='bbox 1066 2075 1261 2159; x_wconf 81' lang='lat' dir='ltr'><strong>dereptaeque</strong></span> 
     </span>
     <span class='ocr_line' id='line_1_19' title="bbox 115 2173 1261 2252; baseline -0.004 -8"><span class='ocrx_word' id='word_1_172' title='bbox 115 2180 252 2244; x_wconf 84' lang='lat' dir='ltr'><strong>mulieres</strong></span> <span class='ocrx_word' id='word_1_173' title='bbox 268 2200 327 2241; x_wconf 89' lang='lat' dir='ltr'><strong>non</strong></span> <span class='ocrx_word' id='word_1_174' title='bbox 348 2176 441 2241; x_wconf 91' lang='lat' dir='ltr'><strong>solum</strong></span> <span class='ocrx_word' id='word_1_175' title='bbox 459 2175 623 2238; x_wconf 88' lang='lat' dir='ltr'><strong>istiusmodi</strong></span> <span class='ocrx_word' id='word_1_176' title='bbox 640 2175 725 2239; x_wconf 90' lang='lat' dir='ltr'><strong>nobis</strong></span> <span class='ocrx_word' id='word_1_177' title='bbox 742 2194 894 2237; x_wconf 86' lang='lat' dir='ltr'><strong>sermones</strong></span> <span class='ocrx_word' id='word_1_178' title='bbox 911 2173 1091 2252; x_wconf 88' lang='lat' dir='ltr'><strong>iniecerunt,</strong></span> <span class='ocrx_word' id='word_1_179' title='bbox 1115 2177 1165 2238; x_wconf 90' lang='lat' dir='ltr'><strong>sed</strong></span> <span class='ocrx_word' id='word_1_180' title='bbox 1182 2178 1261 2239; x_wconf 91' lang='lat' dir='ltr'><strong>insu·</strong></span> 
     </span>
     <span class='ocr_line' id='line_1_20' title="bbox 115 2275 1375 2366; baseline -0.007 -21"><span class='ocrx_word' id='word_1_181' title='bbox 115 2301 169 2366; x_wconf 89' lang='lat' dir='ltr'><strong>per</strong></span> <span class='ocrx_word' id='word_1_182' title='bbox 184 2281 350 2365; x_wconf 81' lang='lat' dir='ltr'><strong>Aegyptiae</strong></span> <span class='ocrx_word' id='word_1_183' title='bbox 367 2278 444 2341; x_wconf 88' lang='lat' dir='ltr'><strong>illins</strong></span> <span class='ocrx_word' id='word_1_184' title='bbox 468 2276 596 2362; x_wconf 84' lang='lat' dir='ltr'><strong>perditae</strong></span> <span class='ocrx_word' id='word_1_185' title='bbox 621 2298 654 2341; x_wconf 90' lang='lat' dir='ltr'><strong>ac</strong></span> <span class='ocrx_word' id='word_1_186' title='bbox 676 2277 872 2361; x_wconf 88' lang='lat' dir='ltr'><strong>nequissimae</strong></span> <span class='ocrx_word' id='word_1_187' title='bbox 895 2275 1026 2338; x_wconf 88' lang='lat' dir='ltr'><strong>mulieris</strong></span> <span class='ocrx_word' id='word_1_188' title='bbox 1046 2276 1156 2355; x_wconf 90' lang='lat' dir='ltr'><strong>instar,</strong></span> <span class='ocrx_word' id='word_1_189' title='bbox 1189 2299 1261 2361; x_wconf 90' lang='lat' dir='ltr'><strong>qnae</strong></span> <span class='ocrx_word' id='word_1_190' title='bbox 1275 2294 1375 2337; x_wconf 68' lang='lat' dir='ltr'><strong>uenas.</strong></span> 
     </span>
     <span class='ocr_line' id='line_1_21' title="bbox 115 2377 1260 2467; baseline -0.005 -21"><span class='ocrx_word' id='word_1_191' title='bbox 115 2403 275 2467; x_wconf 88' lang='lat' dir='ltr'><strong>coquorum</strong></span> <span class='ocrx_word' id='word_1_192' title='bbox 295 2380 433 2466; x_wconf 89' lang='lat' dir='ltr'><strong>principis</strong></span> <span class='ocrx_word' id='word_1_193' title='bbox 449 2400 527 2442; x_wconf 87' lang='lat' dir='ltr'><strong>uxor</strong></span> <span class='ocrx_word' id='word_1_194' title='bbox 546 2389 627 2457; x_wconf 86' lang='lat' dir='ltr'><strong>erat,</strong></span> <span class='ocrx_word' id='word_1_195' title='bbox 651 2379 790 2464; x_wconf 87' lang='lat' dir='ltr'><strong>petulanti</strong></span> <span class='ocrx_word' id='word_1_196' title='bbox 809 2399 863 2441; x_wconf 91' lang='lat' dir='ltr'><strong>nos</strong></span> <span class='ocrx_word' id='word_1_197' title='bbox 885 2388 990 2440; x_wconf 86' lang='lat' dir='ltr'><strong>conatu</strong></span> <span class='ocrx_word' id='word_1_198' title='bbox 1015 2377 1166 2440; x_wconf 86' lang='lat' dir='ltr'><strong>detrahere</strong></span> <span class='ocrx_word' id='word_1_199' title='bbox 1190 2390 1260 2457; x_wconf 90' lang='lat' dir='ltr'><strong>tum,</strong></span> 
     </span>
     <span class='ocr_line' id='line_1_22' title="bbox 117 2476 1262 2564; baseline -0.003 -17"><span class='ocrx_word' id='word_1_200' title='bbox 117 2507 183 2548; x_wconf 88' lang='lat' dir='ltr'><strong>enm</strong></span> <span class='ocrx_word' id='word_1_201' title='bbox 200 2483 316 2549; x_wconf 91' lang='lat' dir='ltr'><strong>llorenti</strong></span> <span class='ocrx_word' id='word_1_202' title='bbox 334 2480 427 2546; x_wconf 89' lang='lat' dir='ltr'><strong>adbuc</strong></span> <span class='ocrx_word' id='word_1_203' title='bbox 448 2491 544 2544; x_wconf 88' lang='lat' dir='ltr'><strong>aetate</strong></span> <span class='ocrx_word' id='word_1_204' title='bbox 560 2501 709 2560; x_wconf 85' lang='lat' dir='ltr'><strong>essemus,</strong></span> <span class='ocrx_word' id='word_1_205' title='bbox 734 2500 894 2564; x_wconf 79' lang='lat' dir='ltr'><strong>aggressae</strong></span> <span class='ocrx_word' id='word_1_206' title='bbox 911 2489 990 2542; x_wconf 91' lang='lat' dir='ltr'><strong>sunt.</strong></span> <span class='ocrx_word' id='word_1_207' title='bbox 1034 2476 1145 2543; x_wconf 89' lang='lat' dir='ltr'><strong>Verum</strong></span> <span class='ocrx_word' id='word_1_208' title='bbox 1168 2479 1194 2543; x_wconf 92' lang='lat' dir='ltr'><strong>is</strong></span> <span class='ocrx_word' id='word_1_209' title='bbox 1215 2481 1262 2562; x_wconf 92' lang='lat' dir='ltr'><strong>qui</strong></span> 
     </span>
     <span class='ocr_line' id='line_1_23' title="bbox 116 2581 1260 2667; baseline -0.005 -17"><span class='ocrx_word' id='word_1_210' title='bbox 116 2586 302 2650; x_wconf 83' lang='lat' dir='ltr'><strong>sanctissimo</strong></span> <span class='ocrx_word' id='word_1_211' title='bbox 315 2581 441 2667; x_wconf 84' lang='lat' dir='ltr'><strong>loseplro</strong></span> <span class='ocrx_word' id='word_1_212' title='bbox 455 2593 514 2646; x_wconf 90' lang='lat' dir='ltr'><strong>tum</strong></span> <span class='ocrx_word' id='word_1_213' title='bbox 529 2583 651 2661; x_wconf 85' lang='lat' dir='ltr'><strong>adstitit,</strong></span> <span class='ocrx_word' id='word_1_214' title='bbox 671 2583 755 2646; x_wconf 88' lang='lat' dir='ltr'><strong>uobis</strong></span> <span class='ocrx_word' id='word_1_215' title='bbox 771 2603 886 2666; x_wconf 91' lang='lat' dir='ltr'><strong>quoque</strong></span> <span class='ocrx_word' id='word_1_216' title='bbox 901 2582 1002 2659; x_wconf 92' lang='lat' dir='ltr'><strong>adluit,</strong></span> <span class='ocrx_word' id='word_1_217' title='bbox 1023 2592 1052 2644; x_wconf 88' lang='lat' dir='ltr'><strong>et</strong></span> <span class='ocrx_word' id='word_1_218' title='bbox 1066 2581 1142 2644; x_wconf 90' lang='lat' dir='ltr'><strong>hune</strong></span> <span class='ocrx_word' id='word_1_219' title='bbox 1155 2582 1260 2666; x_wconf 87' lang='lat' dir='ltr'><strong>ipsum,</strong></span> 
     </span>
     <span class='ocr_line' id='line_1_24' title="bbox 116 2683 1260 2771; baseline -0.003 -20"><span class='ocrx_word' id='word_1_220' title='bbox 116 2687 166 2771; x_wconf 90' lang='lat' dir='ltr'><strong>qui</strong></span> <span class='ocrx_word' id='word_1_221' title='bbox 183 2688 262 2751; x_wconf 91' lang='lat' dir='ltr'><strong>illum</strong></span> <span class='ocrx_word' id='word_1_222' title='bbox 282 2706 319 2748; x_wconf 89' lang='lat' dir='ltr'><strong>eo</strong></span> <span class='ocrx_word' id='word_1_223' title='bbox 333 2684 464 2771; x_wconf 91' lang='lat' dir='ltr'><strong>periculo</strong></span> <span class='ocrx_word' id='word_1_224' title='bbox 480 2683 617 2748; x_wconf 88' lang='lat' dir='ltr'><strong>liberavit</strong></span> <span class='ocrx_word' id='word_1_225' title='bbox 632 2685 832 2769; x_wconf 85' lang='lat' dir='ltr'><strong>implorantes,</strong></span> <span class='ocrx_word' id='word_1_226' title='bbox 857 2684 925 2747; x_wconf 88' lang='lat' dir='ltr'><strong>licet</strong></span> <span class='ocrx_word' id='word_1_227' title='bbox 941 2684 1048 2767; x_wconf 83' lang='lat' dir='ltr'><strong>indigni</strong></span> <span class='ocrx_word' id='word_1_228' title='bbox 1065 2705 1098 2746; x_wconf 88' lang='lat' dir='ltr'><strong>ac</strong></span> <span class='ocrx_word' id='word_1_229' title='bbox 1116 2695 1196 2747; x_wconf 90' lang='lat' dir='ltr'><strong>tanto</strong></span> <span class='ocrx_word' id='word_1_230' title='bbox 1212 2685 1260 2747; x_wconf 91' lang='lat' dir='ltr'><strong>be·</strong></span> 
     </span>
     <span class='ocr_line' id='line_1_25' title="bbox 117 2786 1261 2873; baseline -0.003 -21"><span class='ocrx_word' id='word_1_231' title='bbox 117 2790 223 2852; x_wconf 87' lang='lat' dir='ltr'><strong>nebcio</strong></span> <span class='ocrx_word' id='word_1_232' title='bbox 239 2788 366 2873; x_wconf 87' lang='lat' dir='ltr'><strong>impares</strong></span> <span class='ocrx_word' id='word_1_233' title='bbox 381 2807 532 2865; x_wconf 87' lang='lat' dir='ltr'><strong>essemus,</strong></span> <span class='ocrx_word' id='word_1_234' title='bbox 557 2786 685 2850; x_wconf 89' lang='lat' dir='ltr'><strong>eiusdem</strong></span> <span class='ocrx_word' id='word_1_235' title='bbox 701 2786 881 2870; x_wconf 86' lang='lat' dir='ltr'><strong>benignitate</strong></span> <span class='ocrx_word' id='word_1_236' title='bbox 897 2807 931 2849; x_wconf 88' lang='lat' dir='ltr'><strong>ae</strong></span> <span class='ocrx_word' id='word_1_237' title='bbox 949 2786 1148 2850; x_wconf 87' lang='lat' dir='ltr'><strong>misericordia</strong></span> <span class='ocrx_word' id='word_1_238' title='bbox 1166 2787 1261 2871; x_wconf 92' lang='lat' dir='ltr'><strong>perni-</strong></span> 
     </span>
     <span class='ocr_line' id='line_1_26' title="bbox 118 2889 1260 2973; baseline -0.001 -21"><span class='ocrx_word' id='word_1_239' title='bbox 118 2891 215 2953; x_wconf 81' lang='lat' dir='ltr'><strong>ciosas</strong></span> <span class='ocrx_word' id='word_1_240' title='bbox 237 2890 349 2952; x_wconf 87' lang='lat' dir='ltr'><strong>illamm</strong></span> <span class='ocrx_word' id='word_1_241' title='bbox 376 2911 478 2953; x_wconf 77' lang='lat' dir='ltr'><strong>manans</strong></span> <span class='ocrx_word' id='word_1_242' title='bbox 501 2889 675 2973; x_wconf 80' lang='lat' dir='ltr'><strong>effugimus,</strong></span> <span class='ocrx_word' id='word_1_243' title='bbox 700 2908 735 2951; x_wconf 89' lang='lat' dir='ltr'><strong>ae</strong></span> <span class='ocrx_word' id='word_1_244' title='bbox 756 2890 940 2951; x_wconf 89' lang='lat' dir='ltr'><strong>sanctissimo</strong></span> <span class='ocrx_word' id='word_1_245' title='bbox 963 2890 1017 2952; x_wconf 89' lang='lat' dir='ltr'><strong>deo</strong></span> <span class='ocrx_word' id='word_1_246' title='bbox 1040 2889 1260 2972; x_wconf 85' lang='lat' dir='ltr'><strong>gratulatorium</strong></span> 
     </span>
     <span class='ocr_line' id='line_1_27' title="bbox 118 2991 1412 3075; baseline -0.002 -22"><span class='ocrx_word' id='word_1_247' title='bbox 118 3010 237 3053; x_wconf 86' lang='lat' dir='ltr'><strong>carmen</strong></span> <span class='ocrx_word' id='word_1_248' title='bbox 260 2991 434 3069; x_wconf 87' lang='lat' dir='ltr'><strong>cecinimus,</strong></span> <span class='ocrx_word' id='word_1_249' title='bbox 459 3002 491 3054; x_wconf 92' lang='lat' dir='ltr'><strong>ut</strong></span> <span class='ocrx_word' id='word_1_250' title='bbox 506 2992 534 3053; x_wconf 93' lang='lat' dir='ltr'><strong>id</strong></span> <span class='ocrx_word' id='word_1_251' title='bbox 554 3011 694 3075; x_wconf 81' lang='lat' dir='ltr'><strong>usurpare</strong></span> <span class='ocrx_word' id='word_1_252' title='bbox 717 2992 822 3053; x_wconf 90' lang='lat' dir='ltr'><strong>merito</strong></span> <span class='ocrx_word' id='word_1_253' title='bbox 843 3010 1011 3074; x_wconf 78' lang='lat' dir='ltr'><strong>possemnss</strong></span> <span class='ocrx_word' id='word_1_254' title='bbox 1045 2994 1191 3053; x_wconf 81' lang='lat' dir='ltr'><strong>Cantemus</strong></span> <span class='ocrx_word' id='word_1_255' title='bbox 1211 2996 1261 3052; x_wconf 84' lang='lat' dir='ltr'><strong>ato·</strong></span> <span class='ocrx_word' id='word_1_256' title='bbox 1274 3008 1412 3059; x_wconf 58' lang='lat' dir='ltr'><strong>suanias.</strong></span> 
     </span>
     <span class='ocr_line' id='line_1_28' title="bbox 118 3095 1261 3173; baseline -0.003 -18"><span class='ocrx_word' id='word_1_257' title='bbox 118 3097 211 3168; x_wconf 66' lang='lat' dir='ltr'><strong>mrim</strong></span> <span class='ocrx_word' id='word_1_258' title='bbox 231 3095 356 3172; x_wconf 68' lang='lat' dir='ltr'><strong>glorr&#39;cre</strong></span> <span class='ocrx_word' id='word_1_259' title='bbox 374 3099 446 3154; x_wconf 81' lang='lat' dir='ltr'><strong>enim</strong></span> <span class='ocrx_word' id='word_1_260' title='bbox 463 3095 661 3173; x_wconf 69' lang='lat' dir='ltr'><strong>mognpiantns</strong></span> <span class='ocrx_word' id='word_1_261' title='bbox 677 3104 736 3154; x_wconf 82' lang='lat' dir='ltr'><strong>est.-</strong></span> <span class='ocrx_word' id='word_1_262' title='bbox 759 3115 858 3173; x_wconf 83' lang='lat' dir='ltr'><strong>equom</strong></span> <span class='ocrx_word' id='word_1_263' title='bbox 875 3105 906 3153; x_wconf 85' lang='lat' dir='ltr'><strong>et</strong></span> <span class='ocrx_word' id='word_1_264' title='bbox 918 3114 1090 3154; x_wconf 82' lang='lat' dir='ltr'><strong>ascensorem</strong></span> <span class='ocrx_word' id='word_1_265' title='bbox 1113 3097 1213 3154; x_wconf 82' lang='lat' dir='ltr'><strong>deiecit</strong></span> <span class='ocrx_word' id='word_1_266' title='bbox 1232 3097 1261 3153; x_wconf 83' lang='lat' dir='ltr'><strong>in</strong></span> 
     </span>
     <span class='ocr_line' id='line_1_29' title="bbox 118 3192 1263 3279; baseline -0.005 -21"><span class='ocrx_word' id='word_1_267' title='bbox 118 3217 205 3258; x_wconf 79' lang='lat' dir='ltr'><strong>mare.</strong></span> <span class='ocrx_word' id='word_1_268' title='bbox 251 3192 357 3279; x_wconf 82' lang='lat' dir='ltr'><strong>Neque</strong></span> <span class='ocrx_word' id='word_1_269' title='bbox 373 3195 450 3259; x_wconf 91' lang='lat' dir='ltr'><strong>enim</strong></span> <span class='ocrx_word' id='word_1_270' title='bbox 465 3195 600 3258; x_wconf 88' lang='lat' dir='ltr'><strong>similiter</strong></span> <span class='ocrx_word' id='word_1_271' title='bbox 615 3204 647 3256; x_wconf 89' lang='lat' dir='ltr'><strong>ut</strong></span> <span class='ocrx_word' id='word_1_272' title='bbox 664 3193 712 3257; x_wconf 90' lang='lat' dir='ltr'><strong>ille</strong></span> <span class='ocrx_word' id='word_1_273' title='bbox 731 3194 896 3278; x_wconf 85' lang='lat' dir='ltr'><strong>patriarcha</strong></span> <span class='ocrx_word' id='word_1_274' title='bbox 913 3195 942 3257; x_wconf 85' lang='lat' dir='ltr'><strong>ni</strong></span> <span class='ocrx_word' id='word_1_275' title='bbox 960 3195 1081 3278; x_wconf 85' lang='lat' dir='ltr'><strong>quadam</strong></span> <span class='ocrx_word' id='word_1_276' title='bbox 1098 3194 1214 3256; x_wconf 87' lang='lat' dir='ltr'><strong>virtutis</strong></span> <span class='ocrx_word' id='word_1_277' title='bbox 1230 3213 1263 3252; x_wconf 89' lang='lat' dir='ltr'><strong>ao</strong></span> 
     </span>
     <span class='ocr_line' id='line_1_30' title="bbox 118 3294 1262 3380; baseline -0.008 -18"><span class='ocrx_word' id='word_1_278' title='bbox 118 3296 247 3362; x_wconf 83' lang='lat' dir='ltr'><strong>iustitiae</strong></span> <span class='ocrx_word' id='word_1_279' title='bbox 265 3308 401 3376; x_wconf 75' lang='lat' dir='ltr'><strong>neonae,</strong></span> <span class='ocrx_word' id='word_1_280' title='bbox 424 3296 476 3359; x_wconf 90' lang='lat' dir='ltr'><strong>sed</strong></span> <span class='ocrx_word' id='word_1_281' title='bbox 496 3297 561 3359; x_wconf 88' lang='lat' dir='ltr'><strong>luso</strong></span> <span class='ocrx_word' id='word_1_282' title='bbox 581 3296 617 3359; x_wconf 87' lang='lat' dir='ltr'><strong>ad</strong></span> <span class='ocrx_word' id='word_1_283' title='bbox 639 3297 724 3359; x_wconf 92' lang='lat' dir='ltr'><strong>deum</strong></span> <span class='ocrx_word' id='word_1_284' title='bbox 748 3296 858 3380; x_wconf 73' lang='lat' dir='ltr'><strong>gemitu</strong></span> <span class='ocrx_word' id='word_1_285' title='bbox 876 3296 940 3360; x_wconf 90' lang='lat' dir='ltr'><strong>eius</strong></span> <span class='ocrx_word' id='word_1_286' title='bbox 957 3318 1057 3361; x_wconf 90' lang='lat' dir='ltr'><strong>sumus</strong></span> <span class='ocrx_word' id='word_1_287' title='bbox 1075 3294 1262 3358; x_wconf 86' lang='lat' dir='ltr'><strong>miseratione</strong></span> 
     </span>
     <span class='ocr_line' id='line_1_31' title="bbox 117 3394 1260 3483; baseline -0.008 -19"><span class='ocrx_word' id='word_1_288' title='bbox 117 3401 240 3464; x_wconf 70' lang='lat' dir='ltr'><strong>seran.</strong></span> <span class='ocrx_word' id='word_1_289' title='bbox 284 3394 361 3463; x_wconf 83' lang='lat' dir='ltr'><strong>Cum</strong></span> <span class='ocrx_word' id='word_1_290' title='bbox 387 3399 473 3462; x_wconf 77' lang='lat' dir='ltr'><strong>enam</strong></span> <span class='ocrx_word' id='word_1_291' title='bbox 496 3398 564 3461; x_wconf 91' lang='lat' dir='ltr'><strong>mibi</strong></span> <span class='ocrx_word' id='word_1_292' title='bbox 583 3408 688 3482; x_wconf 87' lang='lat' dir='ltr'><strong>pestes</strong></span> <span class='ocrx_word' id='word_1_293' title='bbox 705 3398 775 3461; x_wconf 84' lang='lat' dir='ltr'><strong>illae</strong></span> <span class='ocrx_word' id='word_1_294' title='bbox 792 3420 844 3483; x_wconf 90' lang='lat' dir='ltr'><strong>per</strong></span> <span class='ocrx_word' id='word_1_295' title='bbox 861 3399 1013 3462; x_wconf 89' lang='lat' dir='ltr'><strong>ludibrium</strong></span> <span class='ocrx_word' id='word_1_296' title='bbox 1036 3395 1260 3481; x_wconf 87' lang='lat' dir='ltr'><strong>exprobrarent,</strong></span> 
     </span>
     <span class='ocr_line' id='line_1_32' title="bbox 118 3499 1261 3584; baseline -0.004 -20"><span class='ocrx_word' id='word_1_297' title='bbox 118 3521 153 3564; x_wconf 87' lang='lat' dir='ltr'><strong>ae</strong></span> <span class='ocrx_word' id='word_1_298' title='bbox 166 3522 269 3565; x_wconf 74' lang='lat' dir='ltr'><strong>aceram</strong></span> <span class='ocrx_word' id='word_1_299' title='bbox 286 3501 411 3565; x_wconf 82' lang='lat' dir='ltr'><strong>invicem</strong></span> <span class='ocrx_word' id='word_1_300' title='bbox 427 3500 581 3565; x_wconf 89' lang='lat' dir='ltr'><strong>illudentes</strong></span> <span class='ocrx_word' id='word_1_301' title='bbox 598 3501 640 3562; x_wconf 50' lang='lat' dir='ltr'><strong>ita*</strong></span> <span class='ocrx_word' id='word_1_302' title='bbox 656 3500 863 3584; x_wconf 81' lang='lat' dir='ltr'><strong>loquerentur:</strong></span> <span class='ocrx_word' id='word_1_303' title='bbox 887 3499 974 3563; x_wconf 88' lang='lat' dir='ltr'><strong>llnnc</strong></span> <span class='ocrx_word' id='word_1_304' title='bbox 990 3501 1124 3561; x_wconf 87' lang='lat' dir='ltr'><strong>iuvenem</strong></span> <span class='ocrx_word' id='word_1_305' title='bbox 1143 3516 1261 3559; x_wconf 85' lang='lat' dir='ltr'><strong>servare</strong></span> 
     </span>
     <span class='ocr_line' id='line_1_33' title="bbox 119 3596 1262 3688; baseline -0.003 -23"><span class='ocrx_word' id='word_1_306' title='bbox 119 3624 177 3665; x_wconf 92' lang='lat' dir='ltr'><strong>non</strong></span> <span class='ocrx_word' id='word_1_307' title='bbox 194 3604 352 3688; x_wconf 86' lang='lat' dir='ltr'><strong>potuimus,</strong></span> <span class='ocrx_word' id='word_1_308' title='bbox 375 3604 427 3666; x_wconf 89' lang='lat' dir='ltr'><strong>sed</strong></span> <span class='ocrx_word' id='word_1_309' title='bbox 443 3604 473 3666; x_wconf 92' lang='lat' dir='ltr'><strong>in</strong></span> <span class='ocrx_word' id='word_1_310' title='bbox 489 3602 622 3666; x_wconf 88' lang='lat' dir='ltr'><strong>manibus</strong></span> <span class='ocrx_word' id='word_1_311' title='bbox 635 3598 780 3687; x_wconf 88' lang='lat' dir='ltr'><strong>Principis</strong></span> <span class='ocrx_word' id='word_1_312' title='bbox 795 3603 891 3687; x_wconf 91' lang='lat' dir='ltr'><strong>perire</strong></span> <span class='ocrx_word' id='word_1_313' title='bbox 911 3600 1044 3663; x_wconf 87' lang='lat' dir='ltr'><strong>sivimus.</strong></span> <span class='ocrx_word' id='word_1_314' title='bbox 1089 3596 1166 3661; x_wconf 86' lang='lat' dir='ltr'><strong>Nam</strong></span> <span class='ocrx_word' id='word_1_315' title='bbox 1189 3620 1262 3683; x_wconf 91' lang='lat' dir='ltr'><strong>quae</strong></span> 
     </span>
     <span class='ocr_line' id='line_1_34' title="bbox 116 3701 1262 3788; baseline -0.003 -20"><span class='ocrx_word' id='word_1_316' title='bbox 116 3707 211 3769; x_wconf 83' lang='lat' dir='ltr'><strong>dorma</strong></span> <span class='ocrx_word' id='word_1_317' title='bbox 224 3705 304 3769; x_wconf 89' lang='lat' dir='ltr'><strong>inter</strong></span> <span class='ocrx_word' id='word_1_318' title='bbox 319 3705 385 3768; x_wconf 84' lang='lat' dir='ltr'><strong>ibas</strong></span> <span class='ocrx_word' id='word_1_319' title='bbox 405 3705 570 3769; x_wconf 86' lang='lat' dir='ltr'><strong>liberaliore</strong></span> <span class='ocrx_word' id='word_1_320' title='bbox 589 3714 651 3782; x_wconf 86' lang='lat' dir='ltr'><strong>est,</strong></span> <span class='ocrx_word' id='word_1_321' title='bbox 675 3706 861 3788; x_wconf 88' lang='lat' dir='ltr'><strong>semctipsam</strong></span> <span class='ocrx_word' id='word_1_322' title='bbox 878 3703 960 3765; x_wconf 84' lang='lat' dir='ltr'><strong>velut</strong></span> <span class='ocrx_word' id='word_1_323' title='bbox 974 3720 1071 3762; x_wconf 88' lang='lat' dir='ltr'><strong>escam</strong></span> <span class='ocrx_word' id='word_1_324' title='bbox 1089 3711 1176 3783; x_wconf 89' lang='lat' dir='ltr'><strong>atque</strong></span> <span class='ocrx_word' id='word_1_325' title='bbox 1200 3701 1262 3765; x_wconf 91' lang='lat' dir='ltr'><strong>ille-</strong></span> 
     </span>
     <span class='ocr_line' id='line_1_35' title="bbox 119 3803 1262 3891; baseline -0.005 -21"><span class='ocrx_word' id='word_1_326' title='bbox 119 3806 236 3871; x_wconf 86' lang='lat' dir='ltr'><strong>cebram</strong></span> <span class='ocrx_word' id='word_1_327' title='bbox 255 3805 373 3886; x_wconf 89' lang='lat' dir='ltr'><strong>obiicit,</strong></span> <span class='ocrx_word' id='word_1_328' title='bbox 399 3818 430 3868; x_wconf 95' lang='lat' dir='ltr'><strong>ut</strong></span> <span class='ocrx_word' id='word_1_329' title='bbox 446 3829 519 3891; x_wconf 92' lang='lat' dir='ltr'><strong>quos</strong></span> <span class='ocrx_word' id='word_1_330' title='bbox 539 3809 567 3870; x_wconf 93' lang='lat' dir='ltr'><strong>in</strong></span> <span class='ocrx_word' id='word_1_331' title='bbox 584 3808 715 3870; x_wconf 89' lang='lat' dir='ltr'><strong>lraudem</strong></span> <span class='ocrx_word' id='word_1_332' title='bbox 735 3807 797 3889; x_wconf 90' lang='lat' dir='ltr'><strong>ipsa</strong></span> <span class='ocrx_word' id='word_1_333' title='bbox 817 3803 988 3889; x_wconf 84' lang='lat' dir='ltr'><strong>pellexerit,</strong></span> <span class='ocrx_word' id='word_1_334' title='bbox 1014 3822 1071 3864; x_wconf 92' lang='lat' dir='ltr'><strong>nnn</strong></span> <span class='ocrx_word' id='word_1_335' title='bbox 1093 3823 1144 3864; x_wconf 91' lang='lat' dir='ltr'><strong>eos</strong></span> <span class='ocrx_word' id='word_1_336' title='bbox 1167 3803 1262 3887; x_wconf 87' lang='lat' dir='ltr'><strong>proili-</strong></span> 
     </span>
     <span class='ocr_line' id='line_1_36' title="bbox 117 3903 1262 3994; baseline -0.005 -22"><span class='ocrx_word' id='word_1_337' title='bbox 117 3929 189 3993; x_wconf 84' lang='lat' dir='ltr'><strong>gare</strong></span> <span class='ocrx_word' id='word_1_338' title='bbox 213 3929 248 3972; x_wconf 85' lang='lat' dir='ltr'><strong>ao</strong></span> <span class='ocrx_word' id='word_1_339' title='bbox 270 3909 411 3994; x_wconf 92' lang='lat' dir='ltr'><strong>perdere,</strong></span> <span class='ocrx_word' id='word_1_340' title='bbox 434 3910 487 3971; x_wconf 91' lang='lat' dir='ltr'><strong>sed</strong></span> <span class='ocrx_word' id='word_1_341' title='bbox 505 3909 619 3994; x_wconf 89' lang='lat' dir='ltr'><strong>eripere</strong></span> <span class='ocrx_word' id='word_1_342' title='bbox 635 3909 759 3971; x_wconf 88' lang='lat' dir='ltr'><strong>dicatur.</strong></span> <span class='ocrx_word' id='word_1_343' title='bbox 805 3905 890 3970; x_wconf 92' lang='lat' dir='ltr'><strong>Unde</strong></span> <span class='ocrx_word' id='word_1_344' title='bbox 906 3914 937 3966; x_wconf 90' lang='lat' dir='ltr'><strong>et</strong></span> <span class='ocrx_word' id='word_1_345' title='bbox 952 3903 1126 3967; x_wconf 79' lang='lat' dir='ltr'><strong>deformibus</strong></span> <span class='ocrx_word' id='word_1_346' title='bbox 1145 3905 1262 3988; x_wconf 86' lang='lat' dir='ltr'><strong>elegan-</strong></span> 
     </span>
     <span class='ocr_line' id='line_1_37' title="bbox 119 4006 1260 4094; baseline -0.005 -20"><span class='ocrx_word' id='word_1_347' title='bbox 119 4011 211 4074; x_wconf 84' lang='lat' dir='ltr'><strong>tiores</strong></span> <span class='ocrx_word' id='word_1_348' title='bbox 226 4009 381 4074; x_wconf 90' lang='lat' dir='ltr'><strong>identidem</strong></span> <span class='ocrx_word' id='word_1_349' title='bbox 397 4010 576 4094; x_wconf 87' lang='lat' dir='ltr'><strong>exprobrare</strong></span> <span class='ocrx_word' id='word_1_350' title='bbox 589 4011 702 4074; x_wconf 85' lang='lat' dir='ltr'><strong>solent:</strong></span> <span class='ocrx_word' id='word_1_351' title='bbox 726 4007 793 4092; x_wconf 83' lang='lat' dir='ltr'><strong>Ego</strong></span> <span class='ocrx_word' id='word_1_352' title='bbox 807 4029 883 4085; x_wconf 92' lang='lat' dir='ltr'><strong>snm,</strong></span> <span class='ocrx_word' id='word_1_353' title='bbox 902 4006 1045 4089; x_wconf 90' lang='lat' dir='ltr'><strong>inquiunt,</strong></span> <span class='ocrx_word' id='word_1_354' title='bbox 1061 4028 1114 4070; x_wconf 87' lang='lat' dir='ltr'><strong>vas</strong></span> <span class='ocrx_word' id='word_1_355' title='bbox 1125 4009 1260 4084; x_wconf 85' lang='lat' dir='ltr'><strong>electum,</strong></span> 
     </span>
     <span class='ocr_line' id='line_1_38' title="bbox 119 4108 1263 4198; baseline -0.005 -22"><span class='ocrx_word' id='word_1_356' title='bbox 119 4133 194 4198; x_wconf 86' lang='lat' dir='ltr'><strong>quae</strong></span> <span class='ocrx_word' id='word_1_357' title='bbox 210 4132 312 4178; x_wconf 89' lang='lat' dir='ltr'><strong>errore</strong></span> <span class='ocrx_word' id='word_1_358' title='bbox 331 4112 547 4175; x_wconf 88' lang='lat' dir='ltr'><strong>circumventos</strong></span> <span class='ocrx_word' id='word_1_359' title='bbox 565 4111 722 4176; x_wconf 81' lang='lat' dir='ltr'><strong>extrahere</strong></span> <span class='ocrx_word' id='word_1_360' title='bbox 739 4131 874 4194; x_wconf 89' lang='lat' dir='ltr'><strong>possum,</strong></span> <span class='ocrx_word' id='word_1_361' title='bbox 899 4109 973 4192; x_wconf 91' lang='lat' dir='ltr'><strong>quud</strong></span> <span class='ocrx_word' id='word_1_362' title='bbox 995 4120 1024 4171; x_wconf 91' lang='lat' dir='ltr'><strong>tu</strong></span> <span class='ocrx_word' id='word_1_363' title='bbox 1044 4109 1139 4173; x_wconf 85' lang='lat' dir='ltr'><strong>iacere</strong></span> <span class='ocrx_word' id='word_1_364' title='bbox 1163 4108 1263 4191; x_wconf 91' lang='lat' dir='ltr'><strong>nequi-</strong></span> 
     </span>
     <span class='ocr_line' id='line_1_39' title="bbox 119 4209 1263 4297; baseline -0.006 -18"><span class='ocrx_word' id='word_1_365' title='bbox 119 4215 200 4279; x_wconf 81' lang='lat' dir='ltr'><strong>visti.</strong></span> <span class='ocrx_word' id='word_1_366' title='bbox 244 4212 286 4278; x_wconf 70' lang='grc' dir='ltr'><strong>Εἰ</strong></span> <span class='ocrx_word' id='word_1_367' title='bbox 301 4225 385 4277; x_wconf 74' lang='lat' dir='ltr'><strong>mant</strong></span> <span class='ocrx_word' id='word_1_368' title='bbox 400 4234 472 4277; x_wconf 86' lang='lat' dir='ltr'><strong>saue</strong></span> <span class='ocrx_word' id='word_1_369' title='bbox 487 4234 561 4297; x_wconf 90' lang='lat' dir='ltr'><strong>quae</strong></span> <span class='ocrx_word' id='word_1_370' title='bbox 578 4226 638 4277; x_wconf 93' lang='lat' dir='ltr'><strong>tum</strong></span> <span class='ocrx_word' id='word_1_371' title='bbox 655 4212 700 4274; x_wconf 89' lang='lat' dir='ltr'><strong>his</strong></span> <span class='ocrx_word' id='word_1_372' title='bbox 716 4211 870 4274; x_wconf 88' lang='lat' dir='ltr'><strong>verborum</strong></span> <span class='ocrx_word' id='word_1_373' title='bbox 887 4211 1087 4276; x_wconf 90' lang='lat' dir='ltr'><strong>blandimentis</strong></span> <span class='ocrx_word' id='word_1_374' title='bbox 1103 4233 1137 4274; x_wconf 87' lang='lat' dir='ltr'><strong>ac</strong></span> <span class='ocrx_word' id='word_1_375' title='bbox 1155 4209 1263 4273; x_wconf 85' lang='lat' dir='ltr'><strong>lenoci-</strong></span> 
     </span>
     <span class='ocr_line' id='line_1_40' title="bbox 121 4314 1263 4401; baseline -0.005 -21"><span class='ocrx_word' id='word_1_376' title='bbox 121 4317 177 4380; x_wconf 89' lang='lat' dir='ltr'><strong>uiis</strong></span> <span class='ocrx_word' id='word_1_377' title='bbox 191 4317 347 4381; x_wconf 89' lang='lat' dir='ltr'><strong>utebantur</strong></span> <span class='ocrx_word' id='word_1_378' title='bbox 362 4315 494 4401; x_wconf 89' lang='lat' dir='ltr'><strong>eorporis</strong></span> <span class='ocrx_word' id='word_1_379' title='bbox 514 4316 621 4399; x_wconf 88' lang='lat' dir='ltr'><strong>quoad</strong></span> <span class='ocrx_word' id='word_1_380' title='bbox 642 4314 817 4398; x_wconf 86' lang='lat' dir='ltr'><strong>peccandum</strong></span> <span class='ocrx_word' id='word_1_381' title='bbox 837 4314 1029 4378; x_wconf 86' lang='lat' dir='ltr'><strong>abutebantur</strong></span> <span class='ocrx_word' id='word_1_382' title='bbox 1044 4325 1167 4378; x_wconf 79' lang='lat' dir='ltr'><strong>vestusta</strong></span> <span class='ocrx_word' id='word_1_383' title='bbox 1185 4334 1263 4374; x_wconf 88' lang='lat' dir='ltr'><strong>enm·</strong></span> 
     </span>
     <span class='ocr_line' id='line_1_41' title="bbox 124 4415 1263 4504; baseline -0.004 -24"><span class='ocrx_word' id='word_1_384' title='bbox 124 4417 225 4502; x_wconf 86' lang='lat' dir='ltr'><strong>primis</strong></span> <span class='ocrx_word' id='word_1_385' title='bbox 242 4418 359 4504; x_wconf 88' lang='lat' dir='ltr'><strong>specie,</strong></span> <span class='ocrx_word' id='word_1_386' title='bbox 383 4419 435 4482; x_wconf 88' lang='lat' dir='ltr'><strong>sod</strong></span> <span class='ocrx_word' id='word_1_387' title='bbox 459 4417 556 4481; x_wconf 90' lang='lat' dir='ltr'><strong>animo</strong></span> <span class='ocrx_word' id='word_1_388' title='bbox 574 4437 659 4500; x_wconf 91' lang='lat' dir='ltr'><strong>quem</strong></span> <span class='ocrx_word' id='word_1_389' title='bbox 683 4417 911 4481; x_wconf 86' lang='lat' dir='ltr'><strong>consceleratum</strong></span> <span class='ocrx_word' id='word_1_390' title='bbox 934 4418 1075 4503; x_wconf 76' lang='lat' dir='ltr'><strong>gerebant</strong></span> <span class='ocrx_word' id='word_1_391' title='bbox 1097 4415 1173 4478; x_wconf 93' lang='lat' dir='ltr'><strong>omni</strong></span> <span class='ocrx_word' id='word_1_392' title='bbox 1195 4417 1263 4477; x_wconf 91' lang='lat' dir='ltr'><strong>dae-</strong></span> 
     </span>
     <span class='ocr_line' id='line_1_42' title="bbox 122 4515 1264 4607; baseline -0.003 -25"><span class='ocrx_word' id='word_1_393' title='bbox 122 4519 218 4584; x_wconf 91' lang='lat' dir='ltr'><strong>monis</strong></span> <span class='ocrx_word' id='word_1_394' title='bbox 239 4520 413 4607; x_wconf 83' lang='lat' dir='ltr'><strong>turpitudine</strong></span> <span class='ocrx_word' id='word_1_395' title='bbox 431 4521 620 4585; x_wconf 81' lang='lat' dir='ltr'><strong>deformatae.</strong></span> <span class='ocrx_word' id='word_1_396' title='bbox 665 4515 726 4584; x_wconf 88' lang='lat' dir='ltr'><strong>Sed</strong></span> <span class='ocrx_word' id='word_1_397' title='bbox 745 4519 913 4584; x_wconf 90' lang='lat' dir='ltr'><strong>misericors</strong></span> <span class='ocrx_word' id='word_1_398' title='bbox 930 4522 1000 4584; x_wconf 76' lang='lat' dir='ltr'><strong>deors</strong></span> <span class='ocrx_word' id='word_1_399' title='bbox 1021 4520 1055 4582; x_wconf 89' lang='lat' dir='ltr'><strong>ab</strong></span> <span class='ocrx_word' id='word_1_400' title='bbox 1078 4519 1188 4581; x_wconf 92' lang='lat' dir='ltr'><strong>illarum</strong></span> <span class='ocrx_word' id='word_1_401' title='bbox 1212 4518 1264 4580; x_wconf 92' lang='lat' dir='ltr'><strong>im-</strong></span> 
     </span>
    </p>
   </div>
   <div class='ocr_carea' id='block_1_3' title="bbox 0 0 1529 5084">
    <p class='ocr_par' dir='ltr' id='par_1_3' title="bbox 0 0 1529 5084">
     <span class='ocr_line' id='line_1_43' title="bbox 0 0 1529 5084; baseline 0 0"><span class='ocrx_word' id='word_1_402' title='bbox 0 0 1529 5084; x_wconf 95' lang='lat' dir='ltr'><strong> </strong></span> 
     </span>
    </p>
   </div>
  </div>
 </body>
</html>
