3046 5084
316 352 377 413 612
739 363 860 413 οιυατι
879 363 1047 413 οειειιιαιι

317 478 461 562 βαιάσεις.
510 476 568 544 Τάν
588 477 642 564 γάρ
664 476 757 545 αύτοῦ
774 481 885 563 πατέρα
901 488 1039 564 προνοεῖν
1054 486 1114 544 ταῖν
1131 482 1267 546 ἐνταῦθα
1284 477 1475 568 ω’μολύγησας

317 581 367 646 τάν
388 590 506 666 σωτῆρα
528 584 682 666 εἰρηκέναι.

401 683 487 767 Σχύλ.
504 686 550 747 λε’.
582 680 656 748 Ἀντί
673 693 740 763 τοῦ,
765 686 896 771 Δευτέρμ
912 681 933 767 ή
949 688 1030 773 τρίτη
1046 692 1181 775 φυλακή,
1204 682 1298 769 εἶχεν,
1325 682 1474 751 ΜἘσπε-

317 794 385 875 ρινή
406 794 532 874 φυλακή.

393 887 509 973 Ἕλεγχ.
524 887 569 952 λε’.
601 886 790 973 Ἐλήλεγκται
806 886 988 971 ύκτηνιύδης
1005 891 1207 973 μεταστρέψας
1223 888 1297 967 τούς
1311 895 1421 968 θείους
1431 892 1473 957 λά-

316 1018 386 1076 γους
408 989 539 1074 άνοήτως
559 990 635 1076 πρύς
655 990 707 1072 τήν
728 993 835 1055 έαυτοῡ
853 989 1008 1056 ύπόνοιαν.
1055 989 1100 1056 Ού
1116 990 1172 1077 γάρ
1189 989 1334 1077 ήμεριναὶ
1349 999 1474 1081 γίνονται

317 1096 462 1174 φυλακαὶ,
494 1091 563 1156 άλλά
580 1095 760 1177 νυκτεριναὶ,
791 1091 850 1157 α’πά
871 1095 995 1175 ἑσπέρας
1017 1096 1058 1169 είς
1072 1091 1126 1176 τήν
1143 1093 1268 1179 πρωτην
1293 1096 1475 1181 9έφυλακήν

316 1195 472 1280 προκοπήν
487 1202 538 1278 της
555 1195 735 1270 ἐπεκτάσεως
752 1198 886 1278 έχουσαι,
914 1198 966 1261 καὶ
983 1194 1038 1262 ούκ
1055 1194 1115 1261 άκὸ
1131 1204 1184 1278 τῆς
1201 1198 1241 1262 έω
1259 1200 1303 1275 είς
1322 1198 1381 1283 τήν
1398 1202 1474 1265 ἕσπέ-

315 1325 387 1383 ραν,
411 1297 451 1374 αίς
473 1291 560 1373 οὗτος
581 1295 726 1362 ἁλίσκεται
748 1296 975 1385 ῥᾳδιουργήσας.

400 1400 486 1483 Σχύλ.
503 1400 552 1475 λς’.
580 1399 666 1477 Ἥξει
686 1397 703 1463 ἆ
724 1399 826 1484 κύριος
848 1408 901 1466 τοῦ
924 1400 1033 1465 δούλου
1055 1403 1187 1481 ἐκείνου,
1216 1404 1271 1468 καί
1291 1402 1472 1489 διχοτομήσει

318 1500 424 1580 αύτύν,
449 1505 499 1567 καλ
521 1501 553 1568 τύ
577 1505 664 1586 μέρος
687 1500 778 1567 αύτοῦ
801 1502 871 1584 μετά
894 1511 953 1567 τῶν
975 1501 1105 1569 άπίστων
1126 1503 1222 1586 θήσει.

390 1604 507 1691 Ἕλεγγ.
523 1606 572 1680 λς’.
609 1611 659 1680 Τίς
680 1601 698 1669 α’
721 1610 885 1687 διχοτομῶν
906 1604 958 1671 τάν
980 1610 1102 1685 δοῦλονς
1131 1608 1202 1691 λέγε.
1249 1610 1295 1673 El
1315 1607 1411 1693 μίνὸ
1426 1614 1473 1693 δη-

315 1707 456 1794 μιουργός
476 1710 527 1773 καί
548 1706 650 1793 κριτής
672 1708 753 1793 παρά
775 1729 828 1773 σου
847 1706 1000 1793 λεγόμενος
1021 1708 1093 1784 θεός
1114 1712 1193 1775 ἐστιν
1214 1705 1233 1774 ε’
1252 1718 1349 1779 τοῦτο
1368 1714 1473 1797 μέλλων

270 1808 273 1814 ’
315 1809 469 1895 πράσσειν,
501 1808 558 1897 άρα
580 1808 672 1875 αύτοῦ
694 1813 765 1875 εἰσιν
787 1814 818 1875 οί
836 1815 941 1877 πιστοί.
984 1809 1149 1895 Ἐπιτιμοῖν
1169 1810 1227 1897 γάρ
1249 1820 1294 1902 τῷ
1317 1814 1364 1899 μή
1383 1822 1473 1891 καλᾶς

314 1911 471 1996 πράττοντι
494 1913 590 2002 δούλῳ
612 1912 645 1978 τά
669 1914 758 1998 μέρος
779 1911 871 1979 αύτοῦ
896 1914 1013 1996 έῦμετά
1030 1922 1089 1979 τῶν
1107 1911 1240 1979 άπίστων
1258 1920 1394 2001 τίθησιν.
1437 1920 1474 1983 Εί

315 2017 347 2080 ὁὲ
369 2013 386 2080 ὁ
404 2016 500 2100 πατήρ
522 2024 576 2081 τοῦ
596 2023 726 2101 Χριστοῦ
745 2019 836 2093 ἔστιν,
866 2014 991 2097 ήαύτύς
1012 2014 1030 2081 ά
1050 2014 1190 2102 Χριστάς,
1220 2014 1238 2082 ὁ
1256 2020 1376 2101 μέλλων
1392 2028 1470 2087 τοῦτο

314 2121 461 2197 ἐπιτελεῖν,
478 2126 582 2199 σαφῶς
596 2117 649 2201 τήν
662 2122 824 2203 μαρτυρίαν
837 2116 918 2204 παρά
932 2126 1030 2208 σαυτῷ
1043 2117 1199 2201 φυλάττεις
1210 2120 1290 2187 κατά
1302 2130 1362 2189 σοῦ
1376 2116 1469 2189 οὖσαν.

313 2219 480 2306 Ὀμολογών
492 2220 546 2307 γάρ
561 2220 582 2303 ή
599 2220 727 2306 Χριστόν
743 2219 827 2303 ήτὸν
841 2218 934 2286 αὑτοῦ
950 2223 1061 2306 πατέρα
1075 2229 1163 2288 τοῦτο
1179 2220 1324 2308 πράττειν
1337 2226 1469 2307 μέλλοντα

313 2322 525 2408 άναμφιβόλοις
546 2321 736 2409 ω’μολύγησας
758 2322 809 2388 τάν
831 2320 922 2388 αύτύν
943 2322 1062 2410 κριτήν,
1093 2327 1143 2389 καί
1165 2322 1217 2391 τάν
1239 2324 1338 2393 αύτύν
1360 2326 1468 2417 είγυθάε

314 2429 364 2491 καὶ
386 2429 437 2491 ένα
458 2425 545 2506 ύντα,
567 2434 625 2491 τῶν
648 2420 705 2491 ὦδε
726 2428 778 2491 καὶ
797 2433 856 2491 τῶν
878 2428 941 2492 ἐκεῖ
959 2426 1190 2512 προνοούμενον.

399 2528 486 2612 Σγάλ.
504 2528 551 2607 λζ’.
583 2529 641 2612 Μή
657 2555 728 2595 ποτε
747 2527 943 2618 97κατασύρη
957 2551 989 2594 σε
1004 2528 1081 2615 πρύς
1095 2528 1148 2596 τάν
1163 2530 1288 2615 κριτήν,
1311 2534 1369 2599 ιιαλ
1381 2530 1401 2601 ε’
1413 2560 1465 2621 αρε

313 2629 365 2713 τής
387 2631 557 2717 παραδώσει
577 2653 608 2696 σε
630 2640 670 2720 τῷ
691 2631 844 2717 πράκτορι.

192 2758 242 2801 εει·
257 2745 299 2791 θί-
389 2731 501 2819 ’Ἐλεγμ
520 2732 567 2812 λζ’.
599 2733 712 2817 Κριτήν
733 2736 805 2819 λέγει
824 2732 875 2798 τάν
895 2733 1092 2821 δημιουργόν,
1122 2733 1280 2821 πράκτορα
1300 2738 1335 2803 δέ
1353 2740 1466 2805 ἴαυσεν

312 2840 371 2900 τῶν
387 2832 480 2900 αὐτοῦ
496 2836 639 2923 οίγγέλων,
670 2839 824 2918 μέλλοντας
843 2835 978 2902 άπαιτεῖν
995 2834 1066 2914 τούς
1082 2833 1278 2921 ἁμαρτωλούς
1293 2840 1331 2908 τά
1345 2868 1465 2929 πεπραγ-

313 2940 395 3021 μένα.
442 2947 522 3005 Ποῖα
538 2941 570 3005 δέ
588 2938 645 3003 ἄλλ’
661 2938 731 3021 ήτά
746 2939 902 3021 σφάλματα
919 2941 970 3004 καὶ
986 2936 1195 3027 άμαρτήματυ,
1217 2940 1306 3009 &nd
1324 2940 1344 3011 α’
1360 2942 1467 3029 Ἰησοῦς

312 3040 508 3125 βδελύσσεται,
531 3042 551 3106 ά
565 3046 615 3107 καί
630 3040 666 3106 σά
680 3040 875 3128 α’παγορεύειν
890 3045 993 3128 λέγειςς
1027 3045 1070 3107 Et
1082 3046 1183 3109 τοίνυν
1199 3044 1219 3109 λλ
1233 3042 1252 3111 ὅ
1266 3044 1389 3133 άγαθύς
1401 3047 1467 3123 θεάς

312 3144 513 3227 βδελύσσεται,
537 3147 585 3210 καί
607 3142 740 3229 ύκριτής
755 3148 802 3210 καί
820 3143 838 3210 ὅ
854 3143 1035 3230 δημιουργάς
1052 3144 1088 3210 τά
1106 3144 1182 3213 αύτά
1199 3147 1409 3232 βδελύσσετυε,
1429 3146 1466 3227 είς

313 3250 373 3314 έστι
397 3251 449 3313 καὶ
471 3246 489 3314 ο’
510 3246 599 3324 αύτάς
621 3245 680 3313 άπύ
702 3256 756 3312 τοῦ
778 3251 865 3333 έργου
884 3247 1073 3331 δεικνύμενος
1093 3249 1144 3315 καί
1166 3256 1220 3333 τῆς
1240 3258 1315 3335 μιᾶς
1328 3250 1465 3329 εύβοιίις.

397 3351 484 3435 Σχόλ.
501 3350 553 3433 λη’.
581 3344 635 3415 Ἠν
655 3352 917 3433 παρακεκομμένον
933 3348 992 3415 άπύ
1012 3358 1081 3429 τοῦ,
1106 3343 1224 3419 Ἠλθύυ
1239 3380 1321 3433 τινες
1337 3352 1466 3445 hunss·

311 3463 409 3532 λοντες
428 3452 508 3543 αύτῷ
526 3456 669 3540 περὶτῶν
688 3458 863 3532 Γαλιλαίων,
895 3445 937 3518 οἷν
954 3451 987 3519 τύ
1006 3450 1080 3537 αίμα
1095 3456 1231 3537 συνέμιξε
1249 3464 1386 3537 Πιλᾶτος
1400 3456 1464 3543 μενά

312 3567 371 3623 τῶν
386 3563 502 3623 θυσιῶν
521 3555 634 3635 αὐτῶν,
665 3560 720 3633 ἕως
737 3556 816 3622 ὅπου
832 3557 908 3641 λέγει
929 3561 999 3641 περὶ
1020 3563 1079 3621 τῶν
1099 3558 1131 3623 έν
1149 3564 1190 3647 τῷ
1206 3558 1336 3645 Σιλωάμ
1355 3562 1466 3629 ”lb

254 3730 256 3735 ,
311 3664 363 3725 καὶ
378 3659 454 3727 ύκτοί
471 3659 688 3726 άποθανύντων
702 3664 787 3747 ἐντῷ
802 3658 914 3745 πύργῳ.
960 3662 1021 3724 Καὶ
1037 3658 1098 3738 ὅτι,
1120 3657 1191 3726 Ἐάν
1204 3660 1247 3745 μή
1261 3664 1465 3751 μετανοήσητε,

312 3767 364 3829 καί
379 3766 434 3839 ἕως
450 3772 503 3847 τῆς
517 3768 688 3849 παραβολῆς
703 3770 754 3845 τῆς
770 3768 876 3843 συκῆς,
899 3764 966 3847 περί
981 3754 1018 3844 ής
1033 3758 1144 3829 είπενύ
1160 3762 1293 3850 γεωργύς
1308 3766 1372 3847 ίίττ,
1393 3766 1466 3835 Σιέ·

312 3892 395 3945 πτω,
418 3870 468 3930 καί
492 3866 587 3949 βάλλω
609 3866 735 3951 κόπρια,
756 3867 807 3931 καὶ
830 3862 882 3930 ε’άν
903 3863 944 3947 μή
969 3863 1144 3949 99ποιήσει,
1166 3868 1312 3949 ἔκκοψον.

387 3967 498 4053 Ἔλεγχ.
518 3968 568 4051 λη’.
606 3968 725 4034 Τούτων
738 3967 858 4032 πάντων
872 3966 1033 4050 ἐποιήσατο
1051 3966 1106 4051 τήν
1121 3965 1282 4055 άφαίρεσιν
1300 3968 1320 4039 ά
1336 3970 1467 4059 winda

310 4070 432 4157 κρύψας
447 4070 499 4152 ἀφ’
516 4074 622 4137 ἑαυτοῦ
639 4069 693 4154 τήν
711 4069 870 4154 άλήθειαν,
893 4068 944 4135 διά
959 4069 992 4136 τά
1009 4068 1061 4137 τάν
1076 4069 1184 4157 κύριον
1201 4078 1468 4161 συμπεφωυηιένι

311 4180 351 4260 τῷ
374 4183 469 4250 καλῶς
488 4176 640 4239 θικάσαντι
660 4171 730 4250 τούς
748 4172 902 4249 τοιούτους
921 4172 1055 4263 Πιλάτφ,
1087 4176 1138 4239 καί
1154 4174 1202 4241 ὅτι
1219 4184 1321 4255 καλῶς
1335 4182 1370 4247 σέ
1384 4182 1467 4271 ένῆ

312 4276 434 4360 Σιλωάμ
450 4275 604 4342 α’πέθανον
621 4274 788 4363 άμαρτωλολ
806 4274 902 4355 ὄντες,
932 4279 984 4343 καλ
1000 4275 1061 4343 ύπά
1079 4280 1156 4343 θεοῦ
1172 4276 1270 4355 οὕτως
1284 4284 1468 4371 momb-

312 4404 365 4454 τες.
400 4378 493 4444 Ὅταν
515 4381 546 4446 δέ
568 4379 806 4469 ρ’γιδιουργήσωσί
827 4404 903 4456 τινες
923 4380 1059 4463 βασιλικά
1076 4379 1301 4468 προςτάγμυτα,
1333 4384 1398 4455 dud
1414 4392 1469 4455 ᾖ

344 4530 386 4635 βλ
404 4534 534 4603 ἐσπεραιήυ
551 4533 667 4621 φυλακήν
683 4552 757 4620 aspra
773 4545 848 4621 ετίαε.Ι
935 4536 1069 4621 96..1’τιλι·ο
1090 4534 1157 4605 μετά
1177 4538 1229 4593 τᾶν
1249 4534 1370 4599 ἐπέστενε
1388 4546 1469 4597 du

346 4602 386 4655 λα.
402 4604 538 4673 προκοπήν,
551 4608 668 4675 φυλακην
676 4624 725 4673 της
735 4609 787 4659 τοο.
794 4610 868 4661 Vulso.
901 4610 932 4658 σὺ
948 4608 1004 4659 edu.
1014 4622 1091 4671 μακε.
1125 4608 1217 4661 ΔΜ
1236 4622 1268 4663 m
1282 4624 1317 4663 ευ
1330 4614 1386 4667 τοι
1398 4614 1468 4667 m
