3046 5084
438 317 574 369 amanti
587 319 654 370 nm.
665 322 685 372 ι.
701 321 783 372 roan
793 322 827 373 ιι.
842 320 942 373 acan.
955 323 1037 372 xxv.
1248 309 1306 373 tet

165 434 303 501 ticnlatim
324 456 463 521 agemus,
495 434 628 500 subtilius
649 437 846 517 disseremus,
876 461 936 502 non
958 450 990 501 nt
1008 439 1183 504 audientium
1204 439 1306 524 legen·

163 537 272 603 tiumve
293 559 399 602 sensus
419 537 620 620 inquinemus,
652 538 704 601 sed
725 548 758 600 nt
781 538 1013 622 prudentioribus
1034 538 1233 605 vehementius
1255 544 1305 605 cd·

162 659 266 703 versus
288 640 353 703 illos
375 639 472 702 odium
495 637 744 720 pessimorumque
767 637 924 699 facinorum
943 639 1161 702 detestationem
1184 642 1304 705 iniicere

163 741 320 824 possimus.
364 736 472 820 Neque
491 757 564 800 vcro
586 736 727 799 scelestos
748 735 814 799 illos
834 736 1010 800 calumniose
1030 739 1222 819 traducimus,
1254 746 1306 806 sed

163 863 238 925 quae
259 841 297 903 ab
319 838 391 923 ipsis
408 847 567 921 geruntur,
598 856 634 900 ea
652 837 693 899 uti
710 857 743 900 se
758 858 807 900 res
825 837 911 900 babet
927 837 1019 918 palam
1036 838 1169 902 omnibus
1185 843 1306 924 exponi-

162 964 238 1006 mus.
286 937 364 1004 Sunt
381 949 412 1001 et
429 959 468 1001 ex
486 938 543 1002 itis
559 939 647 1022 aliqui
664 939 712 1023 qni
730 937 897 1003 loldabaotb
916 940 1071 1023 praecipue
1088 940 1202 1019 colunt,
1226 962 1306 1005 eum·

162 1063 218 1127 qne
237 1039 413 1104 Barbelonis
432 1039 556 1124 priorem
575 1050 644 1103 natu
661 1040 750 1104 filium
767 1061 833 1103 esse
849 1040 1034 1125 praedicant,
1057 1042 1179 1126 ideoque
1197 1042 1306 1106 baben·

163 1145 217 1206 dus
239 1142 267 1204 ei
290 1141 383 1203 bonor
402 1151 462 1218 est,
490 1140 639 1224 inquiunt,
668 1142 742 1225 qnod
762 1142 911 1204 recondita
930 1142 1017 1204 multa
1036 1145 1183 1227 patefecit.
1228 1142 1304 1212 Hine

163 1242 304 1326 estquod
322 1251 418 1305 certos
435 1241 523 1305 libros
545 1239 711 1305 laldabeotb
728 1242 845 1305 nomine
864 1243 1020 1327 inscriptos
1038 1266 1073 1306 ac
1090 1246 1303 1309 commentitios

161 1344 285 1421 habent,
316 1364 370 1406 nec
387 1365 444 1406 non
460 1343 599 1407 barbaras
616 1341 802 1428 Principum,
834 1353 866 1406 nt
885 1356 1035 1423 asserunt,
1068 1366 1102 1408 sc
1121 1342 1303 1409 Potestatnm

162 1465 214 1530 per
229 1445 449 1529 unumquodque
463 1445 576 1508 coelum
592 1446 800 1531 appellationes
815 1445 1000 1522 innumeras,
1029 1446 1076 1530 qui
1095 1467 1195 1510 omncs
1210 1447 1303 1510 bomi-

162 1568 229 1610 nom
245 1547 347 1610 animis
362 1556 429 1610 sunt
444 1545 594 1609 contrarii.
638 1544 720 1611 Sane
735 1547 839 1630 ingens
854 1548 976 1610 humano
991 1547 1093 1629 generi
1107 1548 1187 1611 bans
1204 1559 1302 1612 estex

160 1647 319 1712 istiusmodi
345 1647 490 1710 bominum
516 1667 618 1710 errore
644 1660 822 1733 comparata.
873 1648 934 1712 Atii
959 1645 1163 1712 Caulaueaurlr
1188 1650 1300 1714 cuidam

159 1751 279 1812 eandem
301 1749 519 1813 venerationem
542 1748 694 1828 deferunt,
729 1771 785 1832 qno
808 1750 923 1813 nomine
949 1771 1035 1813 unum
1055 1770 1096 1813 ex
1118 1747 1300 1834 Principibus

157 1850 311 1935 appellant.
357 1848 471 1932 Quibus
488 1870 592 1913 vocum
610 1849 756 1912 terriculis
773 1850 1033 1934 commentitiisquc
1051 1871 1087 1912 ac
1103 1850 1233 1914 barbaris
1249 1874 1299 1936 ap-

156 1952 358 2036 pellationibus
376 1949 518 2035 imperitis
535 1950 698 2012 bominibus
715 1950 862 2034 imponere
879 1961 1032 2015 conantur.
1079 1949 1138 2014 Sed
1155 1952 1298 2034 peritiori-

155 2054 227 2131 bus,
260 2064 290 2116 et
308 2054 345 2115 iis
364 2053 411 2136 qui
431 2052 637 2134 cuiuscumque
656 2050 781 2113 nominis
804 2070 837 2112 ac
855 2055 1018 2134 propositae
1038 2051 1080 2114 rei
1097 2051 1227 2116 notitiam
1245 2075 1298 2137 per

155 2155 281 2218 divium
298 2155 440 2238 quandam
455 2152 607 2216 scientiam
623 2152 751 2215 eiusdem
767 2161 834 2214 sunt
848 2152 893 2214 dei
911 2150 1052 2213 beneficio
1068 2150 1214 2215 consecuti
1232 2153 1298 2237 quid

155 2256 268 2319 lucilius
287 2277 371 2338 quam
391 2254 447 2318 ista
467 2255 663 2317 fabulosorum
681 2253 716 2316 ab
734 2251 792 2316 illis
811 2274 943 2316 errorum
958 2253 1081 2317 cooliota
1099 2255 1233 2336 dogmata
1250 2274 1297 2318 re·

154 2357 279 2420 lellerel
785 2338 788 2347 ⁴

238 2455 314 2522 Com
332 2457 408 2521 enim
425 2453 582 2520 Prnnicnm
603 2456 770 2537 nominant,
802 2457 872 2520 nihil
891 2478 925 2519 ea
942 2478 1002 2521 vox
1018 2457 1094 2520 aliud
1113 2477 1195 2539 quam
1214 2457 1296 2520 voln-
1315 2467 1373 2536 cap.
1385 2472 1427 2521 tv.

155 2570 264 2644 ptatum
282 2559 464 2642 excogitatas
483 2559 635 2623 illecebras
658 2559 774 2623 indicat.
819 2558 896 2622 Nam
917 2559 1049 2643 quicquid
1069 2554 1295 2639 προυνικευόμε-

155 2685 208 2723 νον
225 2662 346 2740 dicitur,
377 2661 406 2724 id
425 2681 571 2723 venereae
589 2661 715 2725 libidinis
732 2661 972 2746 significationem
991 2672 1020 2723 et
1037 2669 1175 2722 tentatam
1191 2659 1227 2722 ab
1243 2660 1295 2722 nli-

155 2784 211 2846 qno
232 2763 424 2846 corruptelam
450 2762 640 2825 demonstrat.
684 2760 762 2824 Nam
786 2764 819 2825 ad
840 2784 939 2825 eornm
965 2763 1094 2840 lacinus,
1127 2761 1174 2845 qui
1192 2761 1294 2845 puellis

155 2874 284 2947 stuprum
306 2865 446 2942 oderunt,
477 2861 658 2927 Graecorum
681 2864 786 2926 usitata
808 2886 868 2926 vox
891 2874 936 2926 est
953 2864 1157 2945 inconvictum
1174 2863 1293 2943 ταύτην,

154 2964 211 3027 boc
227 2975 273 3027 est
289 2974 416 3048 stuprum
434 2965 500 3027 hnic
519 2965 633 3027 obtulit.
677 2963 761 3028 Unde
780 2967 865 3027 etiam
884 2967 1055 3050 impostores
1074 2967 1113 3029 illi
1130 2965 1176 3048 qui
1195 2965 1229 3027 de
1247 2987 1294 3028 re·

153 3066 208 3129 bus
229 3063 372 3129 Graeciae
389 3066 584 3151 scripserunt,
613 3087 677 3128 cnm
696 3067 730 3128 de
751 3067 959 3151 pulchritudine
977 3068 1150 3130 mentionem
1172 3067 1290 3142 laniunt,

152 3164 256 3241 κάλλος
271 3161 431 3250 προύνικον
447 3169 603 3253 appellant.
650 3164 737 3249 Quod
751 3190 822 3231 vero
837 3169 871 3230 ad
888 3190 989 3231 vocem
1007 3165 1209 3232 Caulancancb
1228 3167 1294 3228 atti·

152 3281 220 3349 net,
251 3270 316 3355 quis
333 3291 434 3334 eornm
454 3270 502 3354 qui
521 3269 646 3333 nominis
665 3269 749 3332 buius
766 3280 935 3354 potestatem
952 3271 1068 3334 noverit
1083 3270 1172 3333 risum
1192 3279 1293 3331 tenere

151 3371 261 3456 possit,
285 3392 350 3435 cnm
369 3372 442 3435 istos
458 3371 556 3435 videat
572 3370 712 3435 vocabula
728 3372 867 3454 quaedam
887 3370 1031 3434 Hebraico
1048 3371 1122 3433 bene
1140 3378 1292 3453 concepta,

152 3494 207 3537 nec
229 3474 323 3537 minus
347 3472 498 3536 commode
520 3469 636 3536 Graece
658 3472 788 3550 reddita,
821 3472 856 3535 ab
877 3473 969 3556 iisqne
992 3471 1039 3556 qui
1059 3469 1174 3532 Graece
1195 3470 1295 3554 legunt
1392 3454 1396 3465 ¹

49 3584 54 3595 ¹
152 3574 235 3658 plane
251 3575 414 3653 intellecta,
438 3595 503 3638 oum
523 3573 636 3638 difficile
654 3574 725 3638 nibil
744 3574 883 3652 babeant,
908 3575 978 3636 baec
998 3572 1063 3634 illos
1082 3581 1178 3634 tamen
1197 3572 1294 3657 expri-

151 3677 262 3739 mendis
286 3678 347 3741 suis
368 3676 453 3741 idolis
471 3677 708 3755 accommodare,
739 3675 794 3739 hoc
813 3688 858 3740 est
876 3674 1010 3738 inanibus
1029 3671 1128 3735 formis
1150 3693 1183 3737 ac
1199 3674 1294 3738 subsi-

150 3778 295 3842 stentibus
313 3776 461 3860 principiis
477 3788 523 3856 et,
553 3789 586 3842 nt
602 3777 643 3842 ita
662 3778 772 3855 dicam,
803 3777 1020 3840 simulacrorum
1039 3774 1198 3856 figmentis,
1227 3777 1293 3841 dnm

150 3899 227 3943 vona
242 3877 293 3941 illa
304 3878 451 3941 nominum
465 3879 620 3944 ambitione
634 3880 783 3943 radiorum
797 3876 940 3940 mentibus
955 3896 1085 3939 errorem
1098 3897 1180 3941 snum
1194 3898 1294 3964 asper·

149 3989 239 4065 gunt,
269 4000 327 4062 qno
348 3989 459 4063 turpem
482 3979 560 4044 illam
584 4001 620 4045 ao
643 3981 802 4044 fabulosam
830 3989 921 4041 artem
944 3977 1030 4041 latins
1052 3977 1217 4064 dissipent
1239 3977 1294 4043 Et·

150 4086 227 4146 enirn
242 4102 305 4146 vox
319 4079 369 4143 illa
387 4076 589 4145 Caulaucancb
609 4084 683 4167 apud
700 4079 821 4145 Esaiam
836 4077 942 4163 scripta
959 4079 1064 4163 legitor
1077 4081 1107 4143 in
1124 4081 1295 4145 duodecima

150 4184 282 4263 visione,
306 4204 371 4246 cum
386 4182 428 4245 ita
442 4182 585 4265 loquitur:
612 4186 828 4246 tribulationem
843 4203 927 4261 sopor
942 4184 1130 4258 citnaram,
1154 4205 1229 4263 spem
1246 4207 1295 4245 cu·
1307 4202 1444 4259 annuero.

185 4367 210 4421 3.
226 4375 278 4431 τοῖς
294 4372 345 4422 cod
361 4372 435 4421 Vottc.
448 4374 470 4418 et
483 4370 622 4430 ectprtnc.
651 4363 708 4419 τού·
744 4369 780 4430 cf.
795 4371 865 4418 etiem
878 4371 968 4419 Nicetes
983 4372 1105 4421 moniales
1121 4373 1185 4421 tlces.
1201 4373 1296 4424 Orttod.

155 4451 206 4497 τοις
221 4440 271 4491 oud.
286 4441 383 4503 ltbede’p.
399 4443 421 4488 et
435 4439 472 4488 cd.
486 4439 562 4499 princ.
746 4437 798 4486 atu.
812 4438 852 4497 ll',
868 4435 907 4500 2,
923 4441 963 4500 put
978 4441 1059 4488 eodem
1075 4440 1156 4489 tradit.

187 4499 213 4555 4·
225 4506 402 4572 προνιιιιιΰσαι
414 4499 509 4570 ταύτην
523 4505 574 4556 cod
589 4506 660 4556 totta
679 4532 712 4544 -
778 4506 803 4555 b.
821 4506 914 4567 Repcco
930 4499 1133 4564 ιῖιιιιιοστατυιὰς.

1028 4589 1096 4653 11*
