3046 5084
348 342 486 395 Pdellll
502 342 580 395 ΔΜ.
596 342 767 395 ΗΔΕΗΜΒ
783 342 845 395 Llll.
860 344 879 393 l.
897 342 977 394 TOM.
991 343 1011 392 l.
1212 330 1252 391 37

103 482 141 526 eo
157 460 223 525 loeo
240 459 394 527 consilinm
410 459 599 541 habuissent,
622 462 660 529 de
678 461 752 526 turri
766 459 898 545 urbeque
915 459 975 525 illic
992 460 1157 525 extruendo
1173 459 1252 523 inter

103 581 137 628 se
154 572 296 627 statuunt.
331 559 389 647 Qui
404 581 507 626 omnes
522 562 598 645 quod
612 562 650 627 ub
665 560 804 646 llnropsc
820 560 982 647 propinquo
997 570 1091 625 tructn
1107 560 1138 624 iu
1156 561 1249 626 Asine

102 663 244 728 interiore
258 674 476 749 penetrassent,
498 662 664 746 insequenti
679 672 810 746 tempore
825 659 1002 746 Sepsnurnm
1019 683 1182 745 cognomen
1197 664 1248 727 od·

102 766 161 850 epti
186 775 266 829 suut.
310 762 392 848 Ergo
415 762 459 825 illi
481 762 584 826 turrim
605 774 634 827 et
652 760 833 849 Babylonem
856 762 1020 826 aedificant.
1066 759 1125 826 Sed
1149 763 1246 827 divino

102 866 213 930 nomini
231 867 268 930 de
282 864 387 929 iussus
400 862 449 926 illu
463 863 614 927 molitione
631 863 788 948 displicuit.
827 860 955 947 ideoque
971 862 1117 948 dissipatis
1130 865 1245 928 illorum

100 966 208 1053 linguis
227 964 412 1052 septuaginta
429 966 501 1028 dnus
516 983 556 1027 ex
574 985 632 1028 nus
650 965 737 1045 iecit,
760 985 813 1051 pro
828 964 977 1029 hominnm
993 985 1116 1028 numero
1134 965 1182 1050 qui
1196 966 1246 1030 illo

102 1079 234 1154 tempore
247 1075 382 1151 repertus
397 1076 454 1129 est.
487 1062 572 1131 Unde
585 1076 616 1130 et
628 1064 770 1153 Meropes
783 1087 801 1129 n
816 1066 898 1130 vocis
915 1066 1060 1130 divisione
1076 1067 1244 1153 nnncnputi.

102 1168 211 1234 Turris
226 1169 291 1253 ipsu
307 1167 430 1251 denique
447 1177 601 1231 ventorum
619 1168 728 1254 impetn
743 1168 874 1231 disiecto.
920 1164 1088 1233 Secundum
1110 1168 1182 1232 lroec
1204 1168 1245 1233 illi

101 1290 155 1354 per
177 1269 346 1331 universnm
371 1267 471 1333 orbem
495 1269 601 1333 dextro
621 1290 658 1333 se
683 1268 803 1333 sinistro
827 1269 969 1355 dispersi,
999 1269 1048 1332 ulii
1070 1290 1106 1333 eo
1130 1269 1246 1334 rediere

101 1370 177 1433 node
194 1369 401 1450 discesserunt,
424 1369 475 1434 olii
491 1370 607 1454 longius
620 1371 656 1434 od
672 1370 814 1435 orientem
835 1371 984 1455 progressi
999 1381 1079 1434 sunt.
1115 1366 1148 1434 lu
1163 1371 1245 1434 Airi-

101 1492 165 1535 eum
187 1470 316 1535 nonnulli
338 1481 547 1556 peruenerunt.
592 1468 680 1554 Quod
702 1473 729 1535 si
751 1472 815 1556 quis
838 1472 895 1536 istu
919 1472 1086 1556 diligentins
1106 1470 1245 1555 indugsre

100 1571 237 1653 voluerit,
260 1594 317 1657 qno
331 1572 446 1637 illornus
462 1573 584 1659 qnisque
599 1572 639 1637 sit
653 1574 815 1660 proiectos,
835 1594 958 1659 quemve
974 1573 1080 1636 sortito
1098 1593 1138 1637 ex
1153 1572 1246 1636 omui·

100 1672 155 1736 bns
170 1674 319 1759 scgiomm
337 1675 499 1758 occuparit,
519 1676 605 1738 lscile
620 1674 829 1760 deprehendet.
865 1671 910 1739 lta
924 1673 1060 1738 Mlstrem
1073 1675 1104 1738 iu
1117 1673 1245 1760 Aegypti

100 1775 316 1859 possessionem
338 1774 468 1853 invadit,
492 1770 574 1839 Cbus
590 1775 776 1861 Aethiopiam
798 1776 926 1856 obtinet,
941 1773 1026 1840 'Psus
1044 1773 1243 1839 Axnmiticnnt
1257 1799 1315 1845 noo.
1329 1801 1362 1844 tu.

100 1886 241 1957 tractum,
261 1876 410 1961 Rhegms,
434 1874 612 1955 Subscotlso,
637 1874 784 1939 Tboddim
800 1888 830 1940 et
844 1875 922 1941 Elnd
940 1874 1133 1942 Gorsmornm
1149 1876 1179 1941 in
1197 1897 1246 1942 re·

99 1979 187 2061 gione
210 1978 417 2043 constiterunt.

184 2077 294 2144 Verum
323 2100 361 2143 oe
388 2079 496 2143 diutins
521 2098 605 2163 qnum
631 2096 755 2142 neeesse
780 2079 819 2141 sit
843 2079 873 2141 in
899 2079 984 2144 linins
1007 2080 1105 2166 operis
1130 2081 1245 2165 praela·
1263 2089 1378 2158 eapvt.

97 2180 179 2245 tione
206 2166 441 2260 commoremur,
469 2191 600 2243 nostrum
624 2200 678 2243 nos
700 2179 744 2243 od·
758 2179 922 2243 institutum
947 2183 1126 2260 referemus,
1157 2191 1244 2265 utque

96 2282 260 2346 inchoatum
282 2282 427 2366 originum
448 2281 666 2345 successionem
689 2281 785 2346 denno
808 2291 1007 2366 pertexemns.
1053 2280 1147 2366 igitur
1167 2282 1245 2346 inter

82 2382 224 2448 *Bedesis
238 2405 274 2448 uo
284 2381 402 2447 Pboleoi
419 2394 561 2467 temporo,
583 2404 647 2446 cnm
664 2393 694 2446 et
707 2383 859 2447 ucdiiicntn
869 2383 959 2447 turris
972 2394 1001 2447 et
1011 2383 1103 2468 prims
1115 2383 1242 2448 omnium

96 2484 167 2550 urbs
183 2495 250 2570 post
269 2484 407 2549 dilnvium
426 2494 506 2548 esset
528 2483 674 2564 excitato,
697 2483 727 2546 in
749 2484 812 2569 ipso
829 2486 926 2569 operis
944 2483 1131 2549 extinctione
1152 2486 1244 2570 prima

95 2587 243 2650 bominum
262 2586 350 2650 coitio
369 2608 403 2650 uc
420 2585 590 2672 tyrannicus
603 2584 768 2649 dominatus
785 2596 904 2650 anctore
920 2584 1085 2650 Nembroth
1101 2587 1243 2650 constitn-

35 2672 42 2686 ’
96 2699 143 2752 tns
167 2698 225 2753 est.
269 2685 386 2752 Primus
404 2687 462 2751 iste
485 2707 608 2771 regnum
629 2686 770 2765 obtinuit,
795 2683 888 2751 Cdnsi
907 2686 1060 2773 Aethiopis
1085 2688 1179 2768 lilios,
1202 2708 1244 2751 ex

96 2811 154 2875 qno
175 2800 262 2853 outns
279 2788 393 2867 Assos,
417 2788 465 2874 qni
485 2784 611 2868 0rechi,
635 2786 766 2873 Acplroln
786 2799 817 2851 et
837 2785 988 2852 Cbslnnue
1010 2811 1133 2873 regnum
1156 2810 1244 2854 exer·

96 2892 168 2955 enit.
213 2888 293 2973 Quin
309 2901 338 2954 et
356 2889 465 2954 Tlrirns
486 2890 586 2953 urbem
606 2876 752 2968 condidit,
775 2899 807 2952 et
822 2889 1004 2969 Thaletem,
1028 2900 1059 2954 et
1073 2889 1189 2955 Lobum
1210 2893 1241 2955 in
1254 2916 1312 2960 usn.
1327 2916 1359 2972 ru,
1371 2916 1393 2959 r.

95 2991 235 3079 Assyria.
281 2988 389 3056 Graeci
404 2991 596 3057 zoroastrem
613 2992 688 3055 lrnuo
707 2991 799 3056 inisse
817 3004 993 3056 memorant.
1036 2990 1096 3076 Qui
1121 2994 1243 3058 omentis

95 3092 238 3159 interiora
252 3104 409 3178 penelssos
419 3092 595 3158 Bactros-nm
609 3093 744 3179 oppidum
756 3092 865 3158 erexit.
896 3091 1025 3178 indeque
1040 3095 1150 3174 omnio,
1169 3114 1242 3178 qnae

95 3198 125 3261 in
143 3196 243 3261 orbem
257 3195 373 3260 invecto
391 3206 459 3260 suut
475 3197 602 3275 scelere,
624 3205 785 3282 propagato
801 3195 946 3260 dicuntur.
980 3193 1132 3280 Siquidem
1149 3195 1241 3258 malon

95 3310 193 3379 untes,
215 3298 375 3383 astrologis
393 3297 530 3361 videlieet
551 3318 586 3361 ue
603 3297 699 3382 megin
715 3306 836 3362 nnetore
858 3297 907 3362 illo
930 3308 1064 3383 repertae
1085 3305 1164 3361 snut.
1208 3293 1241 3358 ld

96 3402 173 3487 qnod
192 3399 347 3465 Zoroastri
367 3420 385 3463 u
407 3398 553 3463 uoounllis
576 3397 723 3478 tribuitur,
746 3420 854 3463 revera
875 3400 911 3463 ad
927 3397 1094 3463 Nembroth
1115 3395 1243 3481 gigantis

97 3513 228 3588 tempore
248 3502 397 3589 portinere
420 3500 577 3586 putendum
602 3510 659 3563 est.
704 3497 888 3584 Quanquam·
906 3501 984 3564 inter
1008 3508 1160 3580 utrumqne
1183 3518 1241 3561 non

97 3602 218 3667 multum
240 3604 381 3690 temporis
401 3602 586 3667 interiectum
609 3613 667 3666 est.
711 3600 772 3668 Sed
792 3602 829 3666 iis
849 3602 966 3666 omissis
983 3597 1093 3662 Phnlec
1109 3596 1241 3684 lldsgonn

97 3701 216 3784 gennit,
237 3703 322 3769 buius
347 3705 421 3769 dlins
440 3702 554 3769 Seruuh
575 3703 648 3784 lnil,
671 3704 748 3789 qnod
766 3725 872 3767 nomen
892 3698 1130 3786 provocationem
1151 3700 1241 3785 signi-

97 3805 177 3867 ticst.
213 3801 280 3866 Hoc
296 3825 368 3868 vero
383 3816 515 3892 tempore
531 3805 713 3869 idololatriae
729 3806 809 3869 iuter
823 3803 956 3867 homines
973 3821 1008 3864 sc
1025 3800 1173 3886 gentilium
1192 3822 1241 3865 su-

130 3938 173 3993 22.
190 3934 298 3992 Onndnls
311 3940 466 4005 connisum.
494 3938 587 3995 Θωῦἀν
601 3943 652 3992 ced
719 3943 744 3997 7.
760 3936 882 4007 Χαλλάνῃ
899 3939 951 3989 cod.
968 3940 1021 3988 Veu.

99 4012 154 4061 Vsu.
188 4002 300 4072 &niduli
315 4008 372 4056 edltl
386 4010 446 4058 libri.
532 4044 536 4051 .
719 4006 851 4072 ἃθήρας
866 4009 917 4057 cod.
934 4008 986 4057 Vsu

129 4076 171 4129 23.
193 4074 238 4129 καὶ
254 4070 325 4128 dots
349 4076 401 4125 cod·
425 4078 478 4127 Vsu
514 4080 588 4140 anpo
610 4075 654 4129 καὶ
719 4073 793 4128 9.τά
810 4090 855 4124 cm.
873 4075 993 4124 eodm

96 4140 199 4199 ussto
706 4144 744 4196 ιο.
761 4141 885 4211 διαδοχῆς
900 4142 950 4193 oc.
967 4143 1041 4191 non

132 4212 190 4263 Cis.
207 4213 249 4263 Vl.
266 4239 298 4251 -
334 4208 358 4262 l.
375 4209 424 4274 τῆς
440 4224 486 4262 oss.
502 4214 553 4263 ond.
570 4215 624 4263 Vsu
706 4209 746 4262 ll.
765 4206 861 4278 χρόνος.
907 4204 969 4262 πολὺ
997 4205 1026 4263 δὲ
1049 4203 1178 4273 Ἑλλήνων
1203 4209 1239 4275 τῷ

130 4280 155 4331 2.
172 4275 285 4349 Neston
301 4293 346 4330 oue
364 4280 417 4329 ced.
433 4280 488 4329 Vsu.
688 4273 770 4348 χρόνῳ
787 4280 838 4328 ced.
856 4280 910 4328 Ven.

131 4347 155 4401 ³.
172 4348 213 4401 Nc
244 4345 283 4401 old
297 4348 349 4398 eud.
368 4351 422 4400 Ven-
525 4340 532 4361 ⁸
707 4346 746 4397 st.
763 4348 790 4397 ln
804 4348 934 4408 ocd.i¹en,
959 4348 999 4394 nbs'
1015 4347 1056 4394 tce
1071 4358 1153 4393 nomen
1174 4345 1243 4393 unsel

131 4411 155 4465 d.
173 4419 194 4466 t'
233 4430 247 4466 ο
263 4413 341 4474 Xois
687 4418 778 4465 motum
791 4419 863 4475 estut,
875 4416 980 4477 nsspicor
994 4415 1106 4475 seriptum
1122 4425 1169 4462 esse
1182 4405 1242 4462 ‘Pn-

132 4481 157 4531 5.
172 4476 266 4549 ’Δσοῦρ
281 4484 334 4534 cod.
349 4486 403 4534 Vsu.
687 4482 758 4550 γαοῦ.

132 4545 156 4599 6.
173 4551 210 4601 tn
225 4564 305 4602 emm
320 4552 380 4603 tort
707 4548 747 4603 1³.
762 4544 781 4616 η’
799 4564 844 4601 ose
861 4552 912 4601 eos.
930 4550 983 4599 so.
