3046 5084
387 333 521 386 tamtan
538 330 600 387 tta
610 332 631 386 d.
647 334 729 388 ΊῸΜ.
740 336 773 388 il.
788 336 886 390 naun.
901 337 995 390 XXVI.
1209 327 1268 390 175

127 453 201 516 olem
218 452 353 537 aperiens
368 453 409 516 ita
426 453 560 535 detegam
573 461 610 514 m
623 452 660 515 ad
675 472 776 517 aarum
792 453 841 536 qui
855 455 926 519 bueo
941 467 1043 520 nostra
1059 457 1158 540 legent
1172 459 1271 543 perni-

127 554 202 617 ciem
225 553 320 638 potius
343 574 428 638 qnam
450 554 484 614 ad
504 551 735 616 emendationem
755 554 906 617 redundet.
952 555 1101 638 Siquidem
1119 559 1166 620 rel
1183 579 1270 623 aurea

128 655 207 738 ipsas
227 656 328 739 polluit
349 667 406 716 tam
427 651 558 715 inlicitae
578 652 716 714 audaciae
735 651 766 714 in
788 654 915 714 divinum
935 676 1041 718 onumen
1063 661 1271 723 contumeliosa

129 757 240 833 acries,
271 777 306 819 ac
326 756 373 816 vel
391 753 453 815 sola
470 753 601 815 namatio
619 753 803 836 turpitudinis
821 754 910 837 ipsios
930 764 959 815 et
978 755 1192 820 sordidissimae
1213 762 1273 822 lue·

128 857 226 920 dilatis
243 877 277 919 ae
293 855 452 917 lutulentae
468 854 613 935 flagitiosa
629 853 715 916 ratio.
759 852 837 916 Hinc
852 865 898 917 est
915 858 989 938 quod
1006 877 1022 919 a
1040 858 1185 921 nonnullis
1201 859 1273 923 scite

128 959 281 1020 admodum
303 953 476 1018 Borboriani
499 955 554 1017 boc
575 965 621 1018 est
642 953 760 1018 coenosi
784 954 981 1019 nominantur.
1024 958 1085 1020 Atti
1107 954 1274 1023 Goddianoa

129 1068 256 1136 vocant3
288 1066 334 1119 est
350 1056 426 1119 euim
445 1053 544 1120 Gadda
560 1055 636 1118 idem
656 1051 779 1140 Syriaca
797 1056 871 1139 quod
889 1058 1039 1142 paropsis,
1071 1062 1272 1138 eatretinere

129 1178 183 1242 pro
202 1177 239 1220 eo
257 1158 332 1241 quod
350 1178 434 1220 nemo
452 1156 596 1220 communi
615 1177 680 1219 cunr
698 1157 755 1220 illis
772 1158 812 1220 uti
830 1158 894 1221 cibo
912 1159 1020 1243 possit,
1049 1162 1099 1223 sed
1116 1164 1274 1246 separatim

131 1260 335 1321 contaminatis
356 1259 411 1322 illis
431 1258 534 1342 apponi
557 1257 668 1335 soleat,
700 1277 795 1342 neque
814 1261 962 1342 quisquam
988 1261 1025 1323 ob
1045 1282 1145 1325 eorum
1161 1264 1274 1345 spurci·

132 1360 203 1422 tiem
221 1361 267 1423 rel
284 1380 357 1445 pane
375 1380 437 1422 cum
454 1359 510 1423 illia
526 1360 605 1423 uesci
620 1359 813 1423 communiter
830 1372 926 1443 queat.
973 1358 1067 1442 Quam
1084 1363 1120 1426 ub
1138 1384 1273 1427 caussam

131 1461 262 1544 quicum
281 1461 337 1524 illie
354 1459 497 1538 babitant,
526 1461 607 1524 velut
625 1481 642 1523 a
661 1461 804 1524 communi
822 1463 971 1525 consortio
987 1476 1157 1547 segregatos
1173 1476 1273 1549 putan-

133 1572 178 1625 tes
200 1559 364 1626 Ccddienoa
384 1562 575 1646 appellarunt.
620 1559 710 1625 lidem
731 1583 819 1647 porro
836 1561 981 1627 Militares
999 1565 1028 1626 iu
1050 1566 1206 1650 Aegypto,
1238 1587 1272 1630 ac

133 1660 315 1727 Pbibionitae
330 1673 397 1726 suut
411 1661 492 1741 dicti,
510 1663 545 1726 de
560 1684 615 1746 qua
631 1683 665 1726 re
679 1663 809 1726 nonnihil
824 1675 908 1727 antea
923 1666 1161 1748 significavimus.
1197 1665 1273 1731 Sunt

131 1765 179 1848 qui
194 1760 362 1828 Zacchaeus
378 1775 495 1842 vocent,
514 1762 563 1827 alii
576 1760 750 1827 Barbalitas.
783 1763 944 1828 Enimvero
960 1788 1023 1829 eum
1039 1769 1175 1831 universa
1190 1790 1273 1852 prac-

131 1866 291 1928 termittere
314 1887 473 1949 nequeam,
507 1865 645 1927 nonnulla
668 1866 836 1928 necessario
862 1868 898 1929 de
923 1867 980 1929 illis
1002 1869 1170 1951 attingenda
1191 1881 1270 1935 suut.

129 1963 206 2030 Nam
223 1977 254 2030 et
270 1975 390 2030 sauctus
404 1963 529 2051 Moyses
544 1964 635 2028 divini
651 1964 770 2050 spiritus
785 1966 880 2028 afflatu
895 1967 1028 2051 scripsite
1054 1974 1091 2030 Si
1102 1976 1165 2051 quir
1175 1978 1272 2050 purri-

130 2073 232 2130 criliom
249 2074 372 2142 m'derit,
397 2088 448 2129 nee
465 2071 688 2140 denunciaverat,
719 2068 885 2128 caecrube'leb
899 2081 966 2129 esto.
1011 2066 1112 2150 Quare
1130 2092 1187 2132 nou
1207 2093 1273 2155 pos-

130 2187 194 2233 sum
215 2171 363 2254 ingentem
386 2169 464 2232 illam
489 2168 607 2232 caedam
633 2187 668 2230 ac
689 2166 872 2252 parricidiale
894 2168 1006 2231 facinus
1028 2171 1272 2254 praetermittere,

132 2291 190 2334 uon
207 2292 345 2356 possum,
376 2272 512 2355 inquam,
542 2270 610 2332 illud
628 2290 686 2331 nou
703 2268 820 2330 omnino
838 2271 988 2352 detegere.
1033 2267 1180 2333 Fortassis
1197 2272 1274 2335 eninr

131 2373 158 2435 ai
173 2373 359 2457 praeeipitem
377 2372 597 2447 becuminem,
620 2371 701 2433 velut
716 2369 798 2433 exitii
814 2381 947 2456 puteum,
973 2371 1159 2454 prudentibus
1177 2384 1275 2437 osten·

131 2473 220 2552 dero,
252 2484 360 2537 metum
381 2475 417 2537 iia
439 2494 473 2536 ao
495 2483 638 2536 terrorem
660 2472 814 2549 incutiam,
845 2483 876 2534 ut
896 2494 953 2534 non
973 2473 1058 2534 modo
1079 2471 1188 2554 fugiant
1207 2474 1273 2557 ipsi,

132 2576 184 2640 sed
202 2586 233 2639 et
248 2585 410 2638 tortuosum
429 2574 507 2638 illum
527 2574 556 2636 in
576 2595 609 2637 ea
627 2574 768 2657 voragine
786 2585 952 2659 serpentem
971 2595 1005 2636 ac
1022 2573 1187 2637 basiliscum
1207 2574 1277 2658 lapi·

132 2677 216 2740 dibus
231 2676 372 2754 obruant,
404 2688 435 2740 ut
451 2677 547 2740 nullus
563 2676 700 2760 deinceps
717 2676 823 2738 audeat
839 2676 991 2738 accedere.
1036 2675 1134 2758 Atque
1152 2675 1224 2738 baec
1239 2678 1276 2739 de

131 2777 191 2841 illis
206 2777 344 2843 bacteun‘s
361 2779 435 2842 dicta
451 2789 549 2857 sunto,
573 2797 664 2864 pauca
679 2777 715 2839 de
729 2777 826 2841 multis
842 2790 927 2860 atque
943 2797 982 2840 ex
998 2789 1079 2863 parte
1095 2777 1275 2842 solummodo

133 2878 269 2942 delibata.

218 2976 307 3042 Nunc
324 2981 358 3043 ad
374 2978 529 3066 pestilerae
546 2981 661 3044 illorum
678 2979 826 3043 doetrinae
841 2981 921 3044 velut
936 2981 1035 3044 sedem
1053 3003 1087 3045 ac
1103 2985 1274 3067 voraginem
1293 2998 1352 3066 Cap.
1366 3001 1409 3054 tv.

135 3100 184 3145 me
202 3082 363 3144 conferam.
407 3080 499 3148 Varia
521 3082 598 3145 enim
620 3082 694 3166 apud
715 3082 781 3145 illos
807 3084 935 3145 nefariae
953 3084 1101 3167 disciplina
1119 3086 1276 3168 voluptatis

133 3194 191 3248 est.
236 3180 365 3246 Primum
383 3185 458 3268 quod
477 3204 645 3248 communes
663 3184 786 3247 intense
805 3184 927 3247 lemlnas
945 3184 1062 3248 hubent.
1107 3186 1153 3249 Ac
1170 3186 1195 3247 si
1213 3184 1276 3267 quis

132 3285 264 3350 eiusdem
281 3296 381 3349 sectae
397 3287 569 3371 peregrinus
587 3285 755 3363 advenerit,
785 3286 899 3368 signum
917 3289 1057 3369 quoddam
1077 3287 1132 3348 viri
1156 3308 1172 3347 a
1195 3286 1276 3348 lerni-

132 3387 197 3465 uis,
229 3386 355 3450 feminae
376 3407 394 3449 a
415 3387 487 3451 viris
509 3386 665 3472 accipiunt.
717 3385 799 3450 llaec
821 3399 916 3451 autem
943 3388 1084 3451 eiusmodi
1107 3397 1168 3448 est:
1201 3382 1274 3449 Cum

134 3487 279 3552 salutandi
301 3509 336 3551 ac
357 3488 567 3573 complectendi
584 3509 689 3552 caussa
706 3508 820 3552 manum
842 3489 1009 3574 porrigunt,
1043 3508 1104 3550 earn
1124 3487 1199 3549 iulra
1217 3488 1276 3572 pal·

133 3608 210 3653 mam
231 3590 438 3654 contrectando
461 3612 497 3654 ac
515 3590 681 3653 delricaudo
699 3590 804 3653 leniter
819 3589 954 3666 titillant,
985 3608 1077 3670 eoque
1095 3585 1180 3670 signo
1198 3590 1275 3654 eius-

133 3691 199 3755 dem
215 3691 367 3776 religionis
386 3691 526 3778 hospitem
545 3712 612 3755 esso
629 3691 839 3756 demonstrant.
884 3689 955 3753 lnde
972 3699 1158 3774 posteaquam
1176 3703 1275 3756 mutuo

132 3812 167 3857 ae
182 3792 357 3879 agnoverint
374 3793 410 3855 ad
427 3794 592 3858 convivium
609 3793 788 3878 acciguntur.
833 3791 919 3875 Quod
936 3792 1044 3872 ipsum,
1074 3793 1188 3856 tametsi
1206 3817 1275 3879 pau·

134 3914 221 3981 peret
242 3895 317 3975 aiut,
349 3895 459 3978 ingenti
481 3897 631 3981 epularum
653 3905 792 3980 apparatu
813 3894 939 3975 vinoque
961 3903 992 3954 ct
1012 3893 1146 3957 carnibus
1168 3895 1275 3959 iustru-

134 3995 293 4062 atiaaimum
314 3995 466 4082 praebent.
509 3992 610 4059 Finito
630 3996 766 4060 convivio
788 4013 852 4057 eum
870 3993 1005 4058 satietate
1023 4016 1112 4059 renas
1130 3997 1275 4060 distende-

131 4098 212 4180 rint,
240 4100 276 4163 ad
298 4096 445 4162 libidinem
468 4098 656 4182 proritantem.
707 4095 785 4159 'l'um
807 4095 854 4158 vir
878 4096 914 4159 ab
936 4117 1030 4160 uxore
1052 4098 1204 4162 discedens
1230 4097 1273 4161 sic

131 4220 198 4264 um
211 4200 384 4284 alloquitur:
409 4203 514 4279 Surge,
531 4212 561 4262 et
567 4202 667 4281 fratri
679 4201 823 4259 conludere
836 4201 943 4259 exhibe
979 4196 1022 4263 lta
1039 4200 1074 4264 ad
1089 4199 1273 4264 concubitum

134 4302 262 4367 venitur.
305 4299 400 4365 Pudet
420 4321 467 4365 me
489 4300 565 4364 bona
587 4302 642 4363 tite
662 4319 734 4382 quae
752 4300 824 4383 apud
842 4299 907 4364 illus
925 4301 1088 4387 turpissime
1106 4313 1275 4387 perpetran-

135 4410 184 4467 tur
199 4422 368 4490 exponere,
391 4401 628 4488 quemadmodum
651 4402 693 4463 ait
710 4401 875 4486 apostolus:
909 4407 985 4482 (tuae
1004 4408 1080 4485 opud
1097 4409 1170 4484 rpem
1179 4407 1271 4484 fiunt,
1288 4424 1409 4485 unusne

135 4516 317 4585 tmperaret
330 4509 432 4568 deone.
479 4502 590 4570 Veron
607 4523 682 4587 quae
700 4502 766 4568 illos
785 4504 879 4568 lacere
898 4506 967 4570 nibil
985 4506 1089 4590 pudet,
1119 4526 1212 4588 neque
1229 4525 1274 4567 ma
