3046 5084
339 325 475 378 ruunnu
491 327 553 378 uro.
569 329 589 379 1.
606 327 688 381 rou.
703 328 748 381 ιιι.
764 327 996 379 acunumiae.
1183 317 1243 380 453

173 443 252 509 Nam
273 444 394 509 Aeones
411 466 428 510 a
445 445 575 509 Tetrade
591 447 714 532 protecti
730 457 808 510 sunt.
852 444 885 508 ln
900 467 956 531 qna
971 447 1019 510 isti
1036 447 1242 526 censebamur,
1263 457 1321 525 Cap.
1338 458 1370 508 x.

91 547 189 612 Heme
212 559 242 610 et
262 546 412 624 Ecclesia,
444 547 575 612 Verbum
598 559 628 612 et
646 546 728 612 Vita.
775 549 822 611 ab
845 549 880 611 iis
904 549 1081 633 profluentes
1102 552 1243 632 quaedam

90 649 225 714 Virtutes
248 647 343 712 lesum
367 649 446 713 illum
470 660 661 734 procrearunt
683 650 731 734 qui
755 651 782 713 in
806 650 893 712 terris
915 653 1058 734 apparuit.
1104 647 1243 716 Ceterum

89 753 119 816 in
136 751 228 816 Verbi
250 752 344 814 locum
366 754 500 836 angelum
519 750 704 831 Gabrielem,
737 751 822 816 Vitae
848 774 920 816 vero
943 751 1082 838 Spiritum
1104 752 1243 818 Sanctum

89 877 158 919 esse
182 854 367 917 substitutum
393 865 545 917 asserunt:
580 856 655 918 sicut
682 854 815 918 Hominis
843 866 940 940 partes
965 857 1110 919 Altissimi
1136 857 1241 936 uirtus,

88 957 245 1022 Ecclesiae
262 977 333 1019 vero
353 955 444 1040 Virgo
462 957 610 1020 sustinuit.
656 955 707 1022 Sic
726 958 773 1020 ille
791 958 926 1041 peculiari
946 960 1127 1040 providentia
1146 960 1240 1023 editus

88 1061 124 1123 de
141 1057 237 1122 Maria
255 1069 340 1121 natus
359 1070 404 1121 est
420 1058 532 1137 Homo,
558 1080 642 1142 quem
658 1080 709 1145 per
724 1071 838 1123 uterum
855 1080 1005 1140 egressum
1026 1061 1070 1122 sui
1089 1062 1124 1123 ad
1142 1064 1242 1144 cogrui-

89 1163 197 1226 tionem
220 1182 273 1246 per
290 1160 421 1225 Verbum
441 1162 567 1225 oninium
586 1159 700 1225 Perens
718 1161 817 1244 elegit.
866 1158 997 1244 Cumque
1016 1163 1051 1224 ad
1070 1183 1173 1247 aquam
1193 1165 1242 1225 ab·

88 1263 211 1329 luendus
234 1265 383 1341 venisset,
416 1265 445 1326 in
469 1284 533 1327 eum
553 1264 703 1327 columbae
724 1263 913 1326 descendisse
932 1264 1029 1347 speeie
1053 1265 1130 1327 illum
1151 1266 1242 1349 ipsum

89 1377 227 1444 narrant,
260 1366 308 1449 qui
327 1387 441 1429 sursum
462 1387 619 1429 recurrens
639 1366 846 1429 duodenarium
865 1387 1016 1428 numerum
1034 1367 1180 1451 implerit3
1212 1368 1241 1430 in

88 1490 146 1554 qno
168 1488 268 1530 semen
291 1467 368 1531 inest
390 1489 489 1532 eorum
513 1488 587 1553 quae
610 1491 674 1532 cum
697 1468 747 1532 illo
766 1479 829 1531 sata
850 1469 959 1551 pariter
979 1479 1010 1531 et
1028 1469 1243 1533 descenderunt

89 1583 119 1635 ct
135 1571 344 1633 escenderent.
386 1567 480 1655 lpsam
498 1592 570 1633 rere
586 1572 733 1656 delapsam
749 1592 766 1633 e
782 1572 864 1633 coelo
881 1571 1016 1634 virtutem
1032 1592 1131 1634 sennen
1145 1569 1242 1636 Patris

91 1674 192 1737 delinit
211 1693 298 1750 esse,
323 1673 397 1756 quod
416 1675 445 1734 iu
465 1694 498 1735 se
516 1684 625 1755 patrem
646 1695 680 1736 ac
699 1670 823 1749 Filium,
848 1693 969 1758 eamque
987 1671 1074 1756 siges
1091 1675 1241 1752 virtutem,

89 1797 163 1861 qrrae
184 1796 237 1860 per
256 1775 319 1838 illos
338 1775 452 1859 cognita
470 1776 586 1838 nomine
608 1787 689 1838 curet
705 1777 800 1853 onrrri,
825 1797 859 1838 ac
877 1777 1005 1860 reliques
1024 1777 1143 1840 Aeones
1164 1798 1242 1840 com-

90 1880 236 1965 plectitur.
283 1877 425 1963 llurrcquc
443 1876 583 1962 Spiritum
604 1899 670 1940 esse
688 1875 846 1955 Saunium,
880 1878 926 1961 qui
946 1900 998 1962 per
1015 1875 1110 1940 lesum
1126 1879 1240 1942 locutus

88 2003 153 2044 cum
173 2002 265 2065 eoque
287 1982 459 2044 coniunctus
477 1992 532 2043 est.
579 1977 639 2042 lam
659 2000 731 2042 vero
747 1983 1023 2064 mortemffinquit,
1048 1977 1185 2044 Salvator
1202 2004 1241 2045 en·

88 2085 137 2148 illa
155 2085 334 2168 providentia
356 2095 441 2147 natus
460 2083 594 2160 sustulit,
626 2078 832 2165 Christumque
850 2093 960 2166 patrem
981 2081 1143 2145 lrorrriuibus
1162 2095 1241 2167 pate·

89 2188 169 2250 lecit.
212 2183 309 2249 lesum
325 2187 421 2269 itaque
439 2207 543 2248 nornen
559 2176 621 2249 eires
636 2206 702 2249 esse
719 2186 864 2269 proprium
881 2183 1004 2247 leontinis
1019 2185 1132 2262 statuit,
1157 2207 1241 2268 quem

88 2288 246 2372 singularis
264 2288 310 2350 illa
330 2289 511 2373 precidenda
529 2287 679 2368 submisit,
714 2288 764 2351 sed
783 2288 816 2348 ael
836 2286 957 2349 alterius
973 2287 1187 2350 similitudinem
1207 2311 1240 2351 ac

89 2391 349 2474 configurationem
365 2391 529 2475 impositum
549 2412 633 2470 csse,
666 2391 713 2475 qui
734 2392 761 2453 in
782 2391 872 2472 ipsum
892 2401 955 2452 erat
971 2390 1125 2473 aliquando
1144 2391 1240 2474 lapsu-

87 2515 150 2558 rus.
197 2491 292 2576 Quem
316 2515 380 2556 cum
400 2496 584 2578 excepisset,
616 2515 673 2556 uua
694 2504 722 2555 et
741 2491 896 2555 llemiuem
916 2493 1029 2577 ipsum,
1060 2504 1089 2553 et
1110 2491 1239 2555 Verbum

88 2619 122 2662 ac
143 2594 277 2675 Patrem,
310 2608 339 2657 et
358 2596 516 2659 Arrlretum
539 2618 574 2659 ac
594 2594 702 2680 Sigen,
736 2593 898 2659 Veritatem
921 2596 989 2657 item
1013 2607 1043 2659 et
1062 2595 1237 2678 Ecclesiam,

87 2697 244 2783 Vitemque
266 2700 533 2784 cornprebendisse.

124 2859 130 2885 d

173 2902 258 2987 Quae
281 2925 383 2967 emeres
405 2904 520 2966 illorum
540 2903 652 2967 tabulae
672 2903 812 2966 eiusmodi
831 2915 915 2982 sunt,
947 2915 979 2967 nt
999 2905 1035 2966 iis
1055 2904 1238 2989 deplorandis
1252 2903 1374 2987 ἰιμΧι

87 3006 196 3071 nullum
217 3005 299 3070 llee!
327 3005 408 3070 lleu!
434 3007 480 3070 vel
495 3004 591 3069 Proh!
618 3026 711 3089 nequeo
728 3006 783 3068 ulla
802 3028 922 3090 prorsus
941 3007 1052 3090 tragica
1069 3030 1128 3071 vex
1147 3030 1181 3071 ac
1198 3010 1239 3072 la·

89 3109 228 3173 mentatio
248 3110 339 3194 possit
356 3110 500 3172 sufficere.
547 3105 621 3189 Quis
640 3107 717 3171 enim
735 3130 792 3170 nou
813 3110 910 3172 talium
931 3111 1146 3173 mendaciorum
1165 3113 1239 3174 iule-

87 3211 172 3275 licem
190 3213 328 3275 artificem
349 3213 460 3289 ederit,
493 3232 558 3274 cem
575 3208 737 3274 Veritatem
756 3211 848 3295 ipsam
865 3213 893 3273 in
913 3212 999 3275 inaue
1016 3213 1200 3276 simulacrum
1221 3236 1237 3276 a

86 3312 192 3379 Marce
208 3315 395 3378 deformatam
412 3314 510 3376 videat
524 3324 569 3391 et,
595 3314 669 3396 quaed
686 3314 805 3396 gravius
822 3325 882 3390 est,
907 3315 1049 3397 alphabeti
1066 3317 1157 3378 literis
1176 3327 1238 3379 tan·

87 3439 172 3502 qnam
189 3417 372 3500 stigmatibus
389 3416 532 3494 iniustam,
564 3426 594 3479 ut
613 3417 688 3500 quod
708 3438 800 3501 nuper
817 3418 967 3479 admodum
988 3429 1073 3501 atque
1097 3418 1177 3496 beri,
1207 3430 1237 3481 ut

88 3520 186 3598 aieret,
216 3531 246 3582 et
262 3520 471 3583 nudiustertius
488 3519 608 3596 accidit,
639 3519 790 3602 qnasiiam
811 3531 868 3582 tem
887 3519 953 3580 olim
971 3520 1135 3598 extitisset,
1166 3542 1237 3584 ren-

87 3623 180 3685 ditare
202 3623 355 3685 studuerit.
402 3620 510 3686 Graeci
531 3622 644 3705 quidem
664 3618 740 3684 XVl
763 3619 908 3686 aCadmo
928 3621 1028 3683 literas
1048 3623 1167 3705 primum
1188 3646 1236 3687 ac·

87 3726 201 3810 cepisse
216 3746 249 3787 se
265 3736 436 3802 memorant,
458 3735 515 3787 tum
530 3746 546 3787 a
560 3746 592 3788 se
608 3725 860 3810 progredientibus
877 3725 1055 3808 temporibus
1071 3725 1143 3788 alias
1160 3728 1236 3810 aspi-

88 3839 185 3908 ratae,
210 3828 281 3891 alias
300 3827 428 3912 duplices
446 3828 600 3907 inventas,
624 3839 771 3912 pestremo
788 3849 804 3889 a
819 3826 974 3889 Palamede
994 3828 1119 3891 maiores
1136 3831 1235 3893 adiun-

86 4083 436 4153 pientembebereetipsum
450 4082 581 4134 Hominem
596 4090 649 4135 cett.
680 4083 806 4133 deciorum
830 4082 906 4132 malus
931 4084 1090 4151 compositor.
1132 4088 1160 4136 dt
1179 4092 1236 4150 puto

122 4153 181 4203 Cur.
198 4153 243 4202 Xt.
261 4180 295 4190 -
316 4157 335 4203 Ι.
353 4152 426 4216 laceri
443 4154 478 4201 ed.
493 4155 568 4213 princ
676 4155 796 4203 lrenueum
813 4156 930 4213 scripsisse
946 4152 1142 4207 succumberem.

121 4222 145 4272 2.
162 4217 209 4286 τήν
230 4225 318 4271 restitut
338 4236 391 4270 cum
414 4223 528 4270 llcssueto
548 4235 591 4282 pro
614 4217 642 4272 τὸ
711 4220 734 4269 e.
755 4223 851 4268 Verium
871 4224 893 4270 r'n
911 4225 1007 4271 mortum
1028 4225 1084 4272 boec
1099 4226 1169 4272 uestro
1186 4227 1235 4274 dia-

87 4292 321 4355 proeteritorum.
358 4292 403 4338 ιιι
418 4292 544 4350 Interpres:
561 4297 587 4336 et
600 4305 642 4336 su·
677 4293 800 4339 tinxerunt.
826 4290 850 4336 V.
860 4292 947 4339 trenaee¹
958 4294 1090 4352 interpretes
1100 4298 1120 4342 et
1132 4295 1235 4344 editores.

87 4376 133 4426 per
147 4358 283 4407 universam
298 4357 415 4424 tragicam
431 4355 644 4406 exclamationem.
712 4357 735 4408 7.
753 4358 788 4406 lte
803 4359 869 4407 cedd.
887 4360 961 4407 Vener.
983 4363 1062 4420 Vetto,
1080 4366 1101 4409 et
1114 4363 1149 4410 cd.
1165 4365 1233 4410 Pete-

120 4427 144 4478 3.
163 4423 306 4493 ἐκφώιησιι
322 4429 411 4488 ptecur't
427 4426 529 4475 Patauio.
677 4427 718 4475 uti.
753 4423 828 4490 μικρὰ
848 4428 914 4476 codd.
930 4429 1027 4490 llbeda'p.
1045 4431 1120 4478 Puris.
1130 4464 1139 4491 ,
1161 4436 1181 4479 et
1198 4432 1234 4479 ed.

120 4491 146 4546 d.
163 4493 352 4562 σχιτλιατισμόι
368 4496 419 4544 cod.
436 4495 510 4542 rene.
675 4498 750 4557 princ.

122 4562 147 4614 5.
166 4565 417 4625 retransmeare
432 4571 558 4611 tantorum
573 4577 645 4612 rnen-
