3046 5084
198 354 256 413 :30⁴
619 353 740 405 SANCTI
756 354 928 405 EPIPHANH

198 506 252 543 ται.
299 479 339 539 λδί
358 474 413 561 γάρ
435 470 620 555 Προάνεικάν
641 493 733 550 φασιν
754 468 845 549 εἶναι,
875 478 941 546 πῶς
956 469 1007 536 ἐπ’
1025 470 1120 538 ατίτοῦ
1136 480 1194 539 τοῦ
1210 470 1356 557 ὀνόματος

200 580 236 645 οιί
258 580 291 645 τά
314 576 429 659 σαθρόν
451 583 502 657 τῆς
522 578 654 649 διανοίας
675 573 773 638 αὐτῶν
792 573 1021 656 φωραθήσεται,
1052 573 1094 651 οἷς
1115 574 1176 659 ήδη
1195 587 1355 663 προεῖπονς

204 689 270 746 ίίιῑν
293 680 347 765 γάρ
370 678 401 743 τά
430 676 733 763 2προυνεικευάμενον
756 675 912 761 άχρηστον·
945 680 972 741 εἰ
996 680 1028 743 δὲ
1053 677 1220 763 ἄχρηστον,
1254 678 1355 746 ου’κέτ

199 796 261 861 τοὶς
278 784 462 865 προκριτέοις
480 782 608 844 τακτέον.
655 784 716 843 Καὶ
730 784 793 854 πῶς
809 778 961 844 έπαινετδν
978 784 1024 863 εἴη
1039 779 1072 846 τά
1088 778 1252 865 άχρηστονς
1289 790 1355 859 Παῖς

201 890 229 951 δέ
255 886 319 969 οὐχί
336 888 475 967 μυθῶδες
490 882 522 947 τά
539 884 631 966 λέγειν
648 881 693 947 δτι
710 879 730 964 ἡ
751 880 935 965 Προάνεικος
951 880 1004 948 τδν
1020 880 1210 965 Ἰαλδαβαοέθ
1227 887 1354 965 έκένωσε,

200 992 249 1055 καὶ
272 986 289 1053 ά
307 986 440 1069 σπινθήρ
463 988 504 1060 είς
525 984 560 1047 τά
576 983 656 1048 κάτω
673 992 820 1065 κατῆλθεν
838 982 898 1050 άπὸ
917 992 970 1049 τοῦ
987 987 1187 1065 κενωθέντοςς
1220 990 1255 1053 έν
1272 990 1304 1053 δέ
1319 998 1355 1077 τῷ

82 1092 263 1175 1.ag.⁴1⁴.‹'‹‘vu›
280 1088 404 1177 γεγονώς
421 1090 531 1171 ἐπέγνω
549 1086 599 1150 τδν
615 1084 761 1169 άνοέτερον
779 1094 832 1150 τοῦ
847 1089 1063 1170 κεκενωμένους
1085 1090 1137 1153 καὶ
1154 1096 1267 1173 θαῦμα
1284 1093 1354 1177 μέγι·

202 1219 285 1273 στου,
316 1190 356 1267 ω’ς·
373 1188 390 1254 ά
408 1189 585 1269 άυθρωπος,
615 1190 645 1252 έν
661 1181 684 1276 ᾦ
701 1186 719 1253 δ
736 1187 881 1271 ἐλάχιστος
896 1189 1047 1275 σπινθήρ,
1080 1190 1355 1277 έπιγινσίσκειδπέρ

201 1296 271 1373 τούς
288 1292 473 1367 πεπλακάτας
491 1289 635 1375 ἀγγέλους.
683 1296 722 1355 Οἱ
737 1290 791 1376 γάρ
812 1290 1004 1373 πεποιηκότες
1021 1291 1072 1357 τάν
1088 1291 1263 1379 άνθρωττον
1281 1294 1354 1381 άγγε·

201 1410 259 1475 λιιι,
283 1401 381 1463 ε’ίτουν
397 1397 456 1458 οἷοὶ
472 1400 525 1458 τοῦ
537 1392 734 1475 Ἰαλδαβαοδθ,
757 1391 812 1458 οὐκ
828 1396 996 1479 ἐπέγνωσαν
1010 1393 1046 1459 τά
1063 1394 1167 1461 έπάνω
1185 1404 1243 1462 τοῦ
1256 1396 1356 1465 ’lum-

204 1498 306 1585 βαώθ·
330 1495 347 1563 ά
363 1500 392 1561 δέ
408 1493 458 1559 ὑπ’
472 1494 563 1560 αὐτοῦ
579 1499 768 1580 γεγενημένος
783 1495 831 1562 διά
847 1505 899 1562 τοῦ
914 1506 1081 1582 σπινθῆρος
1095 1500 1221 1585 έπέγνω.
1267 1500 1357 1567 Αδτοί

204 1608 302 1669 τοίνυν
316 1598 438 1674 έαυτούς
454 1597 649 1683 άνατρέπουσι
666 1598 715 1664 διά
730 1607 788 1665 τῶν
804 1603 885 1665 ίδίων
900 1599 1071 1685 δογμάτων,
1094 1599 1138 1683 πή
1152 1602 1209 1683 μέν
1223 1602 1279 1669 τάν
1294 1602 1358 1687 δ’φικ

205 1704 389 1783 δοξάζοντες,
420 1700 462 1783 πή
485 1702 516 1765 δέ
538 1698 687 1783 άπατηλδν
710 1701 801 1768 αὐτόν
822 1702 898 1789 πρδς
918 1702 972 1786 τήν
990 1702 1077 1767 Εὕαν
1093 1706 1293 1789 γεγενημένον
1309 1710 1358 1787 φέ-

205 1832 338 1883 σκοντες,
370 1808 401 1869 έν
424 1812 464 1891 τῷ
489 1807 594 1883 εἰπεῖν,
623 1802 768 1887 Ἠπάτησε
792 1804 845 1889 τήν
867 1804 960 1870 Εἰίαν.
1005 1808 1066 1870 Καὶ
1088 1804 1132 1889 πή
1156 1807 1212 1889 μὲν
1235 1808 1359 1893 Χριστέκ

205 1910 295 1977 αδτδν
313 1910 550 1992 καταγγέλλουσι,
580 1906 621 1989 πή
644 1909 674 1971 δέ
690 1906 742 1972 τάν
760 1908 825 1973 υἱόν
842 1916 895 1973 τοῦ
909 1906 1057 1993 άνωτέρου
1072 1906 1283 1992 Ἰαλδαβαοέθ,
1312 1920 1359 1979 τοῦ

205 2013 276 2090 τοδς
291 2009 375 2087 υίοδς
392 2008 599 2091 άδικήσαντος,
623 2012 653 2074 έν
670 2018 709 2099 τῷ
725 2009 895 2075 άποκλεῖσαι
911 2008 961 2075 ἄττ’
977 2010 1075 2077 αὐτῶν
1089 2009 1144 2095 τήν
1161 2010 1228 2079 άνω
1244 2022 1359 2099 γνῶσιν,

206 2146 255 2182 και
271 2144 323 2198 τηι
338 2116 448 2198 μητέρα
465 2110 613 2193 αθετησαι
616 2140 680 2191 τος
710 2141 761 2177 και
779 2112 830 2178 τάν
847 2112 908 2179 άνω
926 2115 1052 2198 πατέρα,
1073 2112 1163 2189 είς
1130 2140 1164 2179 το
1185 2142 1229 2199 μη
1220 2114 1301 2183 έᾶν
1317 2124 1359 2185 δο-

208 2220 299 2298 ξάζειν
315 2244 384 2292 τους
397 2214 447 2280 ὑπ’
462 2214 553 2280 αὐτοῦ
568 2218 793 2301 γεγεννημένους
807 2215 938 2292 υίοάς
905 2244 958 2282 τον
971 2214 1118 2323 άνοέτερον
1132 2214 1231 2284 αὖτου
1217 2224 1360 2305 πατέρα

211 2329 282 2397 Πῶς
301 2313 355 2385 οὖν
371 2318 505 2401 βασιλεάς
523 2315 735 2402 ἐπουράνιος
718 2346 734 2383 ο
751 2317 836 2399 ὄφις,
859 2322 940 2405 είπερ
958 2320 1033 2384 κατά
1048 2326 1101 2386 τοῦ
1118 2320 1235 2406 πατρδς
1251 2324 1360 2411 έγήγερ·

208 2452 269 2501 ταις
293 2431 357 2499 πῶς
374 2424 405 2487 δέ
422 2420 498 2486 εί
464 2448 517 2503 την
532 2430 640 2507 γνῶσιν
657 2425 791 2499 δίδωσιν,
815 2420 882 2486 ἕν’
863 2421 961 2513 απάτη
978 2424 1202 2508 καταγγέλλεται
1218 2422 1361 2511 η’ποτηιέ-

209 2554 257 2592 ναι
279 2523 332 2609 τήν
350 2523 451 2601 Εὕανς
487 2521 521 2588 0
543 2525 575 2589 δέ
597 2521 668 2587 δι”
650 2522 764 2605 απάτης
782 2532 889 2609 γνῶσιν
911 2526 1063 2601 θέντιθείς
1079 2523 1181 2591 οδκέτι
1196 2536 1309 2613 γνῶσιν
1324 2534 1362 2597 δί-

209 2634 314 2708 δωσιν,
337 2626 408 2692 άλλά
430 2625 494 2691 άντὶ
514 2626 648 2712 γνώσεως
665 2624 824 2712 α’γνωσίαν·
855 2625 896 2705 οἷς
916 2630 967 2693 καὶ
988 2626 1100 2712 άληθές
1122 2631 1204 2695 έστιν
1227 2634 1303 2698 ἰδεῖν
1321 2632 1361 2699 δτι

209 2742 295 2798 τοῦτο
318 2729 405 2797 ἐν’
367 2740 467 2806 αυτοῖς
480 2737 645 2795 τελειοῦται.
689 2727 903 2816 Ἀγνωσίαν
868 2758 923 2817 γαρ
939 2734 1052 2815 ἔχοντες
1064 2738 1174 2819 γνωσιν
1192 2733 1306 2820 ταύτην
1318 2760 1362 2803 νο-

210 2841 349 2917 μίζουσιν,
373 2837 403 2899 έν
416 2832 509 2898 τοάτω
527 2831 738 2911 έάλιτεάοντες,
761 2835 793 2897 έν
808 2840 849 2921 τῷ
867 2860 921 2917 την
937 2832 1086 2901 έουτων’
1065 2833 1186 2919 απάτην
1201 2836 1294 2905 ταδ’
1272 2866 1364 2927 αγαι-

210 2944 275 3003 σίαν
293 2944 399 3023 γνῶσιν
418 2938 517 3021 λέγειν.

92 3378 101 3391 ’
163 3372 191 3425 ν,
298 3351 425 3433 Φέρουσι
441 3348 471 3411 δέ
486 3346 536 3409 καὶ
552 3343 637 3421 άλλας
651 3349 811 3427 μαρτυρίας
824 3346 972 3431 λέγοντες,
994 3344 1039 3412 δτι
1055 3348 1107 3412 ιιαλ
1121 3354 1266 3435 Μωΰσῆς
1283 3354 1317 3419 έν
1328 3362 1364 3443 τῇ

213 3454 312 3543 έρήμῳ
328 3451 379 3516 τδυ
394 3448 465 3529 ὄφιν
480 3448 532 3515 τδν
545 3454 668 3531 χαλκοῦν
682 3448 786 3527 δ’ψωσε
799 3448 1053 3534 προστησάμενος,
1074 3452 1126 3515 ἵνα
1137 3454 1215 3535 ἴαμα
1228 3462 1292 3531 τοῖς
1306 3452 1364 3523 διδ

213 3557 311 3637 ὄφεως
332 3554 523 3633 δακνομέυοις
544 3553 668 3636 γένηται.
713 3548 801 3616 Εἶναι
823 3551 879 3637 γάρ
902 3560 991 3619 τοῦτο
1012 3551 1046 3619 τά
1071 3550 1153 3629 είδος
1176 3554 1295 3623 ίατιτέν
1314 3564 1364 3625 τοῦ

214 3660 363 3743 δήγματος
382 3660 505 3741 λέγουσι.
551 3654 647 3718 Πάλιν
668 3654 700 3718 δέ
718 3652 790 3719 καθ’
807 3656 919 3721 ἑαυτῶν
934 3664 1028 3723 ταῦτα
1045 3654 1202 3741 ὁρίζονται
1248 3662 1293 3727 Εἰ
1310 3658 1364 3747 γέρ

215 3760 313 3837 ὄφεων
338 3754 373 3842 ήν
393 3758 427 3823 τά
450 3758 599 3843 δήγματα,
626 3754 754 3841 βλαβερά
776 3758 932 3835 δὲταῦτα,
961 3758 1020 3843 άρα
1036 3756 1055 3825 δ
1071 3758 1143 3841 ὄφις
1161 3757 1220 3827 οὐκ
1238 3758 1362 3849 άγαθιίν.

220 3862 259 3929 Ta
277 3864 308 3927 δέ
324 3860 451 3939 ιῗψωθέν
465 3859 522 3926 ι’ῗπά
541 3862 696 3937 Μωΰσέως
709 3859 772 3927 τότε
786 3859 836 3925 διά
852 3869 905 3943 τῆς
919 3866 1049 3943 θεωρίας
1063 3860 1118 3943 τήν
1132 3864 1212 3929 lem
1225 3866 1363 3945 ἐποιεῖτο,

216 3964 253 4031 οδ
275 3964 323 4031 διά
342 3962 395 4045 τήν
411 3972 463 4029 τοῦ
481 3962 579 4043 ὄφεως
595 3962 700 4043 φάσιν,
729 3960 799 4027 άλλά
815 3962 869 4046 τήν
884 3972 939 4030 τοῦ
956 3972 1033 4031 θεοῦ
1051 3962 1193 4031 εὖδοκίαν
1209 3964 1249 4033 δι’
1267 3964 1365 4051 ὄφεις

218 4068 313 4151 ὥςπερ
335 4066 487 4131 άντίδοτον
506 4076 568 4141 τοῖς
588 4066 652 4133 τότε
673 4068 862 4151 δεδηγμένοις
878 4070 1081 4152 έργαζομένου.
1128 4062 1227 4135 Οιῖδδν
1243 4070 1278 4137 ⁴⁴
1291 4080 1364 4139 θυ-

219 4170 338 4249 μοστδυ,
361 4172 388 4234 ει“
399 4168 436 4235 δι’
449 4162 492 4235 dv
507 4196 550 4245 τις
563 4170 673 4255 ἐβλάβη
689 4168 738 4235 διά
752 4174 865 4236 τούτων
880 4176 1041 4254 θεραπείας
1055 4172 1145 4255 έτνγε.
1190 4174 1254 4239 Καδ
1269 4172 1313 4261 μή
1323 4198 1367 4251 τις

251 4362 388 4411 ’ὲ-υθιλ·
405 4364 516 4411 ιυαμδυο
508 4368 556 4411 ιλ
576 4366 626 4411 τιατ
642 4366 774 4425 significatu
840 4360 951 4416 δὲκαὶ
952 4362 990 4423 τὶς
1010 4364 1062 4415 ενδ.
1080 4364 1155 4415 Velie.
1187 4360 1366 4433 ένθιλςηῌ

220 4448 240 4481 ι·.
255 4398 698 4493 {mpmmuwnsumsusinterpatent
708 4434 772 4481 λσετ.
806 4434 867 4481 δεδι-ι’.

221 4500 292 4553 ⁴2⁴⁴·
308 4504 330 4549 ⁴
839 4504 864 4553 ⁴.
882 4493 1365 4571 ι’λιτεέειτεςιπλμίμτειίληθιτῖτιτττ,
