3046 5084
327 363 364 423 16
708 369 878 421 EPIPHANII
894 368 1072 419 nEsPoNslo

327 494 458 574 Χριστοῦ
483 484 710 568 ἐνανθρῶπησιν
732 483 955 570 ὁμολογοῦντες,
985 487 1016 548 οί
1034 485 1086 549 καί
1103 481 1335 569 Ἀπολιναρῖτοι,
1366 487 1463 550 Μκαλ

326 594 357 655 οί
378 589 433 671 τῆν
452 586 537 674 ύγίαν
554 585 609 670 τῆν
624 585 819 672 ύειπύρθενον
843 585 913 668 μετοί
935 583 969 650 τό
990 584 1041 651 τόν
1062 593 1180 670 σωτῆρα
1202 588 1404 671 γεγεννηκέναι
1425 601 1467 677 τῷ

325 689 433 772 Ἰωσῆφ
458 696 613 772 συνῆφθαι
636 691 778 773 λέγοντες,
807 688 861 764 οὓς
877 691 1050 770 ἐκαλέσαμεν
1062 685 1394 773 Ἀντιδικομαριανίτας·
1416 693 1468 754 καὶ

327 797 358 859 οί
380 797 422 869 είς
446 790 541 872 όνομα
561 798 614 872 τῆς
641 789 776 873 67αύτῆς
798 795 922 876 Μαρίας
942 793 1142 875 ῡθκολλυρίδα
1166 793 1397 877 προςφέροντες,
1426 795 1469 858 οἵ·

325 920 399 971 τινες
414 901 571 959 καλοῦνται
586 895 866 977 69Κολλυριδιανοὶ,
888 893 1113 970 Μασσαλιανολ,
1134 894 1187 957 καλ
1208 895 1276 979 περὶ
1297 901 1350 976 τῆς
1372 891 1470 979 σ’ρθῆς

325 1003 449 1072 πίστεως
472 997 524 1060 καλ
542 993 682 1076 α’ληθείας
699 992 841 1077 οίπολογία
863 991 919 1075 μετ’
937 996 1079 1075 ἐπιτομῆς
1095 1000 1148 1058 τοῦ
1170 992 1277 1079 λόγου,
1307 994 1372 1078 ῆτις
1394 997 1471 1061 ἐστίν

325 1097 345 1182 ῆ
367 1096 435 1183 ύγία
456 1094 603 1177 καθολικῆ
624 1097 676 1159 καὶ
697 1093 875 1176 οίποστολικῆ
897 1097 1042 1176 ἐκκλησία.
1078 1151 1080 1155 ,

409 1194 529 1279 Αύτηῆ
548 1194 800 1277 ύνακεφαλαίωσις
818 1198 868 1259 καλ
890 1194 1041 1281 ἐπιγραφῆ
1064 1204 1114 1279 τῆς
1130 1194 1226 1279 πόσης
1242 1196 1318 1262 κατύ
1333 1199 1472 1280 αἱρέσεων

328 1299 512 1386 όγδοῆκοντα
528 1302 741 1382 πραγματείας,
772 1300 823 1362 καὶ
844 1304 957 1379 60μιᾶς
981 1305 1035 1380 τῆς
1051 1295 1125 1381 ύπὲρ
1148 1296 1290 1381 τίληθείας
1314 1297 1471 1385 οίττολυγίας

328 1410 381 1484 τῆς
397 1400 499 1484 μόνης,
520 1401 650 1464 τουτέστι
666 1406 718 1481 τῆς
736 1407 899 1481 καθολικῆς
914 1401 965 1463 καλ
983 1398 1149 1483 ὄρθοδόξου
1166 1403 1329 1483 ἐκκλησίας,
1352 1404 1383 1465 ἐν
1395 1404 1471 1486 τρισλ

330 1505 383 1586 μὲν
402 1507 526 1586 βιβλίοις
546 1498 751 1583 ὑποκειμένοις
770 1503 1055 1587 61συντεταγμένης,
1083 1505 1114 1567 ἐν
1136 1500 1209 1567 έπτύ
1227 1503 1259 1567 δέ
1279 1501 1381 1584 τόμοις
1397 1507 1471 1568 διαι-

328 1610 471 1691 ρεθείσης.

333 1762 469 1836 62Τοίδε
498 1767 615 1834 ἔνεστιν
644 1759 949 1857 Ἀνακεφοιλοιίοσις
974 1760 1099 1858 πρῶτον
1131 1761 1231 1858 τόμον
1258 1765 1317 1834 τού
1344 1760 1473 1858 πρῶτον

397 1884 535 1975 βιβλίου,
561 1885 620 1954 τοῦ
647 1877 737 1953 κατὰ
764 1887 826 1952 τῶν
852 1883 951 1953 εἴκοσι
977 1884 1124 1977 αἱρέσεων
1151 1887 1280 1976 ἐλέγχου
1307 1880 1407 1955 οὕτω·

416 2017 541 2094 Πρῶτον
559 2010 612 2092 μὲν
633 2013 666 2073 αί
681 2017 740 2074 τῶν
757 2011 894 2094 αἱρέσεων
909 2018 1012 2076 πασῶν
1028 2014 1148 2096 μητέρες
1169 2037 1199 2076 τε
1219 2012 1270 2076 καὶ
1285 2010 1474 2095 πρωτότυποι

246 2154 248 2159 ,
329 2115 380 2179 καί
397 2110 565 2193 ὀνομασίαι,
591 2114 620 2188 ἐξ
639 2104 681 2176 ῶν
698 2113 816 2196 μητέρες
833 2113 917 2177 πέντε
936 2116 968 2176 αί
984 2111 1067 2178 ίίλλαι
1082 2112 1233 2194 ἐφύησαν,
1254 2115 1305 2179 καλ
1326 2115 1400 2178 εἰσίν
1420 2106 1472 2178 αύ-

329 2241 377 2280 ται
397 2220 512 2299 πρῶται
531 2216 675 2297 τέσσαρες.

396 2304 439 2379 α’.
480 2315 590 2400 Πρῶτη
607 2314 824 2399 Βαρβαρισμός,
846 2315 911 2396 ῆτις
925 2314 996 2381 καθ’
1014 2314 1121 2397 έαυτῆν
1135 2318 1208 2396 ἐστι,
1232 2319 1407 2401 διαρκέσασα
1421 2314 1472 2398 ολφ’

331 2416 448 2503 ἡμερῶν
469 2425 522 2482 τοῦ
537 2415 634 2500 Ἀδύμ
656 2420 705 2482 ἐπὶ
721 2420 793 2481 δέκα
808 2415 925 2500 γενεῆς,
947 2419 1002 2492 ἕως
1017 2425 1071 2481 τοῦ
1088 2424 1168 2484 Νῶε.
1213 2418 1420 2504 Βαρβαρισμδς
1441 2417 1473 2482 δέ

330 2523 465 2603 κέκληται
487 2517 545 2585 οίπό
568 2527 621 2584 τοῦ
647 2517 688 2599 μῆ
708 2516 779 2591 τούς
803 2515 866 2581 τότε
889 2514 1072 2602 ύνθρῶπους
1095 2517 1312 2605 ιίργηγόντινα
1333 2524 1422 2604 έχειν,
1453 2517 1474 2602 ῆ

330 2628 398 2707 μίαν
415 2626 590 2704 συμφωνίαν
597 2670 606 2698 ,
637 2617 694 2682 ἄλλ’
710 2617 755 2682 ότι
777 2624 836 2693 πᾶς
859 2645 903 2694 τις
918 2621 1013 2708 ἑαυτῷ
1034 2623 1169 2703 ἐστοίχει,
1198 2624 1249 2686 καί
1271 2621 1363 2706 νόμος
1380 2624 1474 2711 ἐαυτῷ

329 2724 404 2790 κατύ
425 2723 479 2805 τῆν
500 2725 675 2804 προτίμησιν
696 2726 749 2783 τοῦ
772 2723 848 2784 ίδίου
869 2720 1053 2804 βουλήματος
1074 2725 1191 2807 ἐγίνετο.

398 2811 435 2906 β.
474 2823 605 2906 Δευτίρα
620 2819 812 2904 Σκυθισμδς,
842 2819 900 2887 ύπό
921 2831 981 2888 τῶν
1004 2821 1121 2908 ῆμερῶν
1138 2832 1192 2889 τοῦ
1208 2832 1294 2904 Νῶε,
1324 2825 1374 2888 καλ
1396 2823 1475 2905 μετέ-

333 2950 427 3002 πειτα,
450 2922 516 3007 ύχρι
534 2930 588 3005 τῆς
603 2930 657 2988 τοῦ
676 2922 793 3009 πύργου
812 2927 971 3007 οἰκοδομῆς
988 2927 1038 2989 καὶ
1055 2931 1248 3010 Βαβυλῶνος,
1269 2927 1321 2990 καί
1337 2921 1408 3008 μεττί
1424 2922 1476 2990 τόν

332 3032 386 3091 τοῦ
403 3024 518 3109 πύργου
532 3024 637 3109 χρόνον
654 3027 702 3089 ἐπὶ
716 3023 824 3111 όλίγοις
839 3029 928 3104 έτεσι,
950 3029 1079 3093 τουτέστι
1096 3029 1193 3094 Φαλέκ
1212 3031 1263 3093 καὶ
1275 3025 1409 3113 Ῥαγαοῦ,
1432 3030 1474 3093 οἵ·

332 3152 408 3203 τινες
428 3129 474 3192 ἐπί
496 3125 528 3192 τό
554 3134 607 3209 τῆς
624 3125 774 3211 Εύρῶπης
795 3137 883 3210 κλίμα
908 3128 1073 3205 νενευκότες
1095 3137 1136 3218 τῷ
1160 3137 1212 3212 τῆς
1233 3135 1372 3205 Σκυθίας
1396 3131 1475 3215 μέρει

331 3232 383 3296 καὶ
399 3237 461 3304 τοῖς
477 3226 574 3292 αύτῶν
597 3232 739 3294 63έθνεσι
757 3235 1005 3315 προςεκρίθησαν,
1027 3230 1087 3297 οίπό
1102 3239 1154 3315 τῆς
1167 3239 1220 3297 τοῦ
1237 3229 1338 3317 Θήρας
1351 3228 1474 3314 ῆλικίας,

332 3335 383 3400 καλ
404 3333 553 3409 ἐπέκεινα,
576 3333 605 3406 ἐξ
627 3323 719 3415 οὗπερ
741 3336 771 3395 οἱ
794 3337 907 3418 Θρᾷκες
928 3332 1070 3418 γεγόνασι.

396 3423 435 3520 γ’.
479 3436 567 3519 Τρίτη
593 3429 799 3515 Ἑλληνισμός,
831 3432 889 3500 diro*
905 3442 965 3499 τῶν
988 3433 1101 3517 χρόνων
1119 3442 1173 3501 τοῦ
1187 3432 1302 3520 Σερούχ
1322 3432 1475 3518 ἐναρξάμε-

335 3563 386 3612 νος
400 3537 449 3602 διύ
468 3545 557 3601 64τοι
575 3541 628 3617 τ’ῆς
641 3537 869 3621 εἰδωλολατρίας,
891 3538 943 3601 καλ
962 3533 1003 3612 ῶς
1017 3540 1165 3620 ἐστοίγουν
1183 3537 1215 3603 τό
1231 3546 1393 3621 τηνικαῦτα
1409 3539 1476 3603 ἐκα·

335 3659 401 3713 στος
415 3638 489 3704 κατύ
509 3666 575 3703 τινα
595 3640 837 3719 δεισιδαιμονίαν,
860 3640 909 3702 ἐπὶ
927 3636 959 3703 τό
984 3647 1091 3721 μᾶλλον
1112 3638 1334 3722 πολιτικώτερον
1354 3642 1404 3704 καὶ
1426 3641 1476 3705 ἐπλ

336 3741 393 3820 ἔθη
420 3743 512 3804 οὗκαὶ
532 3739 665 3825 θεσμούς
685 3738 812 3804 είδῶλων
828 3742 881 3822 μέν
893 3744 940 3804 τοί
955 3766 987 3826 γε
1003 3739 1180 3826 ἐναρξύμενα
1193 3739 1350 3805 τάττεσθαι
1364 3739 1400 3805 τολ
1417 3747 1477 3806 τῶν

337 3837 506 3923 οίνθρῶπων
524 3845 605 3926 γένη·
635 3839 682 3919 οἷς
699 3840 764 3908 τότε
785 3840 985 3924 στοιχῆσαντες
1007 3845 1243 3921 60ἐθεοποίουν,
1266 3839 1315 3906 διοί
1333 3842 1386 3925 μέν
1403 3870 1476 3928 χρω·

337 3940 438 4025 μύτων
456 3942 666 4026 διαγράφοντες
680 3942 734 4028 τῆν
752 3939 859 4028 σίργῆν,
882 3946 932 4008 καί
952 3941 1183 4023 α’πεικονίζοντες
1204 3941 1275 4020 τούς
1295 3942 1384 4010 πύλαι
1408 3940 1477 4025 παρ’

360 4079 400 4133 56,
421 4079 465 4133 καὶ
487 4079 510 4132 οἱ
527 4082 577 4130 cod.
592 4085 682 4145 Verri,
708 4088 729 4132 ιι
752 4086 786 4132 ric
806 4085 889 4145 λεμιλυτ
921 4086 1021 4146 reposui,
1036 4086 1289 4146 ουιιιλίοιοεριαεοενε
1304 4085 1406 4133 viderem
1422 4092 1478 4128 συν·

334 4155 404 4201 eiiam
421 4163 502 4211 ιυμτα.
539 4151 611 4210 λὐίρο
629 4150 650 4200 οἱ
670 4150 722 4201 καλ.
922 4150 1061 4217 τεταγμένη
1075 4151 1322 4216 --διαιρεθεῖοα
1358 4149 1476 4196 Semiusta

360 4218 401 4271 57.
418 4211 499 4281 τιν’τῆς
515 4231 560 4265 σοι.
578 4218 628 4264 cod.
647 4218 721 4266 venri.
922 4223 983 4268 enim
995 4221 1096 4282 postulat
1107 4224 1131 4267 ιιι
1141 4220 1197 4269 iaec
1212 4214 1476 4281 participiarefrraniur

358 4286 399 4335 58.
418 4282 564 4348 κολλουρίδα
581 4285 631 4332 cod.
647 4286 721 4334 Verri.
922 4283 1141 4352 οδπραγματείας,
1153 4301 1199 4336 ιιοκ
1212 4289 1244 4335 ad
1259 4279 1477 4346 ἅνακεφαλαίωυις

360 4349 753 4416 59.Κολλονριδιανολιοδλτιιιλ
768 4355 889 4416 σλειιμτο.
922 4352 966 4405 καλ
981 4349 1116 4420 ἐπιγραφή.
1145 4357 1195 4404 Nisi
1210 4351 1322 4401 malueris
1337 4350 1476 4411 distinguere

360 4419 401 4470 60.
420 4422 480 4485 μιᾶς
502 4421 608 4480 rescripsi
630 4421 769 4468 Camurium
791 4427 889 4484 εεευιυε,
921 4425 955 4470 iia
964 4427 1032 4485 οιηιιι
1042 4423 1171 4483 corripere:
1189 4414 1333 4480 ἐκκλησίας.
1352 4410 1398 4467 Ἐν
1410 4415 1475 4481 τρισὶ

336 4491 377 4552 qui
391 4488 460 4537 unius
474 4489 585 4538 reddidit.
611 4488 676 4535 Libri
691 4489 774 4536 λαοιιιλ
791 4487 844 4552 μία.
923 4487 967 4552 μὲν
977 4517 1005 4526 -
1016 4517 1049 4527 -
1063 4483 1248 4551 συντεταγμένα
1259 4510 1289 4521 -
1300 4512 1332 4523 -
1343 4485 1475 4551 διαιρεθεῖ-

362 4555 402 4608 61.
423 4553 699 4621 σνντεταγμίνης--
718 4555 888 4620 διαιρεθείσης
922 4570 956 4606 σα
971 4552 1034 4609 τάδε
1051 4553 1152 4608 ἔνεστιν.
