3046 5084
174 319 235 383 568
598 329 720 382 smum
738 329 910 381 κειεετιαιι

175 475 227 513 του
246 454 300 514 τοῦ
320 451 503 531 Μαρκίωνος
522 447 750 530 ἐπινενοημένην
765 450 968 531 ψευδηγορίαν
986 448 1038 511 καί
1053 445 1173 532 ληρεάδη
1191 449 1329 513 διδασκα-

176 556 256 630 λίαν,
286 548 378 626 αὐτάς
395 547 433 631 δή
455 548 507 626 τάς
527 557 581 615 τοῦ
597 551 812 634 προειρημένου
828 554 949 633 βίβλους
968 548 1004 625 ἀς
1024 551 1163 632 κέκτηται
1181 548 1256 631 μετά
1276 558 1330 633 χεῖ-

177 680 229 738 ρας
246 651 359 734 λαβάν,
387 650 420 716 τό
438 677 468 716 τε
484 650 552 736 παρ’
571 649 675 741 ίαύτρί
688 651 842 738 λεγόμενον
858 650 1040 738 Εὐαγγέλιον
1055 654 1108 717 καὶ
1122 649 1331 719 ’Λποστολιιιάν

177 754 360 836 καλούμενον
382 752 451 839 παρ’
472 753 567 844 αὐτῷ,
599 754 829 837 έξανθισάμενος
847 756 898 819 καλ
914 752 1124 837 ἀναλεξάμενος
1142 752 1214 820 καθ’
1231 754 1331 839 είρμδν

178 855 236 923 άπδ
251 865 309 922 τῶν
323 859 544 941 προειρημένων
558 856 612 924 δάο
628 862 751 941 βιβλίων
763 856 800 921 τά
814 859 924 942 ἐλέγξαι
936 854 1026 923 αὐτδν
1041 855 1191 941 δυνάμενα
1207 855 1331 939 ἐδάφιάν

179 989 207 1025 τι
222 959 384 1036 συντάξεως
401 959 599 1043 ἐποιησάμην,
623 958 798 1035 ἀκολούθως
812 958 901 1037 τάξας
917 957 1072 1041 κεφάλαια,
1094 962 1146 1025 καί
1162 959 1331 1046 ἐπιγράψας

179 1062 286 1151 ἑκάστη
302 1062 400 1143 ρ’ήσει,
423 1062 557 1147 πράτην,
581 1065 734 1147 δευτέραν,
756 1066 871 1144 τρίτην,
896 1064 946 1127 καλ
963 1061 1059 1138 οὕτως
1073 1064 1130 1139 ἕως
1145 1064 1248 1139 τέλους
1260 1067 1331 1141 διεξ-

175 1173 273 1249 ῆλθον
290 1168 321 1229 έν
337 1162 383 1239 οίς
401 1170 536 1245 φαίνεται
554 1162 678 1247 ἠλιθίως
695 1162 764 1229 καθ’
780 1167 887 1230 ἑαυτοῦ
912 1168 978 1230 θέτε
992 1163 1101 1241 ταύτας
1120 1164 1175 1241 τάς
1188 1190 1330 1251 παραμει-

177 1267 271 1344 νάσας
286 1275 340 1333 τοῦ
354 1293 383 1331 τε
395 1274 527 1351 σωτήρος
542 1268 593 1331 καί
607 1274 661 1331 τοῦ
676 1264 841 1333 ἀποστόλου
855 1270 944 1345 λέξεις
958 1269 1120 1347 φυλάττων.
1157 1270 1202 1333 Αἱ
1213 1270 1267 1351 μέν
1277 1268 1332 1355 γάρ

55 1402 106 1447 ηις.
120 1392 165 1435 ιιι.
180 1370 276 1435 αὐτῶν
296 1372 541 1455 παρηλλαγμένως
559 1366 609 1433 ὐπ’
628 1367 720 1434 αὐτοῦ
736 1368 1048 1458 ἐρραδιοαργήθησαν,
1076 1370 1126 1436 καλ
1144 1366 1187 1447 τίς
1203 1368 1262 1438 οὐκ
1278 1368 1333 1453 εἶχε

179 1481 258 1539 4τοῦ
272 1471 346 1538 κατά
363 1480 490 1538 Λουκᾶν
508 1470 675 1557 εὐαγγελίου
691 1470 725 1536 τά
745 1470 965 1558 ὕάντίγραφον,
987 1472 1055 1540 οὐτε
1069 1472 1090 1558 ή
1106 1483 1161 1541 τοῦ
1179 1471 1331 1541 άποστολι·

178 1584 234 1642 κοῦ
249 1584 431 1660 χαρακτῆρος
448 1578 588 1657 ἔμφασις,
617 1573 687 1638 ἀλλα
701 1576 734 1638 δὲ
750 1573 838 1656 φύσει
855 1573 895 1650 ἀς
909 1578 966 1658 έχει
981 1579 1032 1641 καί
1049 1574 1082 1643 τά
1099 1575 1269 1663 εὐαγγέλιον
1284 1578 1333 1641 καλ

179 1678 196 1745 o‘
211 1678 388 1757 ἀπόστολος,
418 1677 458 1760 μή
476 1675 632 1763 ἀλλαγέντα
648 1674 698 1741 ὐπ’
714 1675 821 1757 αὐτοῦ,
851 1680 1001 1761 δυνάμενα
1015 1679 1047 1745 δὲ
1064 1677 1156 1745 αὐτδν
1172 1682 1333 1767 διελέγχειν,

180 1779 216 1846 δι’
238 1774 280 1845 ὧν
297 1784 444 1845 δείκνυται
461 1779 570 1845 παλαιά
588 1778 719 1863 διαθήκη
736 1788 938 1863 συμφωνοῦσα
959 1780 1035 1865 πράς
1055 1780 1111 1865 τήν
1128 1784 1216 1860 νέαν,
1246 1784 1296 1849 ιιαλ
1314 1778 1334 1865 ή

179 1882 269 1965 καινή
291 1882 367 1967 πράς
388 1882 442 1965 τήν
464 1881 591 1948 παλαιάν
609 1881 771 1965 διαθήκην·
803 1882 885 1949 ἀλλαι
906 1885 938 1949 δέ
954 1881 1041 1949 πάλιν
1056 1886 1146 1963 λέξεις
1161 1892 1222 1951 τῶν
1239 1882 1335 1951 αὐτᾶν

181 1991 302 2069 βιβλίων
316 1984 519 2066 ἀποφαίνουσι
535 1985 664 2069 Χριστάν
680 1989 710 2051 ἐν
724 1989 810 2069 σαρκί
824 1989 1007 2068 ἐληλυθέναι,
1028 1990 1079 2053 καί
1094 1990 1126 2053 ἐν
1136 1985 1211 2071 ήμίν
1223 1992 1336 2065 τελείως

181 2091 458 2172 ἐνηνθρωπηκίναι·
489 2087 560 2153 ἀλλά
578 2091 629 2153 καὶ
645 2088 726 2153 ἀλλαι
741 2087 829 2155 πάλιν
850 2086 1052 2177 6ὁμολογοῦσι
1071 2089 1127 2174 τήν
1148 2097 1208 2157 τῶν
1226 2096 1336 2171 νεκράν

180 2190 355 2271 ἀνάστασιν,
379 2194 430 2257 καὶ
441 2190 493 2257 τάν
508 2192 582 2257 θεὸν
597 2194 648 2256 ἕνα
665 2190 737 2258 ὅντα
751 2190 855 2277 κάριον
869 2191 989 2259 πάντων
1005 2192 1234 2280 παντοκράτορα
1248 2190 1336 2259 αὐιάν

181 2292 307 2377 ποιητήν
322 2292 453 2378 οὐρανοῦ
467 2298 517 2359 καὶ
531 2301 587 2381 γῆς
601 2297 651 2359 καὶ
665 2293 785 2360 πάντων
799 2302 858 2361 τῶν
873 2297 922 2361 ἐπί
935 2302 990 2381 γῆς
1002 2298 1179 2381 γενομένων,
1200 2298 1256 2361 καλ
1272 2292 1336 2362 οὐτε

182 2396 461 2484 παραγαράσσουσαι
475 2404 528 2462 τοῦ
545 2395 713 2483 εὐαγγελίου
728 2396 781 2480 τήν
794 2404 912 2480 κλῆσιν,
934 2396 1003 2464 οὐτε
1018 2398 1078 2483 μήν
1092 2395 1273 2484 ἀρνοάμεναι
1287 2394 1337 2463 τδν

183 2500 309 2584 ποιητήν
326 2503 376 2567 καί
391 2497 574 2585 δημιουργδν
587 2507 647 2565 τῶν
661 2499 792 2579 πάντων,
815 2497 886 2565 ἀλλά
900 2505 1052 2583 δηλοῦται,
1072 2500 1127 2569 τάν
1140 2506 1249 2581 σαφῶς
1263 2498 1338 2583 αλμο-

182 2607 345 2690 λογημένον
364 2601 424 2668 ὐπά
447 2610 501 2669 τοῦ
518 2610 702 2688 χαρακτῆρος
721 2610 775 2669 τοῦ
793 2600 991 2669 ἀποστολικοῦ
1010 2606 1062 2670 καλ
1080 2610 1136 2671 τοῦ
1152 2600 1340 2689 εὐσγγελιεσῦ

184 2709 378 2791 κηρύγματος.
412 2708 471 2769 Καὶ
485 2708 544 2770 ἐστι
558 2703 592 2770 τά
607 2703 679 2788 ήμῖν
692 2708 972 2792 πεπραγματευμένα
985 2708 1017 2773 ἐν
1028 2704 1237 2789 ἀποκειμένοις
1246 2732 1338 2793 παρα·

184 2812 340 2894 τιθέμενα,
364 2806 450 2872 άτινά
472 2810 532 2873 ἐστι
553 2805 630 2873 τάδε.

183 3118 391 3175 ΠΡΟΟΙΜΙΟΝ
409 3118 487 3171 ΤΗΣ
505 3119 595 3173 ΠΕΡΙ
611 3118 690 3172 ΤΩΝ
705 3118 923 3173 ΜΛΡΚΙΩΝΟΣ
941 3116 1093 3173 ΒΙΒΛῙΩΝ
1109 3118 1341 3175 ΥΠΟΘΕΣἙὮΣ

599 3204 649 3257 ΤΕ
666 3206 729 3258 ΚΑΙ
746 3204 927 3259 ΕΛΕΓΧΟΥ.

258 3323 341 3412 Ὅτῳ
364 3328 449 3404 φίλον
468 3326 528 3389 ἐστί
547 3322 601 3399 τάς
621 3329 675 3387 τοῦ
696 3319 849 3405 άπαιηλοῦ
868 3326 1051 3405 Μαρκίωνος
1070 3320 1188 3399 νόθους
1209 3324 1342 3399 ἐπινοίας

185 3429 345 3511 ἀκριβοῦν,
374 3424 492 3503 καλιάς
508 3424 705 3502 ἐπιπλάστους
720 3432 774 3491 τοῦ
792 3422 885 3490 αὐτοῦ
899 3428 1087 3509 βοσκήματος
1102 3422 1236 3509 μηχανάς
1251 3429 1342 3513 διαγι-

185 3531 325 3609 νώσκειν,
354 3534 465 3618 τουτῳί·
486 3536 527 3616 τῷ
548 3532 758 3618 συλλελεγμένμ
778 3526 927 3611 πονήματι
944 3530 1074 3611 ἐντυχεῖν
1092 3528 1136 3611 μή
1156 3532 1342 3597 mnndu-

184 3632 235 3697 Ἐκ
251 3631 305 3717 γάρ
323 3639 377 3698 τοῦ
392 3630 460 3716 παρ’
478 3630 572 3698 αὐτοῦ
587 3631 755 3718 εὐαγγελίου
771 3630 808 3696 τά
821 3630 899 3717 πράς
913 3629 1084 3715 ἀντίρρησιν
1098 3636 1154 3713 τής
1169 3630 1344 3719 maim

187 3733 280 3802 αὐτοῦ
295 3740 489 3823 ῥᾳδιουργίας
504 3734 724 3811 σπουδάσαντες
737 3737 948 3820 παρεθέμεθα,
975 3730 1014 3799 ἵν’
1029 3736 1061 3799 οἱ
1075 3740 1118 3823 τῷ
1133 3732 1288 3819 πονήμτε
1300 3736 1344 3801 ἐν·

187 3848 282 3921 τυχεῖν
304 3841 455 3914 ἐθέλοντες
478 3841 563 3921 έχωσι
583 3846 670 3905 τοῦτο
689 3836 853 3923 γυμνάσιον
869 3835 1026 3920 ἀξάτητος,
1054 3834 1133 3922 πρύς
1150 3840 1269 3923 ἔλεγχον
1286 3844 1345 3903 τὸν

188 3941 237 4008 ὐπ’
255 3940 348 4007 αὐτοῦ
365 3944 599 4023 έπινενοημένων
615 3944 790 4019 ξενολεξιοῖν.
832 3938 867 4005 'O
884 3941 938 4023 μίν
954 3938 1010 4025 γάρ
1028 3938 1178 4026 χαρακτήρ
1199 3946 1256 4007 τοῦ
1270 3936 1345 4007 ωδ

188 4053 314 4109 Λουκᾶν
328 4048 462 4125 σημαίνει
476 4043 509 4110 ιδ
524 4042 699 4130 εὐαγγέλιον,
718 4041 760 4120 ἀς
773 4045 805 4109 δέ
818 4041 1054 4128 ήκρωτηρίασιαι
1066 4042 1139 4127 μήτε
1152 4040 1249 4127 ἀργήν
1260 4044 1345 4127 110¹,

188 4144 260 4229 μήτε
277 4148 364 4227 μέσα,
387 4144 460 4229 μήτε
473 4148 569 4225 τέλος,
592 4151 711 4229 ἱματίου
727 4148 917 4231 βεβρωμένου
931 4142 993 4211 άπδ
1007 4152 1124 4213 πολλῶν
1138 4152 1240 4229 σητεῖν
1252 4146 1346 4231 ίπίιι

220 4303 245 4351 ’2.
261 4296 331 4368 αὐτῷ
346 4306 429 4363 scripsi
445 4305 584 4353 Οοτιιατίιικι
595 4311 694 4367 ιιιαλιιι,
709 4309 750 4368 qui
782 4302 863 4371 ipsum
876 4302 958 4354 adhuc
970 4304 1016 4354 λιιι
1028 4320 1092 4371 qnae
1105 4312 1211 4367 εειεειιε,
1225 4302 1345 4355 tumst!-

188 4376 265 4432 verrit,
276 4386 366 4436 nempe
375 4370 401 4419 id
413 4370 479 4437 quod
490 4372 555 4435 apud
568 4372 648 4436 ipsum
658 4372 749 4423 dicitnr
782 4374 886 4431 ναεοιίι,
903 4383 957 4423 tum
971 4370 1086 4439 Apostoli
1099 4382 1191 4425 εει-εει
1227 4374 1347 4427 IMR·

190 4438 349 4504 Ενοημείίιιιπ
367 4445 417 4488 τελλ.
454 4442 518 4488 Libri
536 4442 620 4489 habent
637 4438 730 4493 αὐτῶν.
782 4446 834 4493 θεαί
851 4440 901 4495 ἐπὶ.

222 4506 246 4557 3.
265 4505 302 4558 ἔτι
315 4510 468 4557 emendarunt
479 4510 523 4557 λοι.
538 4510 643 4571 διαλίμιτ
655 4516 676 4559 ιε
691 4512 747 4561 Cor·
814 4508 840 4561 «ί.
855 4511 900 4562 τοῦ
914 4507 981 4563 κατά
992 4510 1093 4563 Λουκᾶε
1110 4504 1262 4577 timum
1271 4524 1346 4563 m·

189 4578 280 4637 πυτίαι,
296 4578 337 4637 qui
352 4578 428 4637 νετλίλ,
444 4572 512 4641 quod
525 4574 602 4624 stulte
616 4586 748 4629 contrane
780 4580 870 4629 dorm
887 4580 933 4631 Ισε.
948 4580 1071 4643 δοσίίςετ,
1095 4584 1119 4631 εέ
1135 4580 1286 4645 m.
1306 4578 1347 4645 fl
