3046 5084
171 1427 223 1474 pag.
235 1415 279 1458 1⁰9.

155 4348 271 4420 Μύ

296 350 358 412 Ἃλ
718 359 1023 413 mmmmn

295 475 452 563 Ἅγγέλων,
472 475 494 559 ή
509 478 586 541 ἐστιν
599 475 702 561 ἄγνοια
717 476 797 559 παρύ
810 484 847 566 τή
862 473 946 564 αύτή,
969 475 1097 540 τουτέστι
1112 481 1153 562 τῷ
1170 475 1269 557 Πατρί
1284 482 1345 540 τῶν
1359 473 1452 557 ὅλοιν,

295 582 323 643 εί
339 576 380 661 μή
398 577 463 668 ήὸει
481 576 501 642 ἃ
518 579 652 660 μέλλουσι
669 576 807 659 πράττειν
828 581 859 643 οί
873 575 924 641 ύπ’
942 573 1035 641 αύτού
1054 573 1334 658 κατασκευαζόμενοι
1343 574 1452 664 ’Ἀγγε-

293 688 346 760 λοι,
369 677 516 765 ύγνοήσας
529 679 574 745 ίίτι
588 676 806 762 α’ποστήσουται
821 681 871 744 καί
887 677 1064 762 ποιήσουσιν
1078 675 1098 741 ίί
1112 675 1153 760 μή
1169 675 1279 753 2ιιύτύς
1293 680 1451 760 ἐβούλετο·

292 779 313 864 ή
329 780 454 856 τούτους
470 782 523 863 μέν
539 784 659 863 ἐποίησε
674 780 824 867 γινώσκων
841 781 886 847 ὅτι
904 779 1080 863 ποιήσουσιν
1101 778 1119 844 ὃ
1137 775 1228 854 αύτύς
1245 777 1283 844 ού
1299 779 1451 863 βούλεται,

292 880 362 968 παρ’
379 881 479 947 αύτῶυ
495 883 527 947 δὲ
542 884 655 967 γέγονε,
686 885 738 947 καλ
756 885 836 948 ἐσται
853 881 903 948 διύ
919 890 972 964 τής
986 879 1122 967 γνσίσεως
1136 882 1186 946 καί
1203 877 1343 958 εύύοιιίας
1358 881 1452 961 αύτύς

292 982 419 1067 ποιήσας
437 983 456 1048 ύί
476 986 582 1050 ἐκεῖνοι
599 983 815 1066 τετολμήκασιν.
858 987 901 1047 El
917 988 1029 1061 τοίνυν,
1060 979 1101 1058 οίς
1117 991 1278 1068 προεῖπον,
1308 985 1451 1069 ἐγίνωσκε

293 1087 347 1167 μέν
362 1085 383 1150 ἃ
397 1084 588 1167 ποιήσουσιν,
618 1082 674 1150 ούκ
688 1083 829 1167 ἠβούλετο
848 1085 879 1149 δέ
893 1088 944 1149 ἵνα
960 1081 1121 1165 ποιήσωσι,
1150 1087 1207 1149 τίνι
1222 1089 1264 1170 τῷ
1280 1081 1359 1173 λύγῳ
1375 1086 1451 1164 τούς

293 1186 495 1270 πεποιηκότος
509 1189 602 1252 ἐποίει
616 1189 657 1261 είς
670 1185 703 1252 τύ
719 1185 855 1271 πράττειν
870 1184 890 1249 ἃ
907 1183 947 1268 μή
965 1183 1055 1260 αύτύς
1069 1183 1221 1266 έβούλετος
1250 1187 1295 1248 Ee
1308 1186 1342 1251 δέ
1357 1184 1449 1266 αύτύς

294 1289 346 1372 μέν
362 1292 505 1370 πεποίηκε
519 1287 589 1363 τούς
601 1284 753 1372 ’Λγγέλους
767 1291 818 1353 ἵνα
831 1285 977 1370 ποιήσωσι
991 1284 1028 1351 τύ
1041 1283 1093 1350 ὑπ’
1107 1283 1206 1351 αύτῶν
1219 1284 1369 1372 γινόμενα,
1389 1287 1449 1376 ἄρα

293 1389 381 1473 ήθελε
398 1391 549 1475 γενέσθαι,
572 1388 618 1454 Bw*
636 1391 686 1453 καὶ
703 1386 772 1464 τούς
788 1388 985 1471 πεποιηκότας
1002 1386 1270 1473 προκατεσκεύασεν
1284 1386 1446 1475 Ἀγγέλους.

293 1493 352 1555 Καί
376 1495 402 1555 εί
417 1489 686 1576 προκατεσκεύασεν
708 1493 748 1566 εἰς
765 1489 798 1555 τύ
818 1499 955 1573 ποιήσαι,
986 1488 1163 1576 ἀπαγορεύει
1179 1490 1211 1555 δέ
1226 1486 1261 1554 τύ
1276 1487 1329 1555 ύπ’
1347 1488 1448 1559 αύτιὸυ

291 1591 439 1679 γενόμενα,
454 1597 637 1674 συκοφαντία
651 1592 688 1657 ύυ
702 1596 746 1673 εἴη
762 1595 794 1657 έν
807 1594 894 1680 μέσῳ.
939 1595 982 1656 Εἰ
994 1594 1026 1657 δέ
1041 1591 1198 1677 συνεχώρει
1212 1591 1266 1673 μέν
1278 1599 1334 1656 τοῦ
1347 1603 1447 1661 ποιεῖν

292 1691 417 1774 αύτούς,
448 1693 583 1777 βούλεται
606 1696 638 1760 δέ
658 1693 694 1759 τοί
715 1691 767 1758 ύπ’
789 1691 887 1758 αύτῶν
906 1693 1062 1780 γενόμενα,
1092 1695 1240 1759 τουτέστιν
1258 1689 1448 1779 οίνθριίπους

290 1798 341 1862 καί
362 1795 478 1879 ψυχὰς,
507 1794 596 1861 πύλιυ
616 1794 692 1881 πρύς
713 1793 818 1861 ἐαυτύν
836 1793 1048 1878 ἀναλαμβάνειν
1066 1794 1147 1881 παροί
1165 1793 1222 1878 τήν
1240 1794 1353 1862 τούτων
1370 1796 1446 1880 βού-

290 1905 389 1980 λησιν,
419 1895 477 1982 ύρα
492 1900 572 1962 ἐσται
587 1902 736 1975 πλεονεξία
752 1900 784 1963 ἐν
800 1899 893 1986 μέσῳ,
915 1898 967 1962 καί
982 1895 1070 1963 ούδὲν
1087 1900 1200 1983 ἕτερον,
1232 1894 1447 1983 ύριταζομένων

291 2007 350 2065 τῶν
367 1997 427 2064 ύπύ
444 2008 504 2064 τῶν
517 1997 658 2085 ’Λγγέλωυ
672 1998 843 2085 ἀνθρώπων
856 1997 916 2064 ύπύ
934 2007 986 2064 τοῦ
1001 1997 1064 2064 τ’ίνω
1079 1997 1161 2084 παρύ
1176 1996 1232 2081 τήν
1245 1998 1359 2066 τούτων
1372 2001 1446 2083 βού-

290 2108 380 2182 λησιν.
422 2099 506 2165 ’Λλλᾶ
526 2103 577 2167 καί
598 2098 738 2187 α’δριίνεια
761 2105 821 2183 εἴη,
853 2098 954 2185 ἐπειδή
976 2099 1016 2183 μή
1038 2099 1127 2176 αύτύς
1148 2098 1313 2183 δυνάμενος
1334 2103 1446 2170 ἑαυτοῦ

290 2212 387 2268 ποιεῖν
403 2200 525 2288 ἁρπάζει
540 2202 577 2268 τύ
591 2201 650 2268 ύπύ
667 2211 727 2269 τῶν
740 2201 790 2268 ὕπ’
807 2202 899 2268 αύτοῦ
916 2204 1080 2288 γενομένων
1092 2200 1242 2288 γενόμενοι.
1286 2204 1348 2268 Καί
1362 2206 1446 2272 ἐσται

289 2301 393 2370 λοιπύν
407 2313 507 2388 μῦθος
521 2307 572 2370 καλ
586 2309 766 2390 μωρολογία,
788 2311 846 2369 τῶν
861 2305 913 2386 μέν
927 2303 1007 2369 κάτω
1024 2301 1177 2386 δυνάμεων
1193 2300 1356 2388 ύπερβήνοι
1369 2306 1446 2384 τούς

291 2409 323 2471 ἐν
344 2408 437 2495 μέσῳ,
467 2406 538 2482 τούς
557 2408 589 2472 δέ
606 2409 638 2472 έν
656 2409 735 2495 μέσῳ
750 2415 944 2490 τιμωρεῖσθαι
963 2409 1074 2481 αἰτίους
1091 2403 1179 2481 ὄντας
1192 2411 1252 2471 τῶν
1264 2406 1360 2485 καίτοι,
1388 2412 1446 2476 καλ

290 2507 360 2584 τούς
381 2509 461 2574 κύτω
482 2506 558 2592 ύπέρ
578 2507 650 2583 τούς
670 2510 779 2590 μέσους
795 2507 871 2594 πρύς
886 2507 939 2573 τύυ
957 2506 1020 2574 ύνω
1038 2507 1184 2586 σώζεσθαι
1198 2510 1250 2573 καί
1267 2510 1443 2596 ἐλευθεροῦ.

291 2622 374 2691 σθαι,
395 2613 468 2695 λέγω
484 2608 522 2692 δή
537 2609 590 2685 τύς
604 2608 704 2692 ψυχύς
718 2616 778 2674 τῶν
790 2612 821 2674 ἐν
835 2614 903 2700 τῇδε
918 2618 954 2700 τῇ
968 2614 1067 2676 κτίσει.
1110 2607 1209 2692 Era&
1226 2607 1263 2675 τίν
1276 2608 1295 2676 ύ
1309 2611 1362 2694 μέν
1376 2608 1443 2680 ύίυοι

290 2711 331 2794 μή
353 2713 495 2793 δυνηθείς
515 2719 635 2793 ποιήσαι
654 2709 784 2794 ἀσθενής
799 2710 984 2797 κρινόμενος,
1014 2716 1046 2778 οί
1060 2712 1092 2778 δέ
1107 2709 1157 2777 ύιύ
1176 2709 1270 2778 αύτού
1287 2712 1445 2798 γενόμενοι

289 2811 447 2895 δυνάμενοι
471 2820 593 2896 ποιήσαι
614 2811 634 2877 ἃ
655 2810 744 2889 αύτύς
762 2815 815 2896 μέν
835 2812 891 2880 ούκ
909 2814 1046 2896 ἐβούλετο
1065 2816 1117 2880 καλ
1134 2812 1190 2881 ούκ
1208 2812 1348 2898 ήδύνατο.
1394 2814 1443 2884 Ού

289 2913 345 3001 γὰρ
365 2913 489 2981 δύναται
510 2913 530 2979 ἃ
550 2918 661 2991 ἐκεῖνος
678 2917 822 2981 ἐπιποθεῖ
839 2914 914 2982 είναι
937 2915 1016 3006 αύτῷ
1037 2915 1146 2995 κακδν,
1175 2914 1247 2983 ούδέ
1262 2913 1322 2983 ύιτύ
1339 2925 1445 2985 κακῶν

289 3018 446 3104 γεγονέναι.
489 3021 533 3082 Et
548 3015 605 3103 γὰρ
623 3010 661 3101 ήν
677 3016 786 3098 κακὸν,
816 3020 902 3103 ἐχρῆν
921 3017 1116 3085 ύπύλλυσθαιἸ
1159 3021 1203 3083 Et
1215 3019 1248 3084 δέ
1261 3016 1336 3096 ὅλως
1351 3020 1445 3105 μέρος

289 3148 318 3187 τι
339 3127 393 3186 τοῦ
414 3122 502 3204 έργου
523 3118 656 3198 σώζεται,
684 3117 782 3184 ούκέτι
799 3118 832 3185 τύ
851 3123 938 3206 έργον
958 3128 1088 3202 φαῦλον,
1118 3118 1177 3186 κίίν
1192 3146 1224 3186 τε
1240 3120 1328 3206 μέρος
1343 3117 1444 3188 αύτοιῖ

290 3219 455 3304 σωζόμενον
469 3219 646 3306 εύρίσιτοιτο,
669 3219 736 3285 ούτε
750 3224 781 3286 οί
790 3221 965 3305 ποιήσαντες
978 3229 1087 3303 φαῦλοι
1100 3220 1153 3287 τύν
1166 3219 1329 3304 σωζύμενον
1339 3246 1442 3305 τεχνη-

290 3323 419 3408 σύμενοι.
462 3325 506 3386 Et
518 3323 551 3387 δέ
566 3322 641 3398 ὅλως
658 3326 688 3400 έξ
702 3320 843 3408 ’Λγγέλωυ
860 3321 881 3405 ή
898 3325 996 3408 ψυχή,
1026 3326 1078 3390 καί
1096 3323 1212 3392 ἄνωθεν
1224 3321 1365 3405 λαμβάνει
1382 3322 1441 3388 δύο

289 3452 380 3507 ναμιν
401 3433 602 3510 ταραχθεῖσα,
638 3423 720 3509 ’ἄρα
743 3419 832 3509 γεόί
845 3423 978 3512 ’Ἄγγελοι
1002 3428 1091 3493 πλέον
1113 3428 1254 3510 σωτηρίας
1274 3421 1441 3508 τεύξονται,

290 3525 334 3591 ὅτι
351 3525 372 3609 ή
390 3525 439 3591 ἄπ’
456 3524 555 3592 αύτοίν
573 3524 655 3610 ψυχή
670 3529 804 3607 σοι’ζεται,
834 3530 885 3592 καλ
901 3531 1023 3608 φαύλων
1037 3521 1128 3594 οὖσα·
1157 3527 1321 3610 σωζομένης
1335 3527 1369 3593 δέ
1384 3526 1443 3594 ού·

290 3633 343 3708 τῆς
363 3626 462 3694 ούκέτι
480 3636 595 3710 φαῦλος
617 3627 683 3694 ούτε
703 3627 778 3711 αύτή
799 3626 820 3712 ή
837 3628 919 3713 ψυχή
938 3627 959 3714 ή
975 3632 1115 3716 γενομένη
1131 3626 1190 3697 ύπύ
1207 3635 1266 3695 τῶν
1281 3626 1442 3716 Ἀγγίλιεν,

292 3725 358 3792 ούτε
379 3729 569 3817 οί”Λγγελοι,
591 3733 622 3809 ἐξ
643 3721 686 3798 οἶν
706 3728 781 3815 αύτή
801 3728 823 3814 ή
842 3729 927 3814 ψυχή
947 3729 1079 3818 ύπύρχει.

377 4346 474 4410 Παντὶ
491 4345 523 4409 δέ
539 4352 580 4434 τῷ
597 4345 649 4411 τύν
665 4355 738 4414 νοῦν
752 4349 921 4436 ἐρρωμένου
937 4349 1031 4433 ἐχοντι
1050 4349 1145 4415 ίστέον
1162 4345 1200 4415 ύν
1215 4351 1260 4432 εἴη
1274 4344 1319 4415 ὅτι
1335 4342 1447 4429 οίνοίσς

310 4492 1107 4585 μὼωωψψωωκωὼ

291 4584 363 4629 ουτος
378 4573 429 4621 cod.
445 4572 542 4634 λλιιλίμ.
558 4575 580 4620 ιλ
595 4573 649 4621 τσιλ
663 4576 739 4634 μήτι.
