3046 5084
281 328 341 389 338
706 336 824 386 ειααιι
845 336 1010 385 εειειιιαιι

282 453 456 539 μεμήνυται,
479 451 608 534 άνελῦθη
626 451 663 516 άν
680 458 712 496 ¹⁶
723 454 764 526 είς
781 451 835 534 τήν
850 450 953 516 οῦσίαν
969 449 1074 532 αῦτής,
1103 447 1173 515 άλλά
1188 453 1257 534 ἐστη
1274 453 1326 518 καί
1340 450 1432 518 ἐπαῦ-

283 582 353 622 σατο
371 564 425 623 τοῦ
442 555 570 630 πάθους.
612 552 713 639 Ἡγάρ
729 557 888 631 ἐξελθοῦσα
903 553 1028 635 δύναμις
1041 551 1148 620 τοῦτου
1166 551 1253 631 (εἶναι
1268 556 1300 620 δέ
1317 553 1431 620 17ταῦ-

281 687 335 742 την
351 657 504 744 τὸνὍρον
523 660 671 733 θέλουσιν)
691 654 888 741 ἐθεράπευσεν
906 654 1013 738 αῦτήν,
1044 658 1096 721 καὶ
1113 655 1146 723 τά
1166 654 1268 734 πάθος
1286 657 1433 743 ἐγάμησεν

281 760 331 827 ά’π’
348 759 447 844 αῦτῆς.
497 757 576 825 18Τά
599 760 631 824 δὲ
650 766 777 843 Σωτῆρα
797 757 848 823 τάν
867 761 901 825 ἐκ
920 757 1039 824 πάντων
1056 756 1127 823 ὅντα
1146 757 1179 823 τά
1198 766 1268 826 Πάν
1285 759 1362 827 εἶναι
1381 759 1433 826 διά

160 896 210 942 ρος.
224 881 269 926 181.
283 871 337 931 τοῦ
351 862 441 949 λόγου
455 871 519 942 τοῦ,
544 869 615 926 Πάν
630 860 720 947 άρρεν
734 865 884 946 διανοῖγον
901 860 1024 947 μήτραν,
1046 864 1211 943 δηλοῦσθαι
1226 865 1375 949 λέγουσιν·
1398 862 1434 939 ῦς

220 974 226 980 ”
281 965 313 1032 τά
332 973 401 1031 Πάν
420 964 504 1030 ῑθοδν
519 964 647 1047 διήνοίξε
661 962 714 1047 τήν
728 960 842 1049 μήτραν
859 971 911 1046 τῆς
926 961 1154 1046 Ἐνθυμήσεως,
1173 972 1226 1030 τοῦ
1241 965 1435 1043 πεπονθότος

283 1072 401 1144 Αίωνος
415 1071 466 1133 καὶ
484 1071 683 1149 ἐξορισθείσης
699 1065 784 1142 ἐκτδς
801 1073 854 1131 τοῦ
874 1064 1092 1151 Πληράματος,
1114 1067 1153 1149 ήν
1171 1066 1208 1149 δή
1225 1070 1277 1133 καὶ
1293 1072 1435 1156 δευτέραν

281 1170 428 1257 Ὀγδοάδα
441 1177 574 1249 καλοῦσι,
588 1172 654 1253 περὶ
667 1172 704 1250 ής
716 1167 822 1253 μικράν
833 1167 957 1253 ὕστερον
969 1172 1101 1254 ἐροῦμεν.
1133 1172 1194 1235 Καὶ
1205 1168 1266 1236 ῦπά
1280 1179 1333 1237 τοῦ
1347 1171 1434 1238 Παῦ-

281 1282 334 1339 λου
351 1274 383 1338 δὲ
399 1280 535 1354 φανερῶς
549 1271 598 1337 διά
614 1278 701 1336 τοῦτο
718 1273 855 1356 εἰρῆσθαι
868 1273 994 1355 λέγουσι,
1014 1274 1075 1336 Καὶ
1089 1269 1180 1348 αῦτάς
1196 1275 1256 1338 ἐστι
1270 1272 1306 1337 τά
1319 1273 1432 1340 πάντα·

280 1378 331 1441 καὶ
347 1373 448 1456 πάλιν,
473 1372 578 1439 Πάντα
595 1376 637 1449 είς
654 1371 759 1452 αῦτάν,
781 1375 832 1437 καὶ
848 1375 878 1449 ἐξ
896 1371 990 1438 αῦτοῦ
1007 1372 1043 1437 τά
1060 1373 1171 1439 πάντα·
1193 1377 1245 1440 καὶ
1260 1374 1362 1456 πάλιν,
1382 1375 1434 1442 Ἐν

281 1475 360 1566 αῦτῷ
378 1486 511 1542 κατοικεῖ
522 1484 583 1541 πᾶν
598 1474 631 1540 τά
649 1474 792 1560 πλήρωμα
809 1483 862 1558 τής
878 1473 1036 1558 θεότητος·
1058 1479 1110 1542 καὶ
1124 1476 1176 1555 τά,
1197 1475 1433 1560 Ἀνακεφαλαιοὶ-

281 1590 392 1646 σασθαι
410 1581 442 1644 δέ
457 1578 494 1643 τά
508 1580 605 1643 πάντα
622 1580 709 1666 ἐντῷ
730 1584 847 1666 Χριστῷ
864 1576 913 1642 διά
931 1585 985 1642 τοῦ
1002 1585 1094 1657 θεοῦ,
1124 1579 1335 1665 ἑρμηνεύουσιν
1353 1584 1432 1667 εἰρή-

281 1693 371 1761 σθαι,
394 1685 444 1746 καὶ
468 1686 496 1746 εί
514 1708 579 1746 τινα
600 1679 672 1745 άλλα
693 1688 822 1745 τοιαῦτα.

141 1795 208 1865 Κεφ.
227 1791 265 1855 ις’.
357 1783 480 1850 Ἔπειτα
495 1787 563 1869 περὶ
579 1783 735 1868 τοῦὍρου
752 1780 858 1863 αῦτοῦν,
881 1782 916 1848 δν
931 1780 969 1866 δή
982 1784 1031 1848 καὶ
1044 1785 1173 1849 πλείοσιν
1186 1782 1311 1869 ὀνόμασι
1323 1794 1434 1854 καλοῦ-

281 1910 324 1967 σι,
347 1885 401 1952 δάο
418 1890 561 1972 ἐνεργείας
577 1889 651 1969 ἐχειν
666 1884 757 1950 αῦτάν
774 1883 1026 1967 άποφαινάμενοι,
1053 1883 1109 1967 τήν
1125 1887 1299 1972 ἕδραστικήν
1312 1890 1363 1954 καί
1376 1887 1434 1973 τήν

283 1988 461 2075 μεριστικήν,
476 1991 528 2055 καί
548 1998 558 2035 ¹
570 1986 654 2054 καθά
667 1989 720 2071 μὲν
734 1987 845 2073 ἐδράζει
858 1989 909 2052 καί
921 1992 1053 2072 στηρίζει,
1069 1988 1208 2074 Σταυρδν
1220 1987 1302 2074 εἶναι,
1323 1990 1432 2058 2καθά

281 2095 313 2158 δὲ
332 2098 437 2178 μερίζει
453 2095 504 2158 καί
520 2096 652 2177 διορίζει,
673 2090 776 2176 ”ορον.
825 2088 884 2156 Τόν
898 2092 949 2173 μὲν
968 2090 1123 2176 ΒΣταυράν
1140 2091 1236 2169 οῦτως
1251 2094 1366 2179 λίγουσι
1381 2119 1433 2177 με·

255 2190 260 2208 '
281 2198 442 2280 μηνυκέυαι
456 2193 508 2269 τάς
525 2197 670 2279 ἐνεργείας
686 2191 792 2258 αῦτοῦ·
814 2195 866 2258 καὶ
883 2201 1001 2278 πρῶτον
1016 2194 1070 2276 μέν
1085 2192 1140 2277 τήν
1154 2195 1327 2281 ἕδραστικήν
1340 2198 1373 2263 ἐν
1387 2222 1432 2285 τρι

280 2301 384 2378 εἰπεῖν,
398 2297 455 2373 Ὃς
471 2294 508 2362 οῦ
523 2295 657 2379 βαστάζει
672 2294 723 2361 τάν
738 2294 866 2382 σταυράν
881 2294 982 2376 αῦτοῦ,
1003 2297 1055 2361 καὶ
1072 2294 1236 2363 άκολουθεῖ
1248 2324 1310 2380 μοι,
1330 2308 1432 2383 μαθη-

279 2399 331 2483 τής
349 2399 446 2482 4ἒμδς
461 2397 497 2465 οῦ
508 2396 632 2464 δύναται
649 2400 822 2484 ῡγενέσθαι·
839 2400 900 2476 καί,
911 2397 1006 2483 ’Ἁρας
1019 2397 1072 2465 τάν
1085 2399 1213 2485 σταυράν
1229 2398 1345 2468 οαῦτοῦ
1359 2398 1432 2467 ἆιιο·

278 2501 381 2568 λοῦθει
399 2528 463 2584 μοι·
486 2499 539 2584 τήν
557 2503 588 2566 δέ
602 2498 784 2586 διοριστικήν
798 2497 892 2566 αῦτοῦ
909 2502 995 2590 ἐντῷ
1012 2504 1115 2582 εἰπεῖν,
1140 2501 1205 2569 Οῦκ
1221 2493 1316 2587 ήλθσν
1327 2505 1432 2585 βαλεῖν

280 2605 409 2691 εἰρήνην,
431 2602 502 2669 άλλά
516 2603 668 2688 μάχαιραν.
705 2605 765 2668 Καὶ
781 2601 832 2668 τάν
845 2600 984 2686 Ἰωάννην
998 2604 1031 2670 δέ
1043 2606 1176 2690 λέγουσιν
1190 2603 1264 2673 αῦτά
1277 2611 1363 2673 τοῦτο
1377 2630 1430 2687 με·

280 2709 457 2790 μηνυκέναι,
485 2706 621 2785 εἰπόντα,
656 2704 695 2772 Τά
714 2704 809 2772 πτῦον
824 2709 856 2771 ἐν
869 2712 905 2795 τῇ
920 2708 994 2792 χειρί
1009 2704 1120 2787 αὐτοῦ,
1151 2709 1225 2774 7καί
1240 2713 1433 2795 διακαθαριεῖ

277 2808 331 2893 τήν
352 2808 466 2888 άλωνα,
496 2811 548 2875 καί
569 2807 684 2886 συνάξει
706 2806 758 2874 τάν
776 2817 858 2876 σῖτον
873 2812 916 2884 είς
932 2808 986 2892 τήν
1006 2807 1191 2894 ε’άπαιθήκην
1204 2808 1314 2892 αῦτσῦ,
1341 2807 1377 2879 τῦ
1395 2810 1432 2878 δδ

278 2910 388 2997 άχυρον
406 2910 584 2977 κατακαύσει
605 2914 679 2997 πυρὶ
697 2910 845 3001 άσβέστμ,
875 2915 926 2978 καί
945 2910 994 2977 διά
1011 2910 1120 2979 τοῦτον
1138 2910 1192 2996 τήν
1210 2914 1358 3000 ἐνέργειαν
1373 2921 1432 2981 τοῦ

267 3013 366 3099 ’Όρου
389 3016 592 3098 μεμηνυκέναι.
638 3013 740 3079 Πτῦον
761 3013 817 3100 γάρ
839 3018 974 3082 θέκεῐνον
992 3013 1046 3081 τάν
1062 3014 1199 3102 Σταυρδν
1214 3014 1432 3101 ἑρμηνεύουσιν

277 3114 361 3196 εἶναι,
385 3116 421 3184 δν
436 3116 474 3200 δή
490 3119 541 3182 καὶ
555 3115 720 3183 άναλίσκειυ
734 3117 770 3181 τά
786 3115 873 3183 ῦλικά
888 3116 994 3196 πάντα,
1017 3115 1059 3195 οῦς
1072 3117 1166 3204 άχυρα
1180 3125 1252 3205 πῦρ,
1273 3122 1433 3206 καθαίρειν

277 3221 309 3285 δέ
322 3218 394 3297 τοῦς
410 3222 610 3302 σωζομένους,
633 3217 675 3296 οῦς
689 3218 721 3286 τά
738 3218 832 3287 πτῦον
845 3220 899 3287 τάν
913 3230 1002 3287 σῖτον.
1049 3227 1171 3287 Παῦλον
1188 3221 1221 3286 δὲ
1235 3218 1287 3287 τδν
1302 3218 1433 3291 dudm·

274 3331 326 3389 λον
338 3326 389 3388 καί
402 3321 494 3388 αὐτόν
515 3330 547 3368 ¹⁰
556 3321 824 3405 ἐπιμιμνήσκεσθαι
834 3323 943 3390 τούτου
955 3329 1009 3388 τοῦ
1021 3330 1160 3409 Σταυροῦ
1171 3325 1305 3408 λέγουσιν
1316 3322 1432 3402 οὕτως·

274 3421 313 3489 ‘0
329 3424 416 3511 λόγος
434 3424 490 3512 γάρ
508 3421 526 3491 ά
544 3434 598 3491 τοῦ
614 3432 753 3510 Σταυροῦ
769 3435 833 3503 τοῖς
850 3427 903 3508 μέν
919 3424 1133 3510 άπολλυμίνοις
1148 3431 1245 3511 μωρία
1260 3427 1337 3507 ἐστί,
1365 3436 1434 3505 τοῖς

277 3527 311 3591 δὲ
325 3531 500 3612 σωζομένοις
521 3525 635 3610 ιιήμῖν
649 3527 775 3611 δῦναμις
786 3535 873 3595 θεοῦ.
917 3531 977 3595 Καί
993 3527 1097 3608 πάλιν,
1117 3526 1201 3611 Ἐμοί
1214 3529 1248 3596 δῦ
1260 3527 1303 3613 μή
1313 3530 1431 3615 rhum

275 3630 307 3694 ἐν
330 3634 432 3712 μηδενί
451 3637 636 3714 καυχᾶσθαι,
668 3633 695 3695 τί
710 3629 751 3713 μή
766 3633 797 3697 ἐν
812 3638 853 3720 τῷ
868 3638 984 3721 σταυρρῖ
999 3639 1054 3698 τοῦ
1073 3628 1228 3715 ηἸησοῦ,
1257 3622 1347 3698 διὀῦ
1361 3632 1433 3715 λμοί

273 3729 385 3814 κόσμος
399 3732 588 3818 ἐσταύρωται,
607 3729 689 3818 κάγοδ
704 3739 745 3820 τῷ
759 3732 870 3823 κόσμῳ.
917 3741 1045 3800 Τοιαῦτα
1056 3734 1110 3817 μὲν
1123 3726 1179 3801 σῦν
1191 3735 1260 3821 περί
1272 3739 1328 3800 τοῦ
1343 3740 1432 3820 Πλη-

274 3832 409 3920 ράματος
433 3835 531 3902 αὐτῶν
553 3839 605 3902 καί
627 3844 682 3902 τοῦ
706 3833 876 3919 πλάσματος
896 3836 1003 3915 πάντες
1023 3839 1171 3924 λέγουσιν,
1209 3835 1432 3923 Ῑῑέφαρμῦᾷεν

310 4025 348 4078 16.
364 4024 428 4092 τρίς
449 4031 499 4078 cod.
516 4031 569 4079 λιιι.
866 4022 881 4082 3
897 4032 948 4081 οοιλ
964 4033 1018 4082 ναι.
1045 4030 1089 4084 καὶ
1101 4027 1167 4084 καθά
1183 4031 1234 4082 οοδ
1244 4030 1343 4095 Mn.
1354 4034 1376 4081 ιλ
1389 4033 1431 4085 d.

307 4095 345 4147 17.
362 4098 398 4146 Ιία
415 4098 466 4145 τοῦ.
487 4098 541 4147 Van.
578 4098 652 4160 λαῖμα
670 4089 772 4162 ταάτης.
797 4124 828 4136 -
864 4101 939 4160 princ.

274 4164 320 4212 Vel.
335 4166 425 4214 Ιτεααιί
439 4167 534 4226 sutem.
556 4167 623 4215 λοοιε
646 4182 692 4232 μοι
710 4181 834 4232 egressam
900 4167 926 4218 3.
944 4170 981 4218 Ιιο
995 4169 1050 4218 λίθω·
1064 4182 1150 4221 σαντα.
1183 4169 1304 4230 Paeana,
1320 4168 1432 4221 lm·

273 4231 391 4280 virtutem
411 4231 492 4280 ιιιω.
865 4239 904 4285 ιω
916 4237 1004 4298 αιτιοι
1015 4250 1045 4287 α
1059 4242 1104 4288 ιιι
1116 4239 1209 4288 mm
1220 4236 1345 4300 ωιηιαι
1357 4248 1433 4303 ειμ-

306 4301 346 4350 18.
363 4296 406 4352 τδι
423 4296 453 4354 δὲ
469 4302 537 4350 codd.
553 4302 628 4351 Venet.
646 4305 722 4354 Paris.
866 4306 892 4353 αλ
908 4306 986 4353 iubent
1001 4302 1123 4370 Σωτῆρα.

306 4365 344 4417 19.
362 4360 397 4419 (δι
413 4384 459 4419 ιιοιι
474 4370 542 4419 habet
557 4371 608 4418 οοσ.
626 4372 678 4420 Vm
898 4368 923 4421 4.
942 4369 956 4423 ἐ
976 4367 1006 4431 ὃς
1022 4388 1068 4423 om.
1086 4374 1138 4424 τσδ.
1156 4374 1211 4423 λιιι.

305 4434 521 4488 cnam-1.
539 4429 759 4491 καθ’ἃοοσ.λέιι
784 4457 831 4492 κα·
898 4440 923 4490 ὁ.
942 4389 1005 4493 είῦαι
1021 4443 1075 4492 τοῦ.
1092 4442 1147 4491 Vm.

269 4499 300 4556 θλ
318 4506 369 4553 cod·
386 4507 463 4556 Paris.
896 4504 922 4559 6.
939 4510 977 4559 Ιία
990 4512 1109 4572 ειιεελμιλε
1121 4510 1259 4560 nomm
1296 4508 1376 4575 Νμ
1384 4522 1431 4565 ι-

300 4570 325 4623 2.
342 4570 408 4627 καθὸ
424 4575 475 4625 ινδ.
489 4575 563 4625 Velie.
578 4579 600 4624 ιι
612 4575 648 4626 εδ.
659 4576 742 4630 Ριίιιυ.
769 4570 830 4629 καθ’
862 4577 898 4626 m
912 4569 992 4630 αῦταῦ
1009 4570 1147 4633 ἀκολουθεῖ
1160 4592 1213 4645 um
