3046 5084
398 246 532 298 runaan
550 247 627 299 anv.
643 247 809 299 namucus
828 247 890 298 utu.
907 250 925 299 1.
943 249 1023 300 ron.
1039 252 1057 300 t.
1263 240 1302 299 65

158 365 205 452 qui
223 365 289 430 istic
305 375 374 430 ante
393 386 426 429 se
440 365 615 430 domicilium
632 366 865 445 collocaverant,
889 369 936 452 qoi
956 370 1070 431 tandem
1089 388 1105 430 a
1122 369 1248 431 letarum
1271 368 1300 431 ri

156 479 186 529 et
204 466 382 531 immanitate
396 486 519 530 servare
534 485 602 529 sose
617 466 792 551 potuissent.
838 465 951 549 Quibus
971 470 1076 533 auditis
1098 491 1153 533 rex
1172 471 1298 533 accersi-

155 569 192 632 tis
210 569 376 633 senioribus
398 569 579 649 interrogat,
612 586 753 649 quaenam
776 567 834 629 illis
854 567 883 630 in
901 566 1008 633 ludusa
1028 571 1107 632 vitae
1123 572 1215 648 ratio,
1239 583 1297 634 turn

154 672 297 753 quomodo
318 670 348 733 io
372 679 453 731 tanta
473 665 632 729 bestiarum
653 665 819 730 incursione
837 669 981 751 tantisque
996 669 1126 751 regionis
1140 671 1298 734 incommo-

153 772 197 834 dis
214 773 329 836 illarum
349 769 489 832 laniatum
505 788 539 830 ac
559 767 702 830 lenitatem
722 768 906 850 effugissent.
952 767 996 832 llli
1016 771 1188 833 constitutas
1207 794 1224 834 a
1242 773 1298 836 dcu

152 872 207 936 sibi
231 873 312 956 lcgcs
336 870 549 946 demonstrant,
583 869 796 953 prudenterque
822 871 897 953 quod
925 882 987 932 crat
1015 872 1118 934 rationi
1143 887 1298 936 cousenta-

152 994 238 1037 ueum
258 970 440 1054 significant,
463 967 567 1033 nullam
589 969 627 1032 iis
647 970 675 1033 in
693 971 764 1034 lucis
785 972 931 1034 nationem
950 994 1036 1056 posse
1053 974 1217 1036 consistere
1240 975 1297 1037 nisi

151 1074 291 1138 divinitus
307 1071 420 1134 traditis
433 1092 485 1156 per
499 1069 626 1156 Moyseo
641 1071 752 1156 legibus
768 1072 991 1155 obtemperaret,
1014 1075 1098 1137 deum
1115 1076 1219 1160 quippe
1237 1087 1296 1139 ter·

152 1194 203 1237 rac
224 1172 383 1256 praesidem
398 1194 431 1235 ac
448 1183 642 1258 protectorem
663 1194 746 1251 esse,
770 1175 944 1257 minimeque
965 1175 1024 1260 pati
1040 1175 1076 1238 ab
1094 1178 1227 1240 externis
1243 1201 1294 1262 pu-

151 1274 226 1358 pulis
240 1294 293 1358 per
309 1272 525 1338 simulacrorum
541 1274 647 1338 cultum
666 1275 794 1359 aliosque
813 1277 1038 1359 superstitiones
1060 1278 1212 1365 quicquam
1234 1281 1292 1343 illic

151 1385 253 1439 contra
270 1373 400 1439 instituta
420 1374 571 1439 committi.
610 1375 695 1459 Quae
713 1377 808 1439 omnia
828 1375 1103 1443 Nabuchodonosor
1119 1380 1292 1462 negligenda

151 1475 265 1540 minime
284 1488 380 1555 ratus,
409 1479 544 1541 sincerae
566 1478 680 1541 illorum
705 1479 830 1541 urationi
852 1479 936 1543 fidem
953 1481 1193 1557 accommodans,
1216 1483 1291 1565 legis

150 1579 309 1662 exemplum
329 1580 470 1665 poposcit.
516 1575 610 1643 Cuius
633 1601 698 1642 oum
723 1579 764 1642 illi
781 1580 893 1664 copiam
917 1581 1032 1645 abunde
1052 1581 1209 1658 iecissent,
1233 1580 1291 1647 Es·

148 1679 226 1743 dram
243 1683 385 1764 quendem
402 1681 583 1744 sacerdotem
601 1680 731 1764 legisque
748 1681 896 1743 doctorem
913 1679 1065 1766 Babylone
1082 1704 1146 1747 cum
1161 1683 1210 1748 illa
1227 1684 1290 1770 ipsa

146 1781 210 1865 lege
226 1782 389 1861 destinant,
413 1792 446 1845 ut
462 1780 606 1865 Assyrios
623 1781 671 1863 qui
687 1777 849 1845 Samariam
865 1782 1050 1861 incolebant,
1073 1785 1129 1847 boc
1148 1796 1194 1848 est
1209 1782 1289 1850 Cbu-

144 1882 262 1962 tbucos,
294 1884 425 1966 aliosque
448 1903 535 1967 supra
563 1893 805 1944 comunemoratos
826 1884 964 1967 populos,
999 1881 1140 1948 Massicis
1163 1887 1289 1950 decretis

144 1984 319 2048 imbuerent.
365 1984 482 2048 Accidit
506 1982 560 2045 buc
579 1981 728 2044 tricesimo
751 1983 814 2067 plus
833 1985 926 2047 minus
952 2006 1045 2064 anno,
1078 2007 1162 2070 qoam
1187 1984 1288 2051 ludaei

142 2105 182 2149 ex
195 2083 307 2150 israele
325 2108 359 2150 ac
374 2084 589 2170 Hierosolymis
606 2082 749 2166 deportati
767 2081 901 2147 luissent.
941 2081 1034 2167 lgitur
1050 2085 1173 2165 Esdras,
1194 2098 1224 2151 ct
1239 2091 1288 2170 qui

143 2209 207 2251 cum
225 2208 261 2252 eo
278 2187 400 2272 proiecti
419 2197 504 2265 sunt,
529 2183 731 2249 Samaritanae
753 2183 883 2266 regionis
902 2185 1013 2247 incolas
1029 2187 1180 2266 erudiunt,
1206 2188 1288 2251 iude·

142 2309 197 2373 quc
213 2286 381 2353 Samaritae
397 2289 478 2368 dicti,
501 2288 548 2373 qui
565 2287 601 2350 ab
617 2285 725 2363 Esdra,
749 2306 833 2370 quem
848 2308 904 2349 rex
920 2283 1073 2370 Babylone
1091 2289 1221 2367 miserat,
1245 2291 1287 2353 le-

141 2411 206 2474 gem
222 2401 412 2476 acceperunt.
455 2388 529 2453 Post
548 2390 619 2453 bacc
635 2387 700 2453 aliis
719 2385 777 2451 XL
794 2390 879 2451 annis
896 2389 1015 2473 elapsis,
1040 2389 1179 2452 dissoluta
1195 2393 1286 2474 capti·

140 2493 230 2557 vitato
252 2491 406 2556 lsraelitae
428 2491 457 2556 in
480 2491 600 2577 patriam
623 2490 736 2555 reversi
758 2499 838 2553 suut.

232 2694 305 2761 lllud
340 2717 414 2761 vcro
447 2695 638 2760 admiratione
672 2693 740 2757 mibi
778 2695 894 2777 dignum
925 2697 1058 2773 videtur,
1099 2700 1284 2781 quemadmu-
1303 2698 1435 2768 Capvnt.

140 2800 206 2862 dum
228 2819 282 2884 pru
300 2796 343 2861 lV
367 2799 478 2862 illarum
502 2797 630 2882 gentium
654 2815 775 2859 numero
801 2796 919 2859 totidem
940 2798 970 2861 io
997 2819 1034 2861 eo
1057 2800 1163 2884 populo
1186 2812 1284 2865 sactae

141 2901 296 2964 coluerint.
340 2895 470 2981 Quarum
498 2899 589 2984 prima
611 2908 657 2960 cst
672 2895 874 2976 bissenorum,
902 2896 943 2962 ll.
964 2899 1199 2981 Gortbcnorom,
1223 2901 1281 2966 lll.

140 2999 357 3080 Scbuasorum,
390 2998 446 3064 lV.
465 2998 685 3063 llositbeorum.
741 2998 807 3062 lloc
832 3001 889 3062 erit
916 3002 1057 3086 propositi
1085 3004 1168 3066 nobis
1195 3026 1283 3088 argu-

138 3103 228 3167 menti
243 3103 427 3188 susceptique
443 3103 584 3165 adversus
602 3100 739 3164 haereses
756 3102 854 3185 operis
870 3102 995 3181 initium,
1020 3125 1055 3167 ac
1071 3105 1193 3188 primum
1209 3106 1282 3167 mul-

138 3205 276 3292 tiplicium
291 3205 403 3269 illorum
424 3223 556 3267 errorum
572 3203 713 3286 originem
732 3203 851 3288 paucis,
875 3206 925 3268 sed
943 3205 1096 3289 perspicue
1114 3205 1279 3267 declarabo.

137 3305 289 3391 Quaenam
307 3327 381 3371 vcro
400 3306 516 3368 tandem
539 3303 595 3368 alia
614 3324 681 3368 essa
699 3316 794 3389 potest
815 3306 870 3369 nisi
893 3307 968 3390 quod
986 3307 1149 3389 linguarum
1170 3326 1209 3368 cx
1232 3307 1281 3370 illa

136 3414 277 3476 ranetatc
296 3408 445 3474 nationum
468 3417 536 3471 sunt
558 3408 634 3470 iacta
653 3407 792 3470 dissidial
822 3408 955 3492 singulae
977 3427 1065 3490 porro
1090 3406 1223 3470 nationes
1245 3430 1280 3472 ao

137 3514 261 3578 lumiliec
274 3511 372 3577 varias
388 3511 417 3575 in
435 3520 538 3595 gentes
553 3519 730 3594 propagatae
745 3511 836 3572 sunt?
858 3530 977 3593 quarum
992 3527 1183 3590 unaquaequo
1198 3510 1279 3574 dein·

137 3632 205 3697 ccps
227 3635 309 3677 auum
337 3614 392 3677 sibi
418 3633 515 3697 regem
544 3611 705 3674 constituit.
749 3608 799 3673 Ex
826 3633 882 3693 quo
908 3609 983 3672 bella
1005 3607 1223 3694 discordiaeque
1244 3634 1279 3676 ac

136 3713 263 3797 gentium
278 3716 357 3780 inter
375 3736 408 3779 se
429 3714 581 3778 condictus
599 3713 695 3775 exorti
716 3734 779 3775 cum
798 3713 825 3772 id
844 3711 965 3794 quisque
982 3710 1057 3794 quod
1075 3711 1205 3776 libuisset
1226 3715 1278 3778 ob·

137 3815 231 3877 tinere
251 3826 388 3898 cuperat,
412 3827 441 3879 et
459 3837 533 3900 quae
548 3815 668 3878 aliorum
688 3824 773 3877 crant
790 3814 824 3875 ad
841 3832 908 3873 sese
926 3812 1123 3895 pertraberct,
1147 3815 1176 3877 id
1199 3818 1275 3898 qood

135 3917 171 3981 ab
188 3914 345 3979 insatiabili
361 3918 482 4000 quadam
496 3917 583 3980 insita
607 3914 709 4000 generi
734 3923 835 3976 nostru
854 3911 1008 3997 cupiditate
1031 3917 1192 4000 profectum
1215 3928 1272 3980 est.

135 4016 187 4085 Sic
202 4017 293 4103 igitur
309 4037 373 4080 cum
389 4037 446 4082 uua
460 4028 547 4103 atque
559 4016 685 4102 simplex
698 4014 896 4078 lsraelitamm
913 4015 1016 4100 religio
1033 4037 1192 4100 sacraeque
1210 4017 1275 4080 lite·

168 4275 226 4327 Gsa.
242 4275 310 4326 Vlll.
328 4301 360 4311 -
396 4271 418 4325 1.
434 4273 471 4323 tto
487 4271 650 4334 crunnum,
667 4274 688 4319 ct
754 4267 948 4353 chooupq'ou
957 4274 1115 4337 montaum.
1136 4274 1208 4334 turpe
1218 4275 1272 4326 δια·

133 4346 207 4395 eddon
222 4346 279 4395 ttbcr
294 4347 398 4404 umque.
720 4352 852 4405 σαφησων.

183 4422 271 4480 corpus
286 4421 414 4469 ttoemtot
427 4422 457 4466 ll.
1037 4432 1056 4488 5
