3046 5084
422 337 558 388 rauaau
575 337 639 389 LiB.
648 338 668 389 Ι.
684 338 765 391 ΤΟΜ.
775 340 806 390 ΙΙ.
826 338 925 390 HAER.
935 339 1022 389 XXX.
1233 329 1289 391 301

153 458 312 521 mitterent.
356 455 403 520 Ac
418 476 477 520 oon
492 455 662 521 sacmdotes
675 455 769 520 sotum
784 456 838 519 hoc
851 457 928 541 ipso,
952 458 1028 541 qnod
1043 479 1080 520 ne
1096 458 1217 522 sahhato
1233 459 1295 543 qui·

152 559 216 624 dem
234 569 336 625 essent
351 557 466 636 tanati,
488 557 616 621 solutum
631 557 700 621 ihct
715 556 753 621 iri
769 557 818 620 diu
833 568 901 620 ante
918 559 1173 643 praenuntiabunt,
1198 563 1248 627 sed
1268 574 1297 626 et

152 662 335 727 circumcisio
357 663 421 746 ipsa
444 659 589 724 solvebat.
640 655 716 723 Com
743 659 818 721 enim
847 658 967 722 sabbato
993 680 1064 742 puer
1087 679 1296 746 saepenumero

153 775 341 842 nasceretur,
365 763 429 827 eius
447 762 504 826 diei
520 761 691 846 religionem
706 760 889 824 circumcisio
906 761 1042 840 tottetat3
1065 774 1151 847 atque
1169 764 1210 827 ita
1228 766 1297 829 dua-

152 867 206 931 bus
227 866 285 931 illis
307 867 395 930 rehus
415 864 527 929 sahhati
544 863 695 948 ahrogatio
708 863 869 949 significata
887 876 954 928 ante
972 864 1095 928 videtur.
1141 864 1207 928 Hoc
1221 866 1296 929 enim

153 979 279 1047 constat,
303 989 355 1031 eos
369 966 420 1053 qui
433 977 531 1031 natum
546 967 575 1030 in
589 967 710 1030 sabbato
726 987 846 1051 puerum
861 966 1114 1046 circumciderent,
1137 967 1202 1030 sive
1218 979 1298 1032 octa·

153 1093 222 1135 vum
238 1071 313 1134 diem
330 1081 464 1134 accurate
480 1070 639 1134 observare
654 1069 780 1147 vellent,
812 1070 886 1153 quod
906 1069 931 1131 is
946 1069 975 1131 in
992 1068 1142 1133 sabbatum
1159 1071 1297 1134 incurris·

155 1183 213 1249 set,
237 1173 338 1237 eodem
354 1172 417 1258 ipso
432 1172 658 1249 circumcidisse,
682 1191 717 1234 ac
731 1170 853 1256 proinde
867 1171 963 1254 operis
977 1171 1083 1255 ahquid
1100 1173 1208 1255 egisse,
1233 1173 1298 1236 sah-

154 1275 310 1359 hatnmque
330 1275 469 1339 victuma.
520 1271 574 1340 Sin
598 1274 755 1358 abrogandi
783 1273 893 1337 sahhati
920 1284 997 1337 metu
1020 1274 1188 1355 differrent,
1221 1298 1298 1340 nono

156 1378 270 1445 demum
286 1377 332 1441 die
349 1376 597 1441 circumcisionem
615 1376 793 1455 adhibuisse,
818 1387 904 1460 atque
917 1376 1002 1440 deuius
1018 1378 1091 1441 adeo
1105 1379 1200 1462 legem
1215 1399 1298 1463 prae·

156 1478 342 1564 stitutumqua
363 1479 472 1543 dierum
496 1489 562 1542 octo
585 1499 737 1543 numerum
758 1477 876 1542 minime
899 1479 1041 1544 tenuisse.

240 1578 298 1646 Sed
321 1603 357 1644 ne
381 1581 444 1666 ipsa
466 1580 580 1667 quidem
606 1582 697 1666 prima
722 1593 787 1645 erat
811 1583 941 1665 perfecta
958 1582 1158 1661 circumcisio,
1192 1605 1293 1648 verum
1344 1592 1404 1658 cap.

154 1683 229 1767 signi
253 1683 347 1749 instar
368 1684 406 1747 ad
428 1705 528 1748 eornm
550 1704 624 1769 puae
654 1694 756 1768 postea
784 1684 1038 1768 consequebantur
1063 1686 1294 1750 recordationem
1311 1661 1436 1713 xxm·

69 1861 72 1868 Ι
153 1806 310 1864 concessa,
334 1807 369 1850 ac
385 1787 558 1870 praesertim
584 1786 621 1849 oh
640 1786 798 1865 Ahraami‚
829 1787 871 1849 uti
890 1786 1036 1867 diximus,
1061 1789 1294 1867 haesitationem,

153 1909 218 1951 cum
232 1887 312 1952 ihunr
331 1889 403 1953 deus
421 1888 582 1973 redarguit,
605 1899 665 1951 tum
682 1889 717 1950 ad
736 1888 855 1950 maioris
873 1887 966 1967 illins,
990 1900 1076 1974 atque
1093 1892 1253 1974 aequaliter
1268 1893 1297 1954 in

153 1990 189 2053 iis
208 1991 388 2074 quiquidem
408 1991 516 2076 dignati
535 1990 643 2053 inerint
662 1988 758 2053 omnia
776 1989 965 2073 perficientis,
989 1992 1213 2055 adumbrandam
1227 1995 1298 2056 ima-

154 2092 263 2176 ginem.
308 2091 426 2157 Etenim
448 2092 474 2156 si
492 2093 708 2177 ingenerandae
731 2090 894 2154 sanctitatis
910 2091 1085 2156 coelestisne
1110 2094 1194 2177 regni
1219 2096 1300 2158 velut

154 2195 327 2259 hereditatio
350 2195 414 2258 inre
432 2195 602 2259 conterenti
620 2194 714 2278 gratia
733 2204 813 2257 esset
829 2193 978 2272 instituta,
1002 2217 1185 2279 consequeus
1208 2207 1297 2276 esset,

156 2294 293 2376 Samum,
316 2319 351 2361 ac
368 2295 549 2375 Rebeccam,
580 2307 610 2360 et
626 2294 711 2361 Liam
728 2318 763 2360 ac
783 2294 959 2374 Rachelem,
992 2307 1020 2359 et
1040 2295 1242 2379 iochabetam,
1266 2320 1300 2362 ac

154 2398 281 2464 Mariam
295 2396 412 2484 Moysis
430 2420 579 2480 sororem,
603 2410 774 2483 ceterasque
793 2409 909 2462 sanctas
924 2399 1061 2463 muheres
1078 2420 1113 2463 eo
1129 2421 1194 2463 esse
1208 2422 1299 2484 regno

155 2503 301 2588 privatas,
327 2523 381 2565 nec
397 2502 554 2566 coelestem
575 2503 651 2566 iham
673 2503 864 2566 hereditatem
880 2522 967 2585 posse
987 2523 1159 2587 capessere,
1184 2513 1300 2588 propte-

154 2604 303 2690 rea'qucd
322 2605 463 2669 Ahraami
487 2605 709 2670 circumsionem
735 2624 876 2689 usurpare
901 2605 1103 2689 nequiverint,
1135 2627 1237 2689 quam,
1269 2617 1300 2669 nt

155 2708 204 2771 isti
221 2708 334 2787 uolunt,
358 2709 430 2772 deus
445 2708 485 2772 ihi
501 2708 625 2792 largitus
641 2719 697 2772 est.
732 2705 819 2791 Quod
837 2707 861 2771 si
881 2707 1002 2771 coelesti
1018 2708 1085 2771 ihae
1102 2728 1206 2791 regno,
1226 2720 1298 2773 tam·

157 2809 213 2874 etsi
230 2809 419 2875 circumcisae
436 2832 495 2875 non
519 2811 643 2890 trierim,
673 2810 791 2875 minime
809 2820 983 2890 caruerunt,
1015 2810 1086 2873 nihil
1109 2811 1198 2893 igitur
1213 2813 1298 2877 modo

156 2912 252 2977 earnis
269 2913 319 2977 itta
334 2912 517 2978 circumcisio
534 2914 663 3000 prodest.
708 2910 749 2976 Et
764 2913 916 2996 veroquid
933 2926 996 2991 est,
1020 2914 1095 2997 quod
1112 2912 1207 2978 Ehion
1227 2917 1299 2980 adeo

156 3016 193 3080 de
210 3014 431 3080 circumcisione
449 3038 502 3081 sua
516 3016 673 3101 ghorietnr,
697 3037 762 3079 cnm
776 3027 806 3080 et
820 3015 962 3079 idolorum
977 3016 1105 3080 cultores
1119 3028 1149 3080 et
1163 3020 1300 3082 sacerdo·

158 3129 204 3184 tos
218 3117 356 3204 Aegyptii
378 3118 492 3204 seipsos
515 3141 629 3204 qnoque
654 3118 872 3182 circumcidant.
919 3115 1005 3200 Quod
1028 3131 1057 3183 et
1082 3117 1241 3200 Saraceni,
1273 3132 1302 3184 et

157 3218 324 3286 ismaelitae
348 3242 382 3285 ac
397 3218 591 3300 Samaritani,
616 3219 734 3300 ludaei,
757 3218 905 3300 Idumaei,
938 3233 968 3284 et
987 3220 1155 3286 Homeritae
1178 3224 1299 3287 iaciunt.

159 3322 290 3407 Quorum
309 3323 337 3387 id
356 3324 485 3410 plerique
501 3346 559 3389 uon
576 3324 672 3410 aliqua
688 3324 771 3409 lege,
795 3324 846 3388 sed
863 3326 1071 3389 consuetudine
1089 3327 1210 3410 quadam
1229 3326 1302 3388 citra

157 3427 244 3491 ullam
267 3424 410 3490 rationem
432 3427 603 3514 suscipiunt.

241 3526 376 3614 Denique
390 3531 542 3615 plurimam
557 3551 575 3594 a
589 3550 636 3594 me
650 3530 789 3615 temporis
803 3530 909 3594 insumi
930 3549 1052 3594 necesse
1069 3530 1124 3607 sit,
1156 3528 1181 3592 si
1203 3531 1232 3593 in
1255 3552 1302 3595 re-

160 3631 294 3697 fellendis
308 3632 385 3696 illius
401 3633 485 3718 ungis
507 3633 661 3697 inhaerere
678 3633 813 3712 voluero,
836 3634 885 3717 qui
907 3633 961 3695 hoc
978 3654 1037 3697 uno
1053 3615 1209 3696 salvatoris
1225 3634 1301 3698 dicto

160 3737 268 3799 frustra
286 3735 403 3799 nititur:
433 3737 547 3816 Sufficit
560 3740 695 3818 deturpato
712 3741 742 3798 ,α’
755 3742 796 3798 sit
809 3741 884 3797 stent
898 3739 1034 3814 magester
1048 3739 1124 3810 eras,
1148 3746 1180 3799 ut
1194 3747 1224 3800 et
1237 3737 1299 3822 ipse
1326 3731 1415 3839 ³¹¹&ss

160 3849 279 3925 propter
300 3859 365 3902 eam
388 3859 473 3922 quam
499 3839 529 3902 in
555 3860 588 3903 ec
605 3840 710 3904 mento
726 3835 862 3903 Christus
883 3836 1031 3922 expressit
1052 3837 1302 3903 circumcisionem

162 3961 245 4005 snam
268 3952 441 4026 arroganter
458 3952 596 4006 ostentet.
639 3939 850 4006 Verumtamen
867 3939 1003 4023 quoniam
1022 3939 1057 4002 oh
1076 3936 1186 4003 Christi
1208 3942 1303 4005 imita-

162 4044 269 4108 tionem
286 4065 371 4109 ease
387 4045 531 4108 sententia
548 4065 638 4129 pecus
659 4043 707 4106 itta
727 4042 873 4118 defendit,
897 4041 994 4105 dicere
1011 4041 1084 4106 haud
1105 4044 1230 4108 verebor
1252 4066 1302 4109 ne-

163 4168 305 4233 quaqnam
327 4147 404 4210 iham
423 4167 459 4210 eo
482 4148 641 4231 pertinere.
687 4143 792 4208 Statim
814 4144 889 4207 eninr
912 4144 1044 4209 dominns
1064 4146 1169 4210 adiecit
1190 4169 1247 4211 uon
1270 4169 1303 4211 se

163 4251 219 4315 deo
236 4251 294 4314 ieta
313 4249 442 4326 dixisse,
467 4249 518 4313 scd
538 4247 575 4312 ch
597 4250 768 4332 ingruentes
786 4247 1002 4331 exagitationes
1021 4245 1251 4334 indecorumque
1274 4251 1302 4314 in

195 4386 221 4439 2
238 4386 323 4455 μιαροὶ
344 4387 420 4452 tapete
445 4400 498 4438 meo
522 4391 555 4437 eet
580 4387 716 4436 emendatio.
750 4380 821 4452 gypti
839 4383 1048 4436 circumcisionem
1065 4384 1165 4437 habent.

162 4459 272 4508 Petooa'us
284 4459 374 4508 actem
386 4455 462 4523 ἱερεῖς
478 4457 619 4517 simpliciter.
652 4455 717 4504 tort
783 4453 808 4505 3.
826 4455 901 4504 Verbo
915 4453 959 4507 καὶ
973 4448 1006 4508 δι’
1022 4449 1098 4508 αὐτοῦ
1113 4456 1304 4520 καταλυθεῖσαν,

163 4526 247 4575 hubent
275 4529 388 4591 μιαιρεῖς.
432 4526 559 4575 canorius
591 4526 715 4574 conuertit:
748 4536 807 4587 quae
828 4525 898 4586 cunc
919 4526 1096 4587 medeantur,
1119 4528 1238 4587 receptae
1254 4527 1304 4576 cod.

164 4591 263 4659 qnando
275 4591 350 4642 etiam
363 4590 484 4644 idolatrae
499 4601 525 4644 et
539 4589 654 4643 sectanti
663 4595 713 4642 he·
749 4593 868 4644 Vaticano.
