3046 5084
362 340 498 392 runaut!
513 341 576 394 Llli.
589 342 609 393 l,
626 341 708 394 Tou.
718 341 762 393 111.
780 342 879 394 HAER.
892 343 1015 394 XXXIV.
1199 331 1261 392 447

113 455 221 520 miucm
237 457 404 543 scripserit,
428 459 487 522 imo
502 459 589 522 etiam
606 481 659 523 cur
674 469 778 538 sexto,
803 460 858 523 boc
875 473 921 525 est
936 482 1123 547 parasccnes,
1149 460 1194 524 die
1211 482 1261 546 po·

115 569 242 623 stremus
266 560 351 624 bomo
374 562 409 625 ad
429 561 646 639 instaurandam
669 560 775 645 prioris
797 561 920 625 hominis
938 564 1157 647 generationem
1179 555 1260 627 suam

112 661 190 725 illam
209 663 385 726 lunationem
401 663 518 740 obierit,
542 663 625 726 cuius
641 662 752 725 initium
768 684 802 726 ac
818 664 882 726 finis
897 665 966 728 bora
983 677 1069 729 sexta
1085 665 1182 741 luerit,
1207 687 1260 748 qua

112 763 193 846 liguo
209 764 248 827 sit
266 766 380 829 allinus.
425 762 590 828 Persectari
609 765 714 849 quippe
731 774 857 827 mentem
877 788 941 829 cum
960 767 988 830 in
1007 768 1123 830 senario
1140 787 1261 830 numero

112 866 254 930 efficiendi
273 866 511 952 instaurandiquc
531 865 589 930 sim
610 866 709 930 inesse
728 888 785 929 uon
803 867 970 950 ignoraret,
1002 870 1068 933 liliis
1085 869 1157 931 lucis
1173 868 1261 930 itera·

113 977 171 1030 tam
189 968 266 1032 illam
286 969 452 1034 declarasse
471 970 709 1053 generationem,
742 989 816 1053 quae
836 991 888 1053 per
904 970 1048 1056 insignem
1064 971 1157 1055 ipsum
1175 991 1260 1054 appa·

111 1080 225 1133 rentem
243 1071 271 1133 in
287 1092 352 1135 eum
369 1092 519 1135 numerum
536 1071 679 1135 extiterit.
719 1069 802 1136 Unde
817 1083 846 1134 et
861 1073 989 1158 duplices
1004 1074 1103 1136 literas
1118 1072 1260 1154 insignem

112 1173 265 1235 eorrtiuere
287 1194 438 1237 nnmerum
459 1174 567 1237 docuit.
615 1170 740 1257 lusignis
758 1174 834 1237 euim
853 1196 990 1238 numerus
1009 1197 1073 1238 cum
1092 1186 1215 1257 quatuor
1232 1185 1262 1236 ct

112 1273 216 1357 viginti
239 1275 395 1358 permistus
419 1275 570 1339 clementis
593 1276 711 1360 triginta
732 1276 879 1340 literarum
902 1297 1006 1339 uomen
1026 1277 1153 1339 coniicit.
1200 1272 1258 1339 Sed

112 1396 300 1440 numerorum
316 1388 427 1462 septem
444 1377 642 1462 magnitudine
659 1389 793 1462 tanquam
809 1380 977 1442 administra
993 1380 1094 1456 utitur,
1118 1388 1150 1440 ut
1163 1374 1260 1440 Marci

112 1473 185 1560 Sigc
205 1480 358 1559 narrabat,
391 1490 422 1542 ut
440 1500 458 1542 a
476 1500 529 1563 sue
545 1480 695 1543 voluntate
712 1481 835 1565 proiecti
852 1480 965 1544 consilii
985 1482 1094 1544 fructus
1110 1490 1257 1564 appareat.

113 1574 253 1643 Ceterum
270 1579 412 1666 insignem
430 1581 506 1645 bunc
522 1602 674 1645 numerum
692 1603 776 1661 eum,
806 1583 916 1667 iuquit,
948 1583 1077 1666 intellige
1096 1583 1143 1666 qui
1163 1581 1198 1644 ab
1216 1580 1259 1643 in-

111 1681 187 1764 sigui
209 1683 350 1746 formatus
371 1694 433 1760 est,
467 1682 572 1767 quique
589 1683 669 1747 velut
685 1684 795 1747 divisus
816 1696 845 1747 et
864 1685 1015 1770 bipartitus
1036 1696 1099 1764 est,
1132 1684 1259 1767 lorisque

111 1795 262 1865 remanet,
286 1785 333 1868 qui
350 1806 404 1847 sua
419 1785 527 1848 virtute
546 1807 580 1849 ac
596 1787 746 1869 prudentia
766 1787 975 1870 efficientiaque
991 1787 1105 1870 propria
1124 1786 1258 1848 arctandum

112 1883 189 1949 bunc
205 1887 240 1948 ad
260 1887 418 1971 septenarii
434 1887 550 1951 virtutis
567 1885 757 1951 imitationem
774 1899 883 1971 septem
902 1887 1056 1950 virtutibus
1071 1888 1259 1971 comproben-

111 2008 173 2050 sam
187 1988 343 2065 animavit,
368 1989 489 2072 eiusque
504 1989 615 2066 omnis,
639 1989 714 2073 quod
730 1989 905 2074 aspectabile
922 2000 983 2066 est,
1009 1990 1133 2052 animam
1151 1990 1259 2052 cousti-

111 2089 178 2153 tuit.
223 2089 289 2155 lloc
303 2091 393 2175 igitur
409 2111 497 2176 opere
513 2091 594 2155 velut
610 2101 714 2176 sponte
730 2112 746 2153 a
764 2111 796 2153 sc
813 2092 888 2153 lacto
905 2091 1028 2176 ipsemet
1044 2091 1145 2154 utitur.
1190 2091 1258 2154 Alia

109 2212 201 2272 vero,
233 2214 297 2256 cum
324 2193 384 2256 sint
404 2190 580 2257 imitationes
605 2193 744 2278 quaedam
770 2214 827 2256 non
849 2192 1047 2269 imitabilium,
1080 2188 1257 2276 Cogitatioui

109 2290 219 2357 Matris
240 2296 385 2358 serviunt.
429 2292 532 2380 ltaque
555 2295 677 2380 primum
700 2295 811 2358 eoelum
834 2299 864 2356 A
885 2294 1068 2379 pronuntiat,
1099 2295 1256 2357 secundum

110 2399 158 2472 H,
182 2396 297 2460 tertium
316 2400 357 2471 H,
379 2407 513 2481 quartum
529 2407 559 2460 et
576 2397 699 2460 medium
715 2396 826 2460 vocalis
842 2396 932 2460 Ivim
948 2396 1050 2474 effert,
1075 2397 1204 2480 quintum
1223 2399 1257 2471 Ο,

109 2510 226 2562 seatuun
247 2503 289 2574 Y,
319 2499 472 2583 septimum
495 2509 524 2562 et
541 2509 675 2583 quartum
693 2498 867 2563 elementum
886 2501 918 2558 Ω
937 2519 953 2560 e
971 2498 1067 2561 medio
1085 2498 1255 2583 proclamat,

108 2601 150 2664 ait
165 2598 318 2664 Marciana
337 2596 425 2684 Sige,
449 2622 523 2684 quae
537 2621 658 2684 magnas
674 2621 766 2685 nugas
781 2602 917 2666 effutiens
932 2601 994 2665 veri
1011 2599 1081 2663 nibil
1099 2598 1254 2683 eloquitur.

109 2700 244 2766 Virtutes
259 2703 326 2766 illae
343 2724 431 2788 porro
447 2704 532 2767 simul
546 2724 649 2768 omnes
664 2703 788 2767 invicem
805 2715 959 2767 consertae
976 2713 1127 2781 resonant,
1151 2701 1255 2786 iuquit,

107 2806 328 2890 depraedicant
348 2827 413 2869 cum
432 2825 449 2869 a
467 2827 522 2890 quo
540 2807 697 2890 productae
715 2816 794 2869 sunt.
840 2803 934 2870 Cuius
951 2807 1064 2869 sonitus
1084 2805 1256 2868 collaudatio

107 2907 230 2993 primum
253 2909 283 2971 iu
307 2905 464 2971 Parentum
490 2909 657 2987 conlectus,
691 2909 824 2993 idemque
847 2929 937 2972 sonus
961 2907 1074 2971 delatus
1095 2909 1125 2971 iu
1150 2917 1256 2970 terram

108 3009 236 3072 ouuuum
259 3031 333 3093 quae
356 3020 425 3074 sunt
445 3011 475 3073 in
498 3030 531 3072 ea
552 3011 636 3072 lictor
654 3031 688 3072 ac
708 3021 878 3094 procreator
896 3021 942 3074 est
961 3014 1066 3074 luctus.
1112 3008 1198 3093 Quod
1217 3029 1256 3072 ex

105 3130 212 3175 recens
233 3112 320 3174 editis
341 3112 500 3175 infantibus
523 3114 724 3175 demonstrare
746 3114 863 3191 nititur,
896 3113 942 3197 qui
963 3113 1135 3196 simulatque
1155 3112 1256 3174 matris

107 3232 148 3277 ex
162 3225 247 3277 utero
271 3215 456 3296 prodierunt,
481 3215 578 3295 vagitu
595 3234 649 3277 sun
664 3215 890 3298 uniuscuiusque
909 3215 1117 3278 clementorum
1134 3215 1254 3276 istorum

106 3336 210 3378 sonum
229 3316 407 3400 exprimunt.
454 3313 493 3381 Ut
508 3315 598 3400 igitur
614 3327 752 3400 septenae
771 3317 910 3393 virtutes,
935 3316 992 3394 nit,
1017 3315 1147 3378 Verbum
1166 3313 1256 3376 landi-

106 3416 162 3480 bus
180 3418 322 3481 adornate
353 3419 392 3481 ita
410 3431 440 3482 et
454 3416 587 3481 Marcum
604 3418 695 3503 ipsum
714 3419 830 3503 plorans
847 3419 875 3482 in
892 3418 1051 3481 infantibus
1068 3439 1101 3479 ac
1120 3437 1255 3479 moerens

106 3519 202 3582 anima
224 3521 382 3604 praedicat.
428 3518 499 3584 ldco
518 3541 631 3605 quoque
649 3517 744 3584 David
768 3521 891 3584 cecinit:
924 3525 972 3582 Es
993 3543 1041 3581 cre
1058 3521 1206 3603 absentium
1227 3531 1257 3580 et
1267 3531 1404 3592 scarnen.

106 3624 268 3683 lactentum
287 3625 437 3704 perfecisti
454 3627 574 3685 ιιιιιιιιι.
621 3623 668 3685 Ac
693 3644 824 3686 rursum:
858 3625 938 3685 Coeli
956 3625 1095 3683 coelorum
1119 3633 1405 3694 commemorantes·

103 3727 227 3805 glomum
247 3728 302 3786 dei.
349 3723 426 3788 lliuc
446 3735 491 3789 est
507 3726 582 3841 quod
599 3724 677 3788 inter
693 3725 808 3788 labores
827 3737 856 3788 et
874 3745 1047 3802 aerumnas,
1080 3735 1110 3786 ut
1128 3725 1167 3786 sit
1183 3746 1254 3807 quo·

107 3827 260 3891 dammodo
278 3826 457 3891 defaecatior
473 3849 586 3908 alcima
610 3828 723 3891 literam
743 3826 974 3911 ltprouuntiat,
999 3827 1074 3909 quod
1093 3827 1254 3890 estland

140 3961 179 4014 m.
193 3954 664 4032 qsupersperansrestaurarunt.
700 3966 805 4026 onemo.
832 3966 939 4026 Apnoccr't
953 3965 1024 4012 etium
1040 3964 1086 4013 ιιι.
1100 3965 1222 4024 interpres

105 4032 189 4081 Veneto
203 4037 224 4081 ιι
220 4033 304 4114 opud
321 4033 430 4082 Pseudo·
419 4034 564 4094 -orr'puem
733 4032 770 4103 ιι.
788 4027 837 4083 eiad
854 4028 932 4096 μέσου
948 4033 1041 4092 ιφοιιιι
1053 4046 1083 4081 cs
1096 4032 1198 4081 Pseudo
1202 4034 1254 4082 Οιι-

140 4099 179 4151 13.
196 4115 243 4164 την
262 4095 330 4164 ζωήν
346 4101 396 4151 τῶν
412 4101 480 4152 babet
492 4103 572 4150 υιιιοιι
591 4103 663 4151 Pseu·
696 4105 791 4181 peccet
804 4103 850 4149 Vct
861 4101 988 4161 ιιιιιιμιιιι.
1016 4101 1105 4150 ornetur
1117 4101 1168 4149 cod
1184 4101 1253 4150 Vene-

105 4169 155 4217 do·
143 4169 279 4230 -ort'qcnec
696 4174 740 4218 tur.
773 4160 824 4219 α’πι
843 4165 934 4251 μέρους
950 4170 1047 4249 culpato
1063 4172 1095 4217 ιιι
1111 4170 1236 4230 scripturo.

141 4233 179 4286 tt.
195 4232 261 4288 aurci
266 4233 384 4317 μιμησιι
404 4237 471 4285 codd
488 4237 543 4285 Ver.
566 4238 662 4299 Rbedr'p
731 4235 770 4286 18.
787 4230 888 4301 η”ψυ
857 4239 997 4304 pqreposut
1011 4250 1039 4285 ιιι
1052 4237 1154 4287 Pseudo·
1145 4237 1255 4298 -0rt9mc

103 4306 182 4356 Porta.
185 4318 316 4411 μιμησιι
329 4306 438 4355 Pseudo·
427 4306 563 4366 -on'penec
588 4305 663 4366 Vutpo
695 4309 715 4353 ιι
727 4306 772 4353 Vct
781 4305 912 4366 lnterprete,
924 4305 1177 4384 sententtupostutonts.
1196 4306 1253 4367 Epi·

103 4369 193 4425 aett
165 4387 278 4454 μμησιι.
693 4374 777 4434 pisonis·
792 4375 845 4421 ιιιιι
861 4365 979 4423 bobent'
960 4390 1039 4455 ηχη..

139 4440 178 4490 lb.
155 4435 316 4506 ογιιόμιια
336 4437 369 4492 τὰ
388 4432 420 4493 δι’
438 4434 555 4499 εἰκόνων,
583 4432 662 4507 μιμη-
733 4440 771 4490 19.
789 4442 862 4490 Verlm
877 4440 927 4492 reia
942 4434 1111 4504 adpouciunon
1125 4444 1254 4503 nqnoacunt

104 4523 173 4574 ματα
188 4512 238 4558 cett
255 4510 322 4559 babet
339 4510 448 4559 Pseudo·
457 4510 574 4570 Ortqeues.
696 4509 805 4559 Pseudo·
812 4510 922 4590 Onpruer
939 4514 959 4558 ιι
977 4511 1025 4559 ιιι.
1038 4511 1157 4570 interpres.

138 4575 178 4629 16.
195 4570 225 4630 dl
236 4577 313 4629 odiect
326 4591 356 4628 ca
370 4578 421 4628 cod.
433 4577 514 4627 Veneto
528 4581 549 4627 ιι
559 4577 662 4628 Pseudo
729 4577 770 4628 20.
787 4577 824 4644 τῷ
843 4579 864 4629 oi
881 4579 931 4628 cod.
949 4579 1024 4628 ιιιιι.
