3046 5084
186 344 247 407 548
612 356 732 405 saxon
752 356 919 406 EPn‘flANn

186 476 254 557 περὶ
269 470 325 554 τῆν
341 469 483 554 άλῆθειαν
499 469 689 552 ῆστοχηιιέναι
706 473 795 556 λέγει,
818 475 924 547 οἵτινες
938 475 988 536 καὶ
1003 470 1088 538 αῦτολ
1103 480 1141 562 τῆ
1156 477 1268 559 αἱρέσει
1285 479 1346 559 ἔξη-

64 607 114 651 pag.
126 593 171 639 υυε.
186 575 393 656 κολούθησαν,
417 573 502 637 ύλλον
517 571 591 637 θεόν
608 576 861 659 καταγγέλλοντες,
882 577 933 639 καλ
951 580 1136 661 γενεαλογίας
1149 574 1346 662 άπεράυτους,

184 681 234 743 καλ
256 677 371 759 πλάνην
390 680 607 759 έπισπείροντες
628 686 690 751 τοῖς
709 675 899 759 α’νθρῶποις,
930 680 981 741 καὶ
999 679 1132 763 λέγοντες
1153 678 1194 762 μή
1218 683 1252 745 ἐκ
1270 688 1345 747 θεοῦ

184 787 359 867 γεγενῆσθαι
376 777 426 843 τόν
441 777 569 859 κόσμον,
594 776 663 842 άλλά
682 776 742 844 ύπό
760 778 870 863 Ἀρχῶν
887 782 938 844 καί
956 777 1128 860 Ἑξονσιῶν,
1151 782 1206 864 τὴν
1226 784 1259 847 δέ
1276 780 1344 849 άυά-

184 906 283 947 στασιν
303 880 361 965 ἤδη
378 889 568 967 γεγενῆσθαι,
600 880 649 945 διά
671 890 729 945 τῶν
745 885 909 967 γενομένων
928 884 1038 947 τέκνων
1059 880 1119 949 ῦπό
1137 886 1266 950 ἑκάστου
1287 892 1343 951 τῶν

183 984 364 1071 γεννώντων,
386 983 440 1065 τῆν
455 985 487 1047 δὲ
500 991 559 1047 τῶν
571 989 682 1067 νεκρῶν
696 982 733 1049 ού
745 986 878 1068 λέγουσιν
892 987 1020 1050 ἔσεσθαι.
1062 988 1123 1050 Καὶ
1137 983 1239 1071 όράτε,
1262 986 1341 1053 άδελ·

184 1091 253 1167 φοί,
276 1087 329 1153 τόν
345 1095 513 1172 χαρακτῆρα
531 1093 583 1167 τῆς
600 1083 755 1168 οίληθείας,
778 1089 829 1151 καί
845 1086 897 1152 τόν
915 1091 1028 1173 έλεγχον
1046 1095 1099 1170 τῆς
1116 1088 1233 1155 τούτων
1250 1116 1339 1175 παρα-

183 1195 294 1272 νομέας.

266 1392 481 1477 Ὑπολαμβάνω
497 1396 592 1458 δὲκαὶ
608 1397 675 1478 περὶ
692 1393 805 1458 τούτων
819 1398 928 1470 ἱκανῶς
942 1398 1089 1480 εἰρῆσθαι.
1123 1394 1224 1461 Ὅθεν
1239 1395 1342 1479 ταύτην

181 1495 357 1582 παραλιπῶν
379 1499 429 1561 ἐπὶ
451 1495 503 1571 τός
519 1499 585 1578 έξῆς
601 1495 655 1578 τῆν
671 1501 795 1581 πορείαν
810 1496 986 1579 ποιήσομαι,
1016 1501 1112 1563 έκεῖνο
1128 1497 1225 1579 μόνον
1241 1499 1340 1575 είποδν,

183 1597 223 1673 ῶς
239 1598 318 1663 πάνυ
335 1604 468 1679 φαίνεται
485 1602 599 1664 ἐοικυῖα
618 1598 692 1681 αῦτη
711 1598 761 1664 διά
778 1607 830 1682 τῆς
848 1599 1047 1682 πολνωνύμον
1063 1598 1261 1686 Ἀρχοντιιτῆς
1276 1600 1340 1669 όνο·

181 1707 288 1783 μασίας
302 1706 338 1791 τῆ
354 1701 531 1788 πολυπλόκῳ
549 1701 699 1790 έρπετιόδη
715 1708 889 1790 κακοηθείᾳ.
938 1701 1057 1787 Τρόπον
1072 1702 1128 1788 γάρ
1143 1730 1211 1769 τινα
1226 1706 1260 1771 ἐκ
1274 1712 1339 1770 πολ-

179 1813 240 1868 λῶν
260 1806 389 1888 ἑρπετῶν
412 1802 518 1885 άναμλξ
539 1812 591 1885 τῆς
614 1806 725 1869 ἑαυτῶν
748 1804 861 1887 πλάνης
882 1807 1048 1890 συνηγμένη
1070 1806 1150 1871 ἐστὶν
1168 1804 1190 1889 ῆ
1211 1810 1338 1890 ίοβολία·

181 1904 246 1972 οἷον
260 1907 293 1972 τό
309 1907 409 1992 θρασύ
426 1911 532 1989 έχονσα
548 1915 600 1972 τοῦ
616 1906 793 1990 δράκοντος,
823 1905 856 1972 τό
874 1906 993 1992 δολερόν
1008 1912 1061 1971 τοῦ
1078 1910 1260 1987 2φυσάλου,
1289 1908 1341 1993 τῆν

181 2008 359 2075 α’νθέλκυσιν
377 2018 432 2092 τῆς
452 2019 546 2092 πνοῆς
568 2017 620 2074 τοῦ
646 2014 829 2091 3βαίτωνος,
862 2007 893 2074 τό
912 2017 1023 2095 γαῦρον
1044 2016 1098 2075 τοῦ
1116 2008 1276 2093 άκοντίου,
1308 2012 1338 2079 τό

179 2115 323 2196 προπετές
339 2121 392 2178 τοῦ
407 2111 590 2197 όστρακίτου.
634 2112 754 2177 Τούτων
769 2113 800 2176 δέ
815 2114 937 2177 πάντων
951 2111 1006 2194 τῆν
1022 2111 1154 2195 κεφαλῆν
1169 2114 1338 2199 καταπατῆ·

179 2239 280 2291 σαντες
297 2224 331 2306 τῆ
348 2224 402 2297 τῆς
417 2213 556 2297 οίληθείας
570 2213 713 2280 ὑποθέσει
731 2218 780 2279 ἐπὶ
797 2213 848 2289 τάς
866 2214 972 2291 λοιπάς
986 2216 1165 2297 διέλθωμεν,
1189 2216 1337 2301 ἐπιπόθη-

178 2346 238 2396 τοι,
261 2317 315 2400 τῆν
337 2317 460 2401 ἑκάστης
481 2318 596 2400 πλάνην
618 2316 813 2397 άποκαλύψαι
834 2319 867 2383 έν
887 2322 951 2406 θεῷ
973 2315 1159 2403 πειρῶμενοι.

426 2672 581 2739 κοτε
628 2668 1092 2757 mmmmm,

330 2785 462 2879 εἰκοστὴ
489 2783 620 2881 πρώτη,
646 2783 669 2877 ἡ
696 2789 755 2858 καὶ
778 2784 1033 2883 τεσσαρακοστῆ
1060 2784 1184 2883 πράττη.

260 2934 384 3018 Κέρδων
399 2961 443 3009 τις
456 2932 581 3008 τούτους
598 2936 649 2997 καὶ
664 2931 717 2998 τόν
729 2930 916 3017 Ἡρακλέωνα
929 2934 1102 3016 διαδέχεται,
1119 2936 1152 2999 έιι
1169 2940 1225 3018 τῆς
1239 2934 1339 3003 αῦτῦυ

177 3042 282 3118 σχολῆς
305 3034 362 3115 ῶν,
395 3033 454 3101 άπό
478 3033 615 3119 Σίμωνός
636 3061 666 3100 τε
687 3038 738 3099 καὶ
760 3040 942 3121 Σατορνίλον
962 3033 1063 3117 λαβῶν
1085 3032 1140 3113 τάς
1162 3036 1337 3123 προφάσεις.

180 3130 275 3213 Οὗτος
292 3141 473 3221 μετανάστης
489 3143 596 3224 γίνεται
616 3135 675 3204 άπδ
694 3146 746 3220 τῆς
763 3143 886 3224 Συρίας,
909 3141 960 3202 καὶ
975 3140 1023 3203 έπλ
1041 3136 1095 3220 τῆν
1108 3136 1225 3223 Ῥῶμην
1240 3142 1339 3207 ίλθάν

175 3241 290 3324 λομεῶν
311 3269 355 3317 τις
372 3243 502 3324 πέφηνεν
520 3243 613 3328 έαντῷ
637 3266 665 3305 τε
687 3243 737 3305 καί
754 3250 816 3315 τοῖς
836 3238 915 3329 αύτῷ
933 3244 1126 3323 πειθομένοις
1146 3240 1339 3311 ῦδλεεινῦτυ·

175 3373 232 3421 τος.
275 3342 401 3425 Ἐλεεινὴ
418 3342 473 3429 γάρ
489 3341 509 3425 a}
526 3342 615 3423 φύσις
630 3351 690 3408 τῶν
705 3340 892 3428 άνθρῶπων,
915 3342 987 3408 ὅταν
1000 3348 1204 3425 καταλείψασα
1215 3344 1273 3429 τῆν
1284 3352 1339 3411 τοῦ

174 3456 250 3512 θεοῦ
273 3446 346 3514 όδόν
367 3454 527 3525 πλανᾶται,
560 3448 612 3510 καλ
634 3442 693 3511 άπό
715 3454 768 3528 τῆς
788 3452 842 3511 τοῦ
862 3453 939 3511 θεοῦ
956 3444 1087 3528 κλῆσεως
1103 3444 1215 3531 έαυτῆν
1231 3446 1336 3533 άφορί-

176 3573 258 3615 σασα.
305 3551 482 3632 Σνμβέβηκε
503 3545 559 3634 γάρ
583 3558 645 3624 τοῖς
667 3547 815 3624 τοιούτοις
834 3545 856 3631 ἡ
877 3555 930 3613 τοῦ
948 3548 1041 3623 κυνός
1057 3554 1219 3635 παροιμία,
1247 3550 1285 3627 ῦς
1302 3558 1338 3641 τῇ

174 3660 242 3741 σκιᾷ
258 3655 407 3737 προςέχων
423 3646 459 3717 οὗ
475 3661 604 3735 κατεῖχεν
623 3654 654 3716 έν
671 3659 711 3739 τῷ
727 3650 864 3733 στόματι,
895 3652 1048 3733 ἐμβλέπων
1062 3654 1105 3727 είς
1120 3652 1204 3737 ῦδωρ
1219 3654 1272 3719 nul
1287 3680 1334 3721 υσ-

174 3760 260 3837 μίσας
281 3762 322 3843 τῷ
343 3754 429 3819 ύδατι
451 3753 536 3820 σκιάν
555 3758 669 3837 μείζονα
686 3751 761 3819 εἶναι
779 3762 832 3837 τῆς
849 3756 882 3819 ἐν
897 3760 938 3841 τῷ
957 3751 1080 3835 στόματι
1097 3752 1192 3821 αῦτοῦ
1209 3758 1337 3839 ίδιοῦΐχς,

173 3856 292 3935 άνοίξας
308 3856 341 3921 τό
358 3856 452 3941 στόμα
469 3860 518 3921 καὶ
534 3856 587 3938 τῆν
605 3850 697 3922 οὖσαν
712 3854 867 3921 άποίλεσεν.
914 3854 1001 3921 Οῦτω
1017 3858 1068 3921 ιιαλ
1085 3848 1173 3923 οῦτοι
1185 3856 1242 3943 τῆν
1258 3856 1334 3925 ῦδόυ

117 3996 136 4036 0
173 3958 322 4044 εὑρόντες,
345 3963 394 4024 καλ
410 3958 586 4042 βουλόμενοι
602 3968 687 4036 σκιᾶς
700 3961 907 4044 περιγενέσθαι
922 3966 974 4041 τῆς
989 3960 1021 4023 έν
1034 3964 1071 4048 τῆ
1086 3954 1218 4049 ῦπονοίμ
1234 3958 1333 4027 «ahin

50 4104 101 4149 m·
115 4092 160 4135 τοι,
175 4065 347 4147 γενομένης,
370 4061 423 4144 τῆν
440 4055 533 4128 οὖσαν
551 4065 582 4127 ἒν
596 4069 637 4151 τῷ
657 4060 778 4144 στόματι
794 4059 908 4140 αύτῶν,
931 4058 973 4137 ῶς
988 4063 1098 4141 εἰπεῖν,
1119 4062 1155 4127 ἔτι
1168 4068 1251 4129 θεοῦ
1265 4088 1332 4147 τρο·

172 4163 234 4245 φῆν
249 4167 458 4250 κεχαρισμένην
474 4162 510 4230 ού
526 4163 619 4246 μόνον
635 4162 805 4242 άπάλεσαν,
835 4161 906 4228 άλλά
922 4164 974 4229 καλ
989 4160 1116 4249 ὄλεθρον
1131 4164 1254 4245 ἕαυτοῖς
1269 4168 1332 4235 ln·

172 4288 331 4331 σπασαντο.

260 4361 356 4444 Οὗτος
378 4375 478 4435 τοίνυν
499 4366 516 4433 ό
535 4371 659 4455 Κίρδων
679 4372 711 4436 ἒν
731 4368 850 4455 χρόνοις
870 4366 989 4455 ’Τγίνον
1012 4369 1132 4455 γέγονεν
1152 4368 1324 4439 έπισιιάπου

210 4600 235 4647 ι’.
252 4599 300 4648 Ηοο
317 4599 515 4659 κορωνίσματα
530 4604 695 4649 commemorat
710 4602 781 4649 τλίοοι
797 4602 861 4649 λσττ.
874 4598 924 4661 50,
940 4594 965 4651 3·
