3046 5084
402 344 534 397 ransart
554 346 616 397 nte.
630 348 648 397 r.
665 348 747 399 rost.
760 348 791 399 tt.
808 348 1019 401 sausmxxo
1221 336 1282 398 323

134 462 256 528 interire
272 463 400 527 funditus
418 484 513 549 neque
529 464 587 529 adds
604 466 649 529 ani
665 476 747 551 parte
763 468 888 531 servari.
922 464 1018 531 Porro
1034 476 1165 531 naturam
1181 488 1281 552 qnam-

133 586 188 649 qne
211 586 249 631 aa
271 566 347 631 unde
369 564 510 652 prodierit
531 567 654 631 reverti.
699 564 790 632 Vetat
811 588 885 651 quaa
905 588 970 632 oum
995 568 1117 632 materia
1144 580 1280 633 concreta

132 678 195 749 est,
226 668 341 735 ineam
359 668 451 754 ipsam
471 668 605 747 reiuadi3
636 688 677 733 ex
697 690 786 733 earne
806 689 877 733 vero
895 680 1030 753 terraque
1050 682 1227 755 compactam
1250 672 1279 733 in

131 781 241 835 terram
255 771 399 835 recidere.
440 768 558 834 Etenim
574 770 691 835 tresidii
705 768 851 835 bominum
867 772 985 836 ordines
1000 772 1192 849 constituunt,
1213 756 1281 856 Spi-

129 871 275 952 titatium,
298 872 496 952 Animadintn,
518 882 605 957 atque
622 869 803 938 Carnadium.
850 872 899 939 Ex
916 874 1020 958 quibus
1037 875 1159 959 primum
1178 894 1212 937 se
1232 894 1281 936 or·

130 974 228 1039 dinem
252 976 351 1039 iacere
374 974 521 1055 dictitant,
554 976 597 1039 nti
616 984 646 1039 ct
668 974 847 1055 Gnosticos,
878 977 927 1061 qni
947 998 1041 1061 neque
1063 976 1173 1041 laboris
1196 976 1280 1039 ullius

129 1076 297 1161 indigeant,
329 1088 530 1163 praeterquam
553 1077 746 1163 cognitionis,
778 1079 1035 1164 appellationisqne
1060 1080 1277 1164 mysteriorum,

130 1198 205 1262 quae
223 1198 314 1263 penes
331 1180 397 1245 idios
411 1188 495 1258 sunt,
519 1190 548 1243 et
563 1179 677 1264 quidvis
691 1180 809 1266 impune
828 1182 926 1245 iacere
945 1202 998 1266 pro
1013 1180 1135 1244 arbitrio
1153 1181 1277 1265 possint.

129 1277 213 1345 Fieri
228 1281 306 1345 enim
323 1302 381 1346 non
400 1300 505 1368 posse,
536 1282 605 1365 quin
621 1281 740 1347 omnino
759 1303 860 1347 eorum
879 1285 970 1363 ordo,
1000 1293 1100 1369 utpote
1117 1280 1276 1368 Spiritalis,

129 1383 253 1447 satutem
274 1382 414 1449 obtinent.
459 1380 626 1449 Secundam
643 1384 789 1449 bominum
809 1386 857 1469 qui
875 1386 904 1449 in
922 1387 1030 1451 mundo
1049 1397 1119 1450 sunt
1132 1385 1275 1464 ordinem,

130 1504 216 1569 quem
239 1484 402 1551 Ani-aiem
426 1496 551 1566 vocant,
584 1508 639 1573 per
661 1506 728 1553 sese
753 1487 876 1551 salutem
901 1489 1019 1573 assequi
1042 1508 1129 1574 posse
1155 1499 1274 1571 negant,

131 1587 186 1651 nisi
204 1587 351 1653 dsbcribns
372 1598 511 1673 reeteque
535 1589 618 1653 aeus
636 1590 693 1654 sibi
715 1610 779 1654 eam
802 1590 940 1655 vindicet.
986 1590 1028 1654 At
1048 1592 1095 1676 qni
1111 1588 1275 1655 Materiatis

129 1688 275 1755 bominum
290 1690 363 1755 orda
381 1690 504 1770 dicitur,
534 1712 601 1755 cum
616 1711 712 1776 neque
727 1712 864 1777 capacem
882 1692 1059 1778 cognitionis
1075 1712 1143 1757 esse
1162 1703 1274 1778 potant,

128 1809 223 1875 neque
238 1794 353 1857 tametsi
368 1792 457 1873 velit,
482 1794 615 1878 recipere
633 1814 696 1857 eam
712 1815 800 1879 posse
816 1795 865 1879 qui
884 1816 922 1858 ca
938 1794 988 1858 ido
1005 1816 1114 1878 genere
1129 1796 1184 1874 sit,
1209 1816 1276 1880 pro·

125 1893 250 1979 indeque
266 1904 326 1959 tarn
341 1895 438 1959 anima
455 1917 541 1981 quam
559 1916 683 1980 corpore
702 1897 815 1980 penitus
832 1896 965 1960 interire.
1012 1894 1097 1979 Quod
1116 1917 1188 1961 vero
1207 1918 1275 1960 coc-

125 2006 187 2061 tum
207 1998 244 2061 ad
265 2018 350 2062 snum
372 1996 517 2084 pertinet,
549 2020 614 2063 enm
634 1997 774 2083 spiritatis
792 1998 848 2076 sit,
882 2018 940 2061 una
958 2019 1022 2061 com
1041 1999 1134 2063 altero
1152 2000 1275 2083 quodum

125 2098 260 2165 interiori
283 2121 408 2188 corpore
427 2099 541 2166 servari
564 2100 712 2179 sentiunt,
743 2100 818 2183 quod
840 2099 896 2185 ipsi
916 2096 1053 2185 Spiritaie
1073 2122 1177 2186 corpus
1196 2102 1275 2164 inani

126 2202 318 2287 persuasione
338 2213 518 2288 nuncupant.
562 2202 716 2267 Animaies
739 2223 828 2287 porro
855 2213 920 2287 post
942 2201 1106 2266 dintnmam
1129 2203 1275 2267 exercitu-

125 2304 247 2383 tionam,
272 2304 321 2369 nbi
333 2306 514 2370 conditorem
529 2304 775 2385 transcenderint,
799 2324 914 2368 sursum
928 2315 1048 2368 evectos
1062 2305 1174 2389 augetis
1189 2300 1275 2368 Cbri-

124 2407 163 2471 ati
187 2407 342 2472 comitibus
367 2408 504 2487 attribui,
537 2428 632 2493 neque
654 2408 806 2493 quicquam
830 2426 950 2471 suorum
974 2407 1080 2470 efferre
1107 2428 1273 2492 corporum,

125 2508 177 2573 sed
199 2510 312 2575 animas
334 2510 413 2575 solas
436 2510 599 2575 absolutum
623 2520 730 2574 statum
754 2509 930 2594 cognitionis
952 2510 1089 2595 adeptas,
1123 2509 1274 2573 conditore

124 2623 281 2699 superata,
306 2608 418 2679 Christi
440 2612 629 2701 stipatoribus
651 2612 764 2697 augetis
785 2612 815 2675 in
838 2610 1022 2676 matrimonio
1045 2611 1194 2676 collocari.

207 2712 362 2781 Eiusmodi
387 2717 450 2781 dare
473 2726 519 2780 est
541 2716 655 2780 iddorum
680 2715 793 2797 tabula,
827 2715 882 2779 etsi
902 2714 1030 2800 pluribus
1049 2715 1169 2800 insuper
1189 2715 1274 2799 nugis
1288 2722 1423 2791 eapt'ttt.

123 2826 264 2882 contexta
280 2818 331 2883 sit.
377 2816 443 2904 Ego
459 2840 533 2885 vero
555 2838 591 2883 ea
608 2818 751 2883 duntaxat
769 2817 907 2903 proposui
924 2837 997 2902 quae
1015 2817 1046 2881 in
1064 2819 1188 2883 medium
1207 2840 1274 2905 pro-

124 2920 195 2985 tarri
210 2931 348 3006 oportere
362 2921 445 3002 duxi,
463 2932 550 3007 prout
563 2921 600 2985 ad
614 2942 670 2986 noa
685 2920 789 2985 notitia
803 2923 953 3005 pervenit:
978 2920 1113 2984 nimirum
1129 2922 1273 2986 undenam

123 3022 263 3089 oriundus
281 3023 338 3089 iste
357 3025 463 3106 inerit,
494 3046 552 3110 quo
569 3034 700 3109 ternpore
718 3022 844 3104 vixerit,
876 3022 954 3087 node
974 3023 1084 3087 erroris
1103 3036 1274 3108 argumenta

122 3125 296 3211 sumpserit,
328 3147 402 3212 qnae
421 3127 461 3192 sit
478 3127 557 3192 iliius
575 3126 724 3206 doctrina,
756 3146 812 3212 qua
831 3126 861 3189 in
878 3146 911 3189 re
930 3136 1040 3189 tantum
1058 3127 1162 3190 matum
1182 3136 1273 3189 terra-

121 3248 186 3293 rum
204 3228 268 3293 arbi
287 3228 451 3315 pullularit3
481 3231 533 3295 sed
551 3229 627 3315 qnod
641 3230 677 3293 ad
695 3228 856 3293 doctrinam
873 3240 1004 3314 spectat,
1036 3250 1098 3293 enm
1115 3238 1147 3291 ut
1167 3229 1272 3291 dictum

121 3340 185 3413 est,
216 3331 359 3397 duntaxat
377 3353 417 3397 ex
435 3343 519 3420 parte
536 3331 766 3411 deelaravimus,
799 3341 897 3395 cetera
923 3351 975 3416 per
1000 3350 1046 3393 me
1065 3330 1199 3394 subtilius
1220 3351 1273 3392 ex-

121 3432 231 3519 plicare
247 3434 347 3515 nolui,
376 3456 442 3500 eum
458 3437 602 3500 adversus
619 3432 796 3499 haereticum
815 3432 937 3498 stradam
955 3432 1153 3496 elucubratam
1172 3452 1188 3494 a
1205 3452 1272 3495 san-

121 3534 252 3601 ctissima
275 3535 400 3603 irenaeo
422 3536 647 3624 disputationem
670 3536 830 3601 inveniam.
876 3532 1025 3618 Quocirca
1047 3534 1146 3619 paucis
1167 3533 1272 3598 bucus-

120 3658 177 3723 que
190 3660 209 3703 a
221 3660 272 3705 -me
287 3641 536 3719 commemoratis,
559 3640 673 3726 reliqua
689 3660 728 3704 ex
743 3639 821 3704 ibina
838 3637 929 3724 ipsius
946 3637 992 3700 dei
1008 3636 1086 3700 servi
1103 3656 1192 3721 opere
1207 3657 1273 3720 per-

119 3752 236 3823 texaur,
265 3752 353 3829 utque
375 3744 501 3831 ipsamet
524 3739 641 3808 irenaei
665 3742 775 3821 verbu,
807 3760 844 3805 ne
871 3750 981 3804 mutatu
1006 3738 1121 3822 quidem
1146 3739 1270 3825 syllaba,

120 3842 282 3910 subiiciam.
327 3844 405 3911 Sunt
426 3846 500 3911 baec
521 3844 682 3911 eiusmodia

557 4034 605 4085 EX
628 4036 654 4084 θ.
679 4032 832 4084 tsstuo.

203 4151 279 4221 Cum
299 4152 431 4241 plerique
449 4152 574 4219 veritate
592 4162 759 4237 contempta
777 4150 866 4213 salsas
885 4151 1021 4234 quasdem
1041 4150 1225 4215 narrationes
1241 4159 1272 4212 et
1290 4154 1349 4222 cap.
1363 4155 1407 4206 tx.

119 4256 223 4323 inanes
239 4254 427 4343 genealogias
445 4255 617 4335 obtrudant,
641 4274 716 4340 quae
737 4252 925 4339 quaestiones
941 4262 1091 4339 praestant
1106 4252 1217 4337 magis,
1241 4261 1273 4316 ut

151 4445 178 4499 2
192 4438 257 4499 ’Est
272 4447 310 4497 ea
322 4448 399 4509 pune
426 4448 494 4497 rau
506 4444 622 4507 monac
634 4444 682 4495 ne-
749 4438 774 4494 t.
792 4444 829 4494 tu
845 4442 912 4493 aar.
929 4444 1003 4495 rura.
1024 4444 1078 4492 rea.
1092 4446 1114 4491 s
1131 4443 1156 4491 r.
1175 4444 1271 4502 raamr.

119 4516 174 4567 anti
186 4516 255 4567 tata
269 4514 406 4577 Quatenus.
439 4514 500 4566 tun
514 4514 550 4577 1.,
566 4512 647 4575 Prurf.
714 4512 803 4563 traaas
813 4513 853 4575 qut
864 4512 932 4562 babet
941 4508 1058 4561 infinitas.
1080 4510 1153 4574 Vatpo
1165 4508 1273 4576 paratae

153 4582 179 4637 ὃ.
195 4578 242 4636 aab
256 4594 303 4635 aar.
320 4584 376 4633 Vra.
716 4584 787 4631 estut
1039 4662 1056 4701 *

986 4666 1023 4728 21
