<?xml version="1.0" encoding="UTF-8"?>
<!DOCTYPE html PUBLIC "-//W3C//DTD XHTML 1.0 Transitional//EN"
    "http://www.w3.org/TR/xhtml1/DTD/xhtml1-transitional.dtd">
<html xmlns="http://www.w3.org/1999/xhtml" xml:lang="en" lang="en">
 <head>
  <title>
</title>
<meta http-equiv="Content-Type" content="text/html;charset=utf-8" />
  <meta name='ocr-system' content='tesseract 3.04.00' />
  <meta name='ocr-capabilities' content='ocr_page ocr_carea ocr_par ocr_line ocrx_word'/>
</head>
<body>
  <div class='ocr_page' id='page_1' title='image "./corporishaerese01unkngoog_0559.png"; bbox 0 0 3046 5084; ppageno 0'>
   <div class='ocr_carea' id='block_1_1' title="bbox 186 327 917 387">
    <p class='ocr_par' dir='ltr' id='par_1_1' title="bbox 186 327 917 387">
     <span class='ocr_line' id='line_1_1' title="bbox 186 327 917 387; baseline -0.003 0"><span class='ocrx_word' id='word_1_1' title='bbox 186 327 245 387; x_wconf 75' lang='grc'><strong><em>554</em></strong></span> <span class='ocrx_word' id='word_1_2' title='bbox 609 335 730 386; x_wconf 78' lang='lat' dir='ltr'>SANCTI</span> <span class='ocrx_word' id='word_1_3' title='bbox 748 335 917 386; x_wconf 66' lang='lat' dir='ltr'>EPIPHANH</span> 
     </span>
    </p>
   </div>
   <div class='ocr_carea' id='block_1_2' title="bbox 179 449 1347 947">
    <p class='ocr_par' dir='ltr' id='par_1_2' title="bbox 179 449 1347 947">
     <span class='ocr_line' id='line_1_2' title="bbox 186 449 1345 537; baseline 0 -20"><span class='ocrx_word' id='word_1_4' title='bbox 186 452 311 537; x_wconf 78' lang='grc' dir='ltr'><strong><em>ὑπῆρχε,</em></strong></span> <span class='ocrx_word' id='word_1_5' title='bbox 340 457 390 518; x_wconf 85' lang='grc' dir='ltr'><strong><em>καί</em></strong></span> <span class='ocrx_word' id='word_1_6' title='bbox 405 452 470 528; x_wconf 89' lang='grc' dir='ltr'><strong><em>υίδς</em></strong></span> <span class='ocrx_word' id='word_1_7' title='bbox 488 451 653 517; x_wconf 77' lang='grc' dir='ltr'><strong><em>ἐπισκόπου</em></strong></span> <span class='ocrx_word' id='word_1_8' title='bbox 670 459 721 533; x_wconf 83' lang='grc' dir='ltr'><strong><em>τῆς</em></strong></span> <span class='ocrx_word' id='word_1_9' title='bbox 739 449 879 535; x_wconf 76' lang='grc' dir='ltr'><strong><em>ἡμετέρας</em></strong></span> <span class='ocrx_word' id='word_1_10' title='bbox 894 449 979 537; x_wconf 82' lang='grc' dir='ltr'><strong><em>ύχίας</em></strong></span> <span class='ocrx_word' id='word_1_11' title='bbox 997 460 1165 535; x_wconf 82' lang='grc' dir='ltr'><strong><em>καθολικῆς</em></strong></span> <span class='ocrx_word' id='word_1_12' title='bbox 1179 456 1345 536; x_wconf 71' lang='grc' dir='ltr'><strong><em>ἐκκλησίας.</em></strong></span> 
     </span>
     <span class='ocr_line' id='line_1_3' title="bbox 188 554 1347 643; baseline 0.003 -24"><span class='ocrx_word' id='word_1_13' title='bbox 188 555 308 641; x_wconf 83' lang='grc' dir='ltr'><strong><em>Χρόνου</em></strong></span> <span class='ocrx_word' id='word_1_14' title='bbox 329 557 360 621; x_wconf 84' lang='grc' dir='ltr'><strong><em>δέ</em></strong></span> <span class='ocrx_word' id='word_1_15' title='bbox 384 554 542 640; x_wconf 71' lang='grc' dir='ltr'><strong><em>προϊόντος</em></strong></span> <span class='ocrx_word' id='word_1_16' title='bbox 563 559 795 637; x_wconf 81' lang='grc' dir='ltr'><strong><em>προςφθείρεται</em></strong></span> <span class='ocrx_word' id='word_1_17' title='bbox 816 556 958 643; x_wconf 78' lang='grc' dir='ltr'><strong><em>παρθένῳ</em></strong></span> <span class='ocrx_word' id='word_1_18' title='bbox 981 558 1056 633; x_wconf 83' lang='grc' dir='ltr'><strong><em>τινὶ,</em></strong></span> <span class='ocrx_word' id='word_1_19' title='bbox 1085 558 1137 621; x_wconf 88' lang='grc' dir='ltr'><strong><em>καλ</em></strong></span> <span class='ocrx_word' id='word_1_20' title='bbox 1160 556 1347 639; x_wconf 77' lang='grc' dir='ltr'><strong><em>ἐξαπατήσας</em></strong></span> 
     </span>
     <span class='ocr_line' id='line_1_4' title="bbox 186 655 1346 741; baseline 0.002 -19"><span class='ocrx_word' id='word_1_21' title='bbox 186 658 241 741; x_wconf 78' lang='grc' dir='ltr'><strong><em>την</em></strong></span> <span class='ocrx_word' id='word_1_22' title='bbox 254 660 407 737; x_wconf 74' lang='grc' dir='ltr'><strong><em>παρθένον</em></strong></span> <span class='ocrx_word' id='word_1_23' title='bbox 421 656 480 721; x_wconf 84' lang='grc' dir='ltr'><strong><em>ύπό</em></strong></span> <span class='ocrx_word' id='word_1_24' title='bbox 495 664 548 737; x_wconf 78' lang='grc' dir='ltr'><strong><em>τῆς</em></strong></span> <span class='ocrx_word' id='word_1_25' title='bbox 563 660 681 731; x_wconf 75' lang='grc' dir='ltr'><strong><em>ἐλπίδος</em></strong></span> <span class='ocrx_word' id='word_1_26' title='bbox 696 655 789 737; x_wconf 80' lang='grc' dir='ltr'><strong><em>αύτήν</em></strong></span> <span class='ocrx_word' id='word_1_27' title='bbox 803 683 832 720; x_wconf 83' lang='grc' dir='ltr'><strong><em>τε</em></strong></span> <span class='ocrx_word' id='word_1_28' title='bbox 848 659 896 721; x_wconf 85' lang='grc' dir='ltr'><strong><em>καί</em></strong></span> <span class='ocrx_word' id='word_1_29' title='bbox 911 655 1017 723; x_wconf 82' lang='grc' dir='ltr'><strong><em>ἑαυτόν</em></strong></span> <span class='ocrx_word' id='word_1_30' title='bbox 1030 659 1205 737; x_wconf 73' lang='grc' dir='ltr'><strong><em>κατέσπασε,</em></strong></span> <span class='ocrx_word' id='word_1_31' title='bbox 1227 661 1281 724; x_wconf 89' lang='grc' dir='ltr'><strong><em>καλ</em></strong></span> <span class='ocrx_word' id='word_1_32' title='bbox 1293 657 1346 741; x_wconf 67' lang='grc' dir='ltr'><strong><em>τῶν</em></strong></span> 
     </span>
     <span class='ocr_line' id='line_1_5' title="bbox 186 758 1343 847; baseline 0.002 -24"><span class='ocrx_word' id='word_1_33' title='bbox 186 758 308 844; x_wconf 83' lang='grc' dir='ltr'><strong><em>φθοριίυ</em></strong></span> <span class='ocrx_word' id='word_1_34' title='bbox 328 758 568 844; x_wconf 76' lang='grc' dir='ltr'><strong><em>οίπερχασύμευος</em></strong></span> <span class='ocrx_word' id='word_1_35' title='bbox 587 762 715 835; x_wconf 85' lang='grc' dir='ltr'><strong><em>ἐξεοῦται</em></strong></span> <span class='ocrx_word' id='word_1_36' title='bbox 732 766 784 839; x_wconf 78' lang='grc' dir='ltr'><strong><em>τῆς</em></strong></span> <span class='ocrx_word' id='word_1_37' title='bbox 804 762 957 841; x_wconf 70' lang='grc' dir='ltr'><strong><em>ἐκκλησίας</em></strong></span> <span class='ocrx_word' id='word_1_38' title='bbox 974 758 1034 825; x_wconf 88' lang='grc' dir='ltr'><strong><em>ύπό</em></strong></span> <span class='ocrx_word' id='word_1_39' title='bbox 1052 768 1106 825; x_wconf 85' lang='grc' dir='ltr'><strong><em>τοῦ</em></strong></span> <span class='ocrx_word' id='word_1_40' title='bbox 1124 764 1204 825; x_wconf 78' lang='grc' dir='ltr'><strong><em>ἰδίου</em></strong></span> <span class='ocrx_word' id='word_1_41' title='bbox 1222 760 1343 847; x_wconf 87' lang='grc' dir='ltr'><strong><em>πατρός.</em></strong></span> 
     </span>
     <span class='ocr_line' id='line_1_6' title="bbox 179 855 1343 947; baseline 0.003 -22"><span class='ocrx_word' id='word_1_42' title='bbox 179 855 234 926; x_wconf 83' lang='grc' dir='ltr'><strong><em>Ἦν</em></strong></span> <span class='ocrx_word' id='word_1_43' title='bbox 261 861 315 947; x_wconf 80' lang='grc' dir='ltr'><strong><em>γοίρ</em></strong></span> <span class='ocrx_word' id='word_1_44' title='bbox 338 860 432 927; x_wconf 85' lang='grc' dir='ltr'><strong><em>αύτοῦ</em></strong></span> <span class='ocrx_word' id='word_1_45' title='bbox 454 859 471 925; x_wconf 89' lang='grc' dir='ltr'><strong><em>ό</em></strong></span> <span class='ocrx_word' id='word_1_46' title='bbox 494 861 590 945; x_wconf 74' lang='grc' dir='ltr'><strong><em>πατὴρ</em></strong></span> <span class='ocrx_word' id='word_1_47' title='bbox 614 858 649 925; x_wconf 89' lang='grc' dir='ltr'><strong><em>δι’</em></strong></span> <span class='ocrx_word' id='word_1_48' title='bbox 672 859 839 944; x_wconf 75' lang='grc' dir='ltr'><strong><em>ύπερβολὴν</em></strong></span> <span class='ocrx_word' id='word_1_49' title='bbox 861 860 1011 945; x_wconf 75' lang='grc' dir='ltr'><strong><em>εὐλαβείας</em></strong></span> <span class='ocrx_word' id='word_1_50' title='bbox 1033 871 1092 927; x_wconf 88' lang='grc' dir='ltr'><strong><em>τῶν</em></strong></span> <span class='ocrx_word' id='word_1_51' title='bbox 1113 868 1272 944; x_wconf 87' lang='grc' dir='ltr'><strong><em>διαφανῶν</em></strong></span> <span class='ocrx_word' id='word_1_52' title='bbox 1294 868 1343 929; x_wconf 86' lang='grc' dir='ltr'><strong><em>καί</em></strong></span> 
     </span>
    </p>
   </div>
   <div class='ocr_carea' id='block_1_3' title="bbox 60 963 1344 2282">
    <p class='ocr_par' dir='ltr' id='par_1_3' title="bbox 60 963 1344 2282">
     <span class='ocr_line' id='line_1_7' title="bbox 186 963 1344 1054; baseline 0.004 -25"><span class='ocrx_word' id='word_1_53' title='bbox 186 963 302 1048; x_wconf 90' lang='grc' dir='ltr'><strong><em>σφόδρα</em></strong></span> <span class='ocrx_word' id='word_1_54' title='bbox 322 972 373 1047; x_wconf 79' lang='grc' dir='ltr'><strong><em>τῆς</em></strong></span> <span class='ocrx_word' id='word_1_55' title='bbox 392 963 533 1046; x_wconf 85' lang='grc' dir='ltr'><strong><em>α’ληθείας</em></strong></span> <span class='ocrx_word' id='word_1_56' title='bbox 552 965 781 1045; x_wconf 89' lang='grc' dir='ltr'><strong><em>ἐπιμελομένων,</em></strong></span> <span class='ocrx_word' id='word_1_57' title='bbox 811 966 984 1049; x_wconf 79' lang='grc' dir='ltr'><strong><em>διαπρέπων</em></strong></span> <span class='ocrx_word' id='word_1_58' title='bbox 1005 969 1037 1031; x_wconf 88' lang='grc' dir='ltr'><strong><em>ἐν</em></strong></span> <span class='ocrx_word' id='word_1_59' title='bbox 1052 974 1089 1054; x_wconf 77' lang='grc' dir='ltr'><strong><em>τῇ</em></strong></span> <span class='ocrx_word' id='word_1_60' title='bbox 1108 974 1163 1049; x_wconf 81' lang='grc' dir='ltr'><strong><em>τῆς</em></strong></span> <span class='ocrx_word' id='word_1_61' title='bbox 1180 970 1344 1049; x_wconf 76' lang='grc' dir='ltr'><strong><em>ἐπισκοπῆς</em></strong></span> 
     </span>
     <span class='ocr_line' id='line_1_8' title="bbox 183 1064 1342 1154; baseline 0.004 -24"><span class='ocrx_word' id='word_1_62' title='bbox 183 1071 354 1154; x_wconf 76' lang='grc' dir='ltr'><strong><em>λειτουργίᾳ.</em></strong></span> <span class='ocrx_word' id='word_1_63' title='bbox 398 1065 495 1131; x_wconf 82' lang='grc' dir='ltr'><strong><em>Πολλοί</em></strong></span> <span class='ocrx_word' id='word_1_64' title='bbox 509 1071 603 1148; x_wconf 78' lang='grc' dir='ltr'><strong><em>δῆθεν</em></strong></span> <span class='ocrx_word' id='word_1_65' title='bbox 619 1064 637 1131; x_wconf 89' lang='grc' dir='ltr'><strong><em>ό</em></strong></span> <span class='ocrx_word' id='word_1_66' title='bbox 651 1070 800 1150; x_wconf 88' lang='grc' dir='ltr'><strong><em>Μαρκίων</em></strong></span> <span class='ocrx_word' id='word_1_67' title='bbox 816 1066 1038 1147; x_wconf 80' lang='grc' dir='ltr'><strong><em>καθικετεύσας,</em></strong></span> <span class='ocrx_word' id='word_1_68' title='bbox 1053 1071 1104 1133; x_wconf 83' lang='grc' dir='ltr'><strong><em>καί</em></strong></span> <span class='ocrx_word' id='word_1_69' title='bbox 1120 1068 1246 1152; x_wconf 78' lang='grc' dir='ltr'><strong><em>αι’τύσας</em></strong></span> <span class='ocrx_word' id='word_1_70' title='bbox 1260 1068 1342 1151; x_wconf 81' lang='grc' dir='ltr'><strong><em>μετιέ-</em></strong></span> 
     </span>
     <span class='ocr_line' id='line_1_9' title="bbox 183 1166 1343 1255; baseline 0.005 -22"><span class='ocrx_word' id='word_1_71' title='bbox 183 1197 281 1247; x_wconf 92' lang='grc' dir='ltr'><strong><em>νοιαν,</em></strong></span> <span class='ocrx_word' id='word_1_72' title='bbox 305 1167 359 1234; x_wconf 89' lang='grc' dir='ltr'><strong><em>ούκ</em></strong></span> <span class='ocrx_word' id='word_1_73' title='bbox 377 1174 477 1251; x_wconf 85' lang='grc' dir='ltr'><strong><em>είληφε</em></strong></span> <span class='ocrx_word' id='word_1_74' title='bbox 493 1167 575 1248; x_wconf 84' lang='grc' dir='ltr'><strong><em>παρόι</em></strong></span> <span class='ocrx_word' id='word_1_75' title='bbox 593 1175 645 1232; x_wconf 84' lang='grc' dir='ltr'><strong><em>τοῦ</em></strong></span> <span class='ocrx_word' id='word_1_76' title='bbox 664 1166 741 1233; x_wconf 83' lang='grc' dir='ltr'><strong><em>ἰδίου</em></strong></span> <span class='ocrx_word' id='word_1_77' title='bbox 760 1168 886 1252; x_wconf 72' lang='grc' dir='ltr'><strong><em>πατρός</em></strong></span> <span class='ocrx_word' id='word_1_78' title='bbox 910 1167 1004 1246; x_wconf 91' lang='grc' dir='ltr'><strong><em>πόνος</em></strong></span> <span class='ocrx_word' id='word_1_79' title='bbox 1018 1169 1076 1255; x_wconf 80' lang='grc' dir='ltr'><strong><em>χείρ</em></strong></span> <span class='ocrx_word' id='word_1_80' title='bbox 1091 1168 1147 1253; x_wconf 77' lang='grc' dir='ltr'><strong><em>εἶχε</em></strong></span> <span class='ocrx_word' id='word_1_81' title='bbox 1163 1170 1217 1237; x_wconf 88' lang='grc' dir='ltr'><strong><em>τόν</em></strong></span> <span class='ocrx_word' id='word_1_82' title='bbox 1232 1170 1343 1249; x_wconf 82' lang='grc' dir='ltr'><strong><em>οίξιόλο·</em></strong></span> 
     </span>
     <span class='ocr_line' id='line_1_10' title="bbox 184 1269 1342 1355; baseline 0.003 -20"><span class='ocrx_word' id='word_1_83' title='bbox 184 1297 235 1355; x_wconf 84' lang='grc' dir='ltr'><strong><em>γον</em></strong></span> <span class='ocrx_word' id='word_1_84' title='bbox 250 1274 372 1355; x_wconf 78' lang='grc' dir='ltr'><strong><em>γέροντα</em></strong></span> <span class='ocrx_word' id='word_1_85' title='bbox 388 1273 439 1336; x_wconf 87' lang='grc' dir='ltr'><strong><em>καὶ</em></strong></span> <span class='ocrx_word' id='word_1_86' title='bbox 455 1275 618 1337; x_wconf 87' lang='grc' dir='ltr'><strong><em>ἐπίσκοπον</em></strong></span> <span class='ocrx_word' id='word_1_87' title='bbox 634 1270 678 1335; x_wconf 83' lang='grc' dir='ltr'><strong><em>ὅτι</em></strong></span> <span class='ocrx_word' id='word_1_88' title='bbox 695 1269 732 1336; x_wconf 90' lang='grc' dir='ltr'><strong><em>ού</em></strong></span> <span class='ocrx_word' id='word_1_89' title='bbox 749 1270 843 1352; x_wconf 92' lang='grc' dir='ltr'><strong><em>μόνον</em></strong></span> <span class='ocrx_word' id='word_1_90' title='bbox 860 1274 992 1348; x_wconf 82' lang='grc' dir='ltr'><strong><em>ἐξέπεσεν</em></strong></span> <span class='ocrx_word' id='word_1_91' title='bbox 1006 1276 1133 1352; x_wconf 86' lang='grc' dir='ltr'><strong><em>ἐκεῖνος,</em></strong></span> <span class='ocrx_word' id='word_1_92' title='bbox 1157 1271 1216 1338; x_wconf 72' lang='grc' dir='ltr'><strong><em>ἀλλ’</em></strong></span> <span class='ocrx_word' id='word_1_93' title='bbox 1231 1273 1277 1341; x_wconf 82' lang='grc' dir='ltr'><strong><em>δτι</em></strong></span> <span class='ocrx_word' id='word_1_94' title='bbox 1294 1276 1342 1339; x_wconf 86' lang='grc' dir='ltr'><strong><em>καλ</em></strong></span> 
     </span>
     <span class='ocr_line' id='line_1_11' title="bbox 184 1370 1340 1459; baseline 0.007 -24"><span class='ocrx_word' id='word_1_95' title='bbox 184 1371 262 1459; x_wconf 80' lang='grc' dir='ltr'><strong><em>αύτῷ</em></strong></span> <span class='ocrx_word' id='word_1_96' title='bbox 281 1372 312 1437; x_wconf 90' lang='grc' dir='ltr'><strong><em>τό</em></strong></span> <span class='ocrx_word' id='word_1_97' title='bbox 333 1371 432 1455; x_wconf 84' lang='grc' dir='ltr'><strong><em>αίσχος</em></strong></span> <span class='ocrx_word' id='word_1_98' title='bbox 451 1376 563 1458; x_wconf 83' lang='grc' dir='ltr'><strong><em>ἐφερεν.</em></strong></span> <span class='ocrx_word' id='word_1_99' title='bbox 605 1370 657 1447; x_wconf 83' lang='grc' dir='ltr'><strong><em>Ὡς</em></strong></span> <span class='ocrx_word' id='word_1_100' title='bbox 674 1378 775 1437; x_wconf 83' lang='grc' dir='ltr'><strong><em>τοίνυν</em></strong></span> <span class='ocrx_word' id='word_1_101' title='bbox 792 1372 847 1438; x_wconf 87' lang='grc' dir='ltr'><strong><em>ούκ</em></strong></span> <span class='ocrx_word' id='word_1_102' title='bbox 865 1377 945 1457; x_wconf 84' lang='grc' dir='ltr'><strong><em>έτυχε</em></strong></span> <span class='ocrx_word' id='word_1_103' title='bbox 963 1373 1031 1459; x_wconf 90' lang='grc' dir='ltr'><strong><em>παρ’</em></strong></span> <span class='ocrx_word' id='word_1_104' title='bbox 1045 1374 1138 1441; x_wconf 84' lang='grc' dir='ltr'><strong><em>αύτοῦ</em></strong></span> <span class='ocrx_word' id='word_1_105' title='bbox 1156 1374 1207 1442; x_wconf 83' lang='grc' dir='ltr'><strong><em>διαί</em></strong></span> <span class='ocrx_word' id='word_1_106' title='bbox 1222 1384 1277 1458; x_wconf 81' lang='grc' dir='ltr'><strong><em>τῆς</em></strong></span> <span class='ocrx_word' id='word_1_107' title='bbox 1292 1402 1340 1443; x_wconf 81' lang='grc' dir='ltr'><strong><em>κε·</em></strong></span> 
     </span>
     <span class='ocr_line' id='line_1_12' title="bbox 183 1467 1341 1566; baseline 0.006 -28"><span class='ocrx_word' id='word_1_108' title='bbox 183 1479 298 1549; x_wconf 91' lang='grc' dir='ltr'><strong><em>λακείας</em></strong></span> <span class='ocrx_word' id='word_1_109' title='bbox 320 1467 363 1539; x_wconf 89' lang='grc' dir='ltr'><strong><em>ῶν</em></strong></span> <span class='ocrx_word' id='word_1_110' title='bbox 386 1478 497 1553; x_wconf 85' lang='grc' dir='ltr'><strong><em>ἐδέετο,</em></strong></span> <span class='ocrx_word' id='word_1_111' title='bbox 531 1474 571 1557; x_wconf 80' lang='grc' dir='ltr'><strong><em>μή</em></strong></span> <span class='ocrx_word' id='word_1_112' title='bbox 590 1478 690 1559; x_wconf 85' lang='grc' dir='ltr'><strong><em>φέρων</em></strong></span> <span class='ocrx_word' id='word_1_113' title='bbox 709 1476 762 1557; x_wconf 72' lang='grc' dir='ltr'><strong><em>τὴν</em></strong></span> <span class='ocrx_word' id='word_1_114' title='bbox 780 1474 838 1542; x_wconf 86' lang='grc' dir='ltr'><strong><em>ιίπδ</em></strong></span> <span class='ocrx_word' id='word_1_115' title='bbox 855 1482 913 1541; x_wconf 88' lang='grc' dir='ltr'><strong><em>τῶν</em></strong></span> <span class='ocrx_word' id='word_1_116' title='bbox 928 1482 1044 1542; x_wconf 77' lang='grc' dir='ltr'><strong><em>πολλῶν</em></strong></span> <span class='ocrx_word' id='word_1_117' title='bbox 1059 1477 1164 1561; x_wconf 80' lang='grc' dir='ltr'><strong><em>χλεύην</em></strong></span> <span class='ocrx_word' id='word_1_118' title='bbox 1179 1476 1341 1566; x_wconf 80' lang='grc' dir='ltr'><strong><em>ύποδιδρύ-</em></strong></span> 
     </span>
     <span class='ocr_line' id='line_1_13' title="bbox 184 1575 1342 1664; baseline 0.005 -23"><span class='ocrx_word' id='word_1_119' title='bbox 184 1600 244 1641; x_wconf 93' lang='grc' dir='ltr'><strong><em>σκει</em></strong></span> <span class='ocrx_word' id='word_1_120' title='bbox 266 1585 318 1659; x_wconf 81' lang='grc' dir='ltr'><strong><em>τῆς</em></strong></span> <span class='ocrx_word' id='word_1_121' title='bbox 339 1578 451 1652; x_wconf 87' lang='grc' dir='ltr'><strong><em>πόλεως</em></strong></span> <span class='ocrx_word' id='word_1_122' title='bbox 473 1586 524 1659; x_wconf 82' lang='grc' dir='ltr'><strong><em>τῆς</em></strong></span> <span class='ocrx_word' id='word_1_123' title='bbox 546 1575 653 1660; x_wconf 83' lang='grc' dir='ltr'><strong><em>αύτῆς,</em></strong></span> <span class='ocrx_word' id='word_1_124' title='bbox 682 1581 732 1642; x_wconf 83' lang='grc' dir='ltr'><strong><em>καί</em></strong></span> <span class='ocrx_word' id='word_1_125' title='bbox 749 1577 858 1643; x_wconf 85' lang='grc' dir='ltr'><strong><em>ίίνεισιυ</em></strong></span> <span class='ocrx_word' id='word_1_126' title='bbox 876 1582 917 1655; x_wconf 87' lang='grc' dir='ltr'><strong><em>είς</em></strong></span> <span class='ocrx_word' id='word_1_127' title='bbox 933 1576 1113 1663; x_wconf 73' lang='grc' dir='ltr'><strong><em>τύνῬῶμην</em></strong></span> <span class='ocrx_word' id='word_1_128' title='bbox 1129 1578 1242 1664; x_wconf 72' lang='grc' dir='ltr'><strong><em>αὐτὴν,</em></strong></span> <span class='ocrx_word' id='word_1_129' title='bbox 1272 1579 1342 1663; x_wconf 82' lang='grc' dir='ltr'><strong><em>μιτιλ</em></strong></span> 
     </span>
     <span class='ocr_line' id='line_1_14' title="bbox 182 1674 1341 1768; baseline 0.005 -25"><span class='ocrx_word' id='word_1_130' title='bbox 182 1679 214 1744; x_wconf 91' lang='grc' dir='ltr'><strong><em>τό</em></strong></span> <span class='ocrx_word' id='word_1_131' title='bbox 230 1687 396 1762; x_wconf 80' lang='grc' dir='ltr'><strong><em>τελευτῆσαι</em></strong></span> <span class='ocrx_word' id='word_1_132' title='bbox 409 1678 526 1765; x_wconf 77' lang='grc' dir='ltr'><strong><em>Ὑγῖυου</em></strong></span> <span class='ocrx_word' id='word_1_133' title='bbox 541 1680 592 1745; x_wconf 89' lang='grc' dir='ltr'><strong><em>τόν</em></strong></span> <span class='ocrx_word' id='word_1_134' title='bbox 607 1683 770 1745; x_wconf 79' lang='grc' dir='ltr'><strong><em>ἐπίσκοπον</em></strong></span> <span class='ocrx_word' id='word_1_135' title='bbox 781 1677 903 1764; x_wconf 82' lang='grc' dir='ltr'><strong><em>Ῥοίμης.</em></strong></span> <span class='ocrx_word' id='word_1_136' title='bbox 950 1674 1048 1759; x_wconf 78' lang='grc' dir='ltr'><strong><em>Οὗτος</em></strong></span> <span class='ocrx_word' id='word_1_137' title='bbox 1061 1683 1094 1747; x_wconf 84' lang='grc' dir='ltr'><strong><em>δέ</em></strong></span> <span class='ocrx_word' id='word_1_138' title='bbox 1109 1685 1213 1759; x_wconf 83' lang='grc' dir='ltr'><strong><em>ένατος</em></strong></span> <span class='ocrx_word' id='word_1_139' title='bbox 1228 1676 1268 1768; x_wconf 80' lang='grc' dir='ltr'><strong><em>ἦν</em></strong></span> <span class='ocrx_word' id='word_1_140' title='bbox 1283 1680 1341 1749; x_wconf 80' lang='grc' dir='ltr'><strong><em>ἆπδ</em></strong></span> 
     </span>
     <span class='ocr_line' id='line_1_15' title="bbox 167 1781 1340 1871; baseline 0 -20"><span class='ocrx_word' id='word_1_141' title='bbox 167 1785 304 1867; x_wconf 78' lang='grc' dir='ltr'><strong><em>Πέτρον</em></strong></span> <span class='ocrx_word' id='word_1_142' title='bbox 325 1785 376 1847; x_wconf 85' lang='grc' dir='ltr'><strong><em>καί</em></strong></span> <span class='ocrx_word' id='word_1_143' title='bbox 398 1783 520 1847; x_wconf 90' lang='grc' dir='ltr'><strong><em>Παύλου</em></strong></span> <span class='ocrx_word' id='word_1_144' title='bbox 542 1791 602 1847; x_wconf 89' lang='grc' dir='ltr'><strong><em>τῶν</em></strong></span> <span class='ocrx_word' id='word_1_145' title='bbox 619 1781 798 1849; x_wconf 85' lang='grc' dir='ltr'><strong><em>οίποστόλων.</em></strong></span> <span class='ocrx_word' id='word_1_146' title='bbox 844 1787 903 1848; x_wconf 85' lang='grc' dir='ltr'><strong><em>Καί</em></strong></span> <span class='ocrx_word' id='word_1_147' title='bbox 923 1793 985 1860; x_wconf 88' lang='grc' dir='ltr'><strong><em>τοῖς</em></strong></span> <span class='ocrx_word' id='word_1_148' title='bbox 1003 1787 1045 1851; x_wconf 84' lang='grc' dir='ltr'><strong><em>ἐτι</em></strong></span> <span class='ocrx_word' id='word_1_149' title='bbox 1063 1784 1247 1868; x_wconf 79' lang='grc' dir='ltr'><strong><em>πρεσβύταις</em></strong></span> <span class='ocrx_word' id='word_1_150' title='bbox 1263 1810 1340 1871; x_wconf 84' lang='grc' dir='ltr'><strong><em>περι·</em></strong></span> 
     </span>
     <span class='ocr_line' id='line_1_16' title="bbox 183 1883 1342 1973; baseline 0.005 -24"><span class='ocrx_word' id='word_1_151' title='bbox 183 1893 261 1965; x_wconf 83' lang='grc' dir='ltr'><strong><em>οὖσι,</em></strong></span> <span class='ocrx_word' id='word_1_152' title='bbox 291 1888 340 1949; x_wconf 84' lang='grc' dir='ltr'><strong><em>καὶ</em></strong></span> <span class='ocrx_word' id='word_1_153' title='bbox 359 1883 418 1950; x_wconf 86' lang='grc' dir='ltr'><strong><em>ύπό</em></strong></span> <span class='ocrx_word' id='word_1_154' title='bbox 434 1893 494 1950; x_wconf 86' lang='grc' dir='ltr'><strong><em>τῶν</em></strong></span> <span class='ocrx_word' id='word_1_155' title='bbox 510 1894 654 1968; x_wconf 80' lang='grc' dir='ltr'><strong><em>μαθητῶν</em></strong></span> <span class='ocrx_word' id='word_1_156' title='bbox 669 1894 728 1951; x_wconf 89' lang='grc' dir='ltr'><strong><em>τῶν</em></strong></span> <span class='ocrx_word' id='word_1_157' title='bbox 745 1885 916 1951; x_wconf 89' lang='grc' dir='ltr'><strong><em>οίποστόλων</em></strong></span> <span class='ocrx_word' id='word_1_158' title='bbox 938 1884 1160 1969; x_wconf 77' lang='grc' dir='ltr'><strong><em>1ὁρμωμένοις,</em></strong></span> <span class='ocrx_word' id='word_1_159' title='bbox 1182 1886 1342 1973; x_wconf 79' lang='grc' dir='ltr'><strong><em>συμβόλων</em></strong></span> 
     </span>
     <span class='ocr_line' id='line_1_17' title="bbox 182 1986 1341 2077; baseline 0.003 -25"><span class='ocrx_word' id='word_1_160' title='bbox 182 1986 243 2075; x_wconf 77' lang='grc' dir='ltr'><strong><em>ᾔτει</em></strong></span> <span class='ocrx_word' id='word_1_161' title='bbox 258 1995 453 2070; x_wconf 82' lang='grc' dir='ltr'><strong><em>συναχθῆναι,</em></strong></span> <span class='ocrx_word' id='word_1_162' title='bbox 470 1991 520 2052; x_wconf 82' lang='grc' dir='ltr'><strong><em>καί</em></strong></span> <span class='ocrx_word' id='word_1_163' title='bbox 534 1987 633 2064; x_wconf 76' lang='grc' dir='ltr'><strong><em>οὐδεὶς</em></strong></span> <span class='ocrx_word' id='word_1_164' title='bbox 647 1986 726 2077; x_wconf 76' lang='grc' dir='ltr'><strong><em>αύτῷ</em></strong></span> <span class='ocrx_word' id='word_1_165' title='bbox 740 1988 957 2074; x_wconf 78' lang='grc' dir='ltr'><strong><em>συγκεχώρηκε·</em></strong></span> <span class='ocrx_word' id='word_1_166' title='bbox 976 1988 1050 2077; x_wconf 75' lang='grc' dir='ltr'><strong><em>ζήλῳ</em></strong></span> <span class='ocrx_word' id='word_1_167' title='bbox 1063 1988 1171 2055; x_wconf 89' lang='grc' dir='ltr'><strong><em>λοιπόν</em></strong></span> <span class='ocrx_word' id='word_1_168' title='bbox 1187 1992 1341 2077; x_wconf 85' lang='grc' dir='ltr'><strong><em>ἐπαρθείς,</em></strong></span> 
     </span>
     <span class='ocr_line' id='line_1_18' title="bbox 60 2086 1341 2176; baseline 0 -17"><span class='ocrx_word' id='word_1_169' title='bbox 60 2130 111 2173; x_wconf 65' lang='grc' dir='ltr'><strong><em>μσς,</em></strong></span> <span class='ocrx_word' id='word_1_170' title='bbox 125 2117 169 2160; x_wconf 81' lang='grc' dir='ltr'><strong><em>ιιι,</em></strong></span> <span class='ocrx_word' id='word_1_171' title='bbox 185 2088 226 2167; x_wconf 84' lang='grc' dir='ltr'><strong><em>ῶς</em></strong></span> <span class='ocrx_word' id='word_1_172' title='bbox 240 2086 295 2155; x_wconf 85' lang='grc' dir='ltr'><strong><em>ούκ</em></strong></span> <span class='ocrx_word' id='word_1_173' title='bbox 309 2088 451 2172; x_wconf 80' lang='grc' dir='ltr'><strong><em>ύπείληφε</em></strong></span> <span class='ocrx_word' id='word_1_174' title='bbox 466 2089 518 2173; x_wconf 75' lang='grc' dir='ltr'><strong><em>τὴν</em></strong></span> <span class='ocrx_word' id='word_1_175' title='bbox 534 2096 692 2176; x_wconf 76' lang='grc' dir='ltr'><strong><em>προεδρίαν</em></strong></span> <span class='ocrx_word' id='word_1_176' title='bbox 707 2117 737 2156; x_wconf 89' lang='grc' dir='ltr'><strong><em>τε</em></strong></span> <span class='ocrx_word' id='word_1_177' title='bbox 750 2093 801 2155; x_wconf 87' lang='grc' dir='ltr'><strong><em>καί</em></strong></span> <span class='ocrx_word' id='word_1_178' title='bbox 816 2089 869 2173; x_wconf 72' lang='grc' dir='ltr'><strong><em>τὴν</em></strong></span> <span class='ocrx_word' id='word_1_179' title='bbox 884 2094 1011 2167; x_wconf 86' lang='grc' dir='ltr'><strong><em>είςδυσιν</em></strong></span> <span class='ocrx_word' id='word_1_180' title='bbox 1025 2099 1079 2175; x_wconf 80' lang='grc' dir='ltr'><strong><em>τῆς</em></strong></span> <span class='ocrx_word' id='word_1_181' title='bbox 1091 2092 1261 2175; x_wconf 86' lang='grc' dir='ltr'><strong><em>ἐκκλησίας,</em></strong></span> <span class='ocrx_word' id='word_1_182' title='bbox 1281 2096 1341 2159; x_wconf 86' lang='grc' dir='ltr'><strong><em>ἐπι·</em></strong></span> 
     </span>
     <span class='ocr_line' id='line_1_19' title="bbox 181 2191 1280 2282; baseline 0.003 -25"><span class='ocrx_word' id='word_1_183' title='bbox 181 2202 245 2257; x_wconf 86' lang='grc' dir='ltr'><strong><em>νοεῖ</em></strong></span> <span class='ocrx_word' id='word_1_184' title='bbox 263 2195 358 2282; x_wconf 77' lang='grc' dir='ltr'><strong><em>ἑαυτῷ</em></strong></span> <span class='ocrx_word' id='word_1_185' title='bbox 379 2195 430 2257; x_wconf 84' lang='grc' dir='ltr'><strong><em>καί</em></strong></span> <span class='ocrx_word' id='word_1_186' title='bbox 452 2192 631 2278; x_wconf 78' lang='grc' dir='ltr'><strong><em>προςφεύμει</em></strong></span> <span class='ocrx_word' id='word_1_187' title='bbox 651 2201 688 2281; x_wconf 77' lang='grc' dir='ltr'><strong><em>τῇ</em></strong></span> <span class='ocrx_word' id='word_1_188' title='bbox 710 2198 764 2258; x_wconf 86' lang='grc' dir='ltr'><strong><em>τοῦ</em></strong></span> <span class='ocrx_word' id='word_1_189' title='bbox 786 2191 956 2269; x_wconf 88' lang='grc' dir='ltr'><strong><em>οίπατεῶνος</em></strong></span> <span class='ocrx_word' id='word_1_190' title='bbox 979 2194 1138 2279; x_wconf 86' lang='grc' dir='ltr'><strong><em>Κέρδωνος</em></strong></span> <span class='ocrx_word' id='word_1_191' title='bbox 1159 2197 1280 2280; x_wconf 77' lang='grc' dir='ltr'><strong><em>αίρέσεκ</em></strong></span> 
     </span>
    </p>
   </div>
   <div class='ocr_carea' id='block_1_4' title="bbox 52 2395 1342 4535">
    <p class='ocr_par' dir='ltr' id='par_1_4' title="bbox 52 2395 1342 4535">
     <span class='ocr_line' id='line_1_20' title="bbox 52 2395 1342 2487; baseline 0.004 -24"><span class='ocrx_word' id='word_1_192' title='bbox 52 2412 118 2478; x_wconf 78' lang='grc' dir='ltr'><strong><em>Κεφ.</em></strong></span> <span class='ocrx_word' id='word_1_193' title='bbox 133 2410 163 2479; x_wconf 73' lang='grc' dir='ltr'><strong><em>β.</em></strong></span> <span class='ocrx_word' id='word_1_194' title='bbox 269 2401 329 2462; x_wconf 86' lang='grc' dir='ltr'><strong><em>Καὶ</em></strong></span> <span class='ocrx_word' id='word_1_195' title='bbox 346 2395 477 2480; x_wconf 82' lang='grc' dir='ltr'><strong><em>ύρχεται,</em></strong></span> <span class='ocrx_word' id='word_1_196' title='bbox 509 2396 549 2474; x_wconf 87' lang='grc' dir='ltr'><strong><em>ῶς</em></strong></span> <span class='ocrx_word' id='word_1_197' title='bbox 565 2402 671 2477; x_wconf 80' lang='grc' dir='ltr'><strong><em>εἰπεῖν,</em></strong></span> <span class='ocrx_word' id='word_1_198' title='bbox 703 2401 732 2475; x_wconf 83' lang='grc' dir='ltr'><strong><em>ἐξ</em></strong></span> <span class='ocrx_word' id='word_1_199' title='bbox 749 2396 841 2481; x_wconf 84' lang='grc' dir='ltr'><strong><em>αύτῆς</em></strong></span> <span class='ocrx_word' id='word_1_200' title='bbox 857 2404 909 2482; x_wconf 74' lang='grc' dir='ltr'><strong><em>τῆς</em></strong></span> <span class='ocrx_word' id='word_1_201' title='bbox 924 2396 1015 2483; x_wconf 78' lang='grc' dir='ltr'><strong><em>οίρχῆς</em></strong></span> <span class='ocrx_word' id='word_1_202' title='bbox 1033 2402 1085 2463; x_wconf 87' lang='grc' dir='ltr'><strong><em>καλ</em></strong></span> <span class='ocrx_word' id='word_1_203' title='bbox 1100 2396 1142 2476; x_wconf 87' lang='grc' dir='ltr'><strong><em>ῶς</em></strong></span> <span class='ocrx_word' id='word_1_204' title='bbox 1157 2396 1218 2467; x_wconf 81' lang='grc' dir='ltr'><strong><em>ῶπό</em></strong></span> <span class='ocrx_word' id='word_1_205' title='bbox 1235 2408 1342 2487; x_wconf 77' lang='grc' dir='ltr'><strong><em>θυρῶν</em></strong></span> 
     </span>
     <span class='ocr_line' id='line_1_21' title="bbox 182 2499 1340 2587; baseline 0.007 -24"><span class='ocrx_word' id='word_1_206' title='bbox 182 2507 239 2565; x_wconf 92' lang='grc' dir='ltr'><strong><em>τῶν</em></strong></span> <span class='ocrx_word' id='word_1_207' title='bbox 254 2499 441 2582; x_wconf 78' lang='grc' dir='ltr'><strong><em>ζητημάτων,</em></strong></span> <span class='ocrx_word' id='word_1_208' title='bbox 463 2506 626 2586; x_wconf 88' lang='grc' dir='ltr'><strong><em>προτείνειν</em></strong></span> <span class='ocrx_word' id='word_1_209' title='bbox 640 2510 703 2576; x_wconf 86' lang='grc' dir='ltr'><strong><em>τοῖς</em></strong></span> <span class='ocrx_word' id='word_1_210' title='bbox 717 2499 781 2565; x_wconf 90' lang='grc' dir='ltr'><strong><em>κατ’</em></strong></span> <span class='ocrx_word' id='word_1_211' title='bbox 795 2503 889 2567; x_wconf 87' lang='grc' dir='ltr'><strong><em>ἐκεῖνο</em></strong></span> <span class='ocrx_word' id='word_1_212' title='bbox 906 2508 1013 2585; x_wconf 81' lang='grc' dir='ltr'><strong><em>καιροῦ</em></strong></span> <span class='ocrx_word' id='word_1_213' title='bbox 1026 2502 1241 2587; x_wconf 83' lang='grc' dir='ltr'><strong><em>πρεσβυτέροις</em></strong></span> <span class='ocrx_word' id='word_1_214' title='bbox 1254 2510 1340 2571; x_wconf 81' lang='grc' dir='ltr'><strong><em>τοῦτο</em></strong></span> 
     </span>
     <span class='ocr_line' id='line_1_22' title="bbox 180 2600 1339 2688; baseline 0.006 -22"><span class='ocrx_word' id='word_1_215' title='bbox 180 2601 213 2667; x_wconf 85' lang='grc' dir='ltr'><strong><em>τό</em></strong></span> <span class='ocrx_word' id='word_1_216' title='bbox 231 2602 357 2684; x_wconf 78' lang='grc' dir='ltr'><strong><em>ζήτημα,</em></strong></span> <span class='ocrx_word' id='word_1_217' title='bbox 387 2606 492 2688; x_wconf 86' lang='grc' dir='ltr'><strong><em>λέγων,</em></strong></span> <span class='ocrx_word' id='word_1_218' title='bbox 522 2605 637 2669; x_wconf 85' lang='grc' dir='ltr'><strong><em>Είπατέ</em></strong></span> <span class='ocrx_word' id='word_1_219' title='bbox 653 2630 718 2686; x_wconf 92' lang='grc' dir='ltr'><strong><em>μοι,</em></strong></span> <span class='ocrx_word' id='word_1_220' title='bbox 749 2608 776 2669; x_wconf 92' lang='grc' dir='ltr'><strong><em>τί</em></strong></span> <span class='ocrx_word' id='word_1_221' title='bbox 791 2606 851 2671; x_wconf 89' lang='grc' dir='ltr'><strong><em>ἐστι</em></strong></span> <span class='ocrx_word' id='word_1_222' title='bbox 864 2602 914 2681; x_wconf 86' lang='grc' dir='ltr'><strong><em>τό,</em></strong></span> <span class='ocrx_word' id='word_1_223' title='bbox 940 2600 985 2668; x_wconf 91' lang='grc' dir='ltr'><strong><em>Ού</em></strong></span> <span class='ocrx_word' id='word_1_224' title='bbox 997 2602 1155 2686; x_wconf 75' lang='grc' dir='ltr'><strong><em>βάλλουσιν</em></strong></span> <span class='ocrx_word' id='word_1_225' title='bbox 1171 2602 1259 2673; x_wconf 89' lang='grc' dir='ltr'><strong><em>οίνον</em></strong></span> <span class='ocrx_word' id='word_1_226' title='bbox 1274 2609 1339 2673; x_wconf 88' lang='grc' dir='ltr'><strong><em>νέαν</em></strong></span> 
     </span>
     <span class='ocr_line' id='line_1_23' title="bbox 180 2702 1339 2797; baseline 0.006 -28"><span class='ocrx_word' id='word_1_227' title='bbox 180 2709 221 2780; x_wconf 89' lang='grc' dir='ltr'><strong><em>είς</em></strong></span> <span class='ocrx_word' id='word_1_228' title='bbox 236 2702 347 2781; x_wconf 86' lang='grc' dir='ltr'><strong><em>οίσκούς</em></strong></span> <span class='ocrx_word' id='word_1_229' title='bbox 363 2705 520 2783; x_wconf 88' lang='grc' dir='ltr'><strong><em>παλαιούς,</em></strong></span> <span class='ocrx_word' id='word_1_230' title='bbox 552 2704 621 2771; x_wconf 83' lang='grc' dir='ltr'><strong><em>ούδέ</em></strong></span> <span class='ocrx_word' id='word_1_231' title='bbox 639 2709 785 2788; x_wconf 78' lang='grc' dir='ltr'><strong><em>ἐπίβλημα</em></strong></span> <span class='ocrx_word' id='word_1_232' title='bbox 802 2704 916 2785; x_wconf 75' lang='grc' dir='ltr'><strong><em>ὁοίκους</em></strong></span> <span class='ocrx_word' id='word_1_233' title='bbox 933 2704 1073 2791; x_wconf 85' lang='grc' dir='ltr'><strong><em>οίχνύφου</em></strong></span> <span class='ocrx_word' id='word_1_234' title='bbox 1090 2707 1140 2771; x_wconf 87' lang='grc' dir='ltr'><strong><em>ἐπλ</em></strong></span> <span class='ocrx_word' id='word_1_235' title='bbox 1157 2708 1266 2797; x_wconf 73' lang='grc' dir='ltr'><strong><em>ίματίῳ</em></strong></span> <span class='ocrx_word' id='word_1_236' title='bbox 1284 2734 1339 2775; x_wconf 84' lang='grc' dir='ltr'><strong><em>πα·</em></strong></span> 
     </span>
     <span class='ocr_line' id='line_1_24' title="bbox 179 2806 1340 2897; baseline 0.004 -27"><span class='ocrx_word' id='word_1_237' title='bbox 179 2815 265 2894; x_wconf 78' lang='grc' dir='ltr'><strong><em>λαιῷ·</em></strong></span> <span class='ocrx_word' id='word_1_238' title='bbox 289 2811 316 2871; x_wconf 82' lang='grc' dir='ltr'><strong><em>εἰ</em></strong></span> <span class='ocrx_word' id='word_1_239' title='bbox 330 2808 361 2871; x_wconf 79' lang='grc' dir='ltr'><strong><em>δὲ</em></strong></span> <span class='ocrx_word' id='word_1_240' title='bbox 378 2807 419 2890; x_wconf 74' lang='grc' dir='ltr'><strong><em>μή</em></strong></span> <span class='ocrx_word' id='word_1_241' title='bbox 436 2834 482 2892; x_wconf 83' lang='grc' dir='ltr'><strong><em>γε,</em></strong></span> <span class='ocrx_word' id='word_1_242' title='bbox 505 2811 555 2872; x_wconf 85' lang='grc' dir='ltr'><strong><em>καί</em></strong></span> <span class='ocrx_word' id='word_1_243' title='bbox 572 2806 604 2872; x_wconf 88' lang='grc' dir='ltr'><strong><em>τδ</em></strong></span> <span class='ocrx_word' id='word_1_244' title='bbox 622 2806 767 2891; x_wconf 78' lang='grc' dir='ltr'><strong><em>πλήρωμα</em></strong></span> <span class='ocrx_word' id='word_1_245' title='bbox 782 2812 858 2893; x_wconf 85' lang='grc' dir='ltr'><strong><em>αίρει</em></strong></span> <span class='ocrx_word' id='word_1_246' title='bbox 871 2810 922 2871; x_wconf 84' lang='grc' dir='ltr'><strong><em>καί</em></strong></span> <span class='ocrx_word' id='word_1_247' title='bbox 938 2814 979 2895; x_wconf 85' lang='grc' dir='ltr'><strong><em>τῷ</em></strong></span> <span class='ocrx_word' id='word_1_248' title='bbox 993 2814 1110 2897; x_wconf 76' lang='grc' dir='ltr'><strong><em>παλαιῷ</em></strong></span> <span class='ocrx_word' id='word_1_249' title='bbox 1125 2806 1164 2875; x_wconf 82' lang='grc' dir='ltr'><strong><em>ού</em></strong></span> <span class='ocrx_word' id='word_1_250' title='bbox 1177 2808 1340 2895; x_wconf 67' lang='grc' dir='ltr'><strong><em>συμφωνή-</em></strong></span> 
     </span>
     <span class='ocr_line' id='line_1_25' title="bbox 179 2907 1342 2995; baseline 0.005 -21"><span class='ocrx_word' id='word_1_251' title='bbox 179 2932 236 2974; x_wconf 87' lang='grc' dir='ltr'><strong><em>σει·</em></strong></span> <span class='ocrx_word' id='word_1_252' title='bbox 260 2918 358 2990; x_wconf 84' lang='grc' dir='ltr'><strong><em>μεῖζον</em></strong></span> <span class='ocrx_word' id='word_1_253' title='bbox 375 2908 429 2994; x_wconf 81' lang='grc' dir='ltr'><strong><em>γῶρ</em></strong></span> <span class='ocrx_word' id='word_1_254' title='bbox 446 2910 595 2995; x_wconf 77' lang='grc' dir='ltr'><strong><em>γενήσεται</em></strong></span> <span class='ocrx_word' id='word_1_255' title='bbox 615 2916 727 2993; x_wconf 86' lang='grc' dir='ltr'><strong><em>σχίσμα.</em></strong></span> <span class='ocrx_word' id='word_1_256' title='bbox 774 2912 834 2973; x_wconf 82' lang='grc' dir='ltr'><strong><em>Καὶ</em></strong></span> <span class='ocrx_word' id='word_1_257' title='bbox 853 2907 894 2985; x_wconf 86' lang='grc' dir='ltr'><strong><em>ῶς</em></strong></span> <span class='ocrx_word' id='word_1_258' title='bbox 911 2918 996 2974; x_wconf 89' lang='grc' dir='ltr'><strong><em>τοῦτο</em></strong></span> <span class='ocrx_word' id='word_1_259' title='bbox 1011 2908 1145 2993; x_wconf 79' lang='grc' dir='ltr'><strong><em>ἥκουσαν</em></strong></span> <span class='ocrx_word' id='word_1_260' title='bbox 1160 2914 1193 2976; x_wconf 79' lang='grc' dir='ltr'><strong><em>ολ</em></strong></span> <span class='ocrx_word' id='word_1_261' title='bbox 1204 2914 1342 2990; x_wconf 73' lang='grc' dir='ltr'><strong><em>ἐπιεικεῖς</em></strong></span> 
     </span>
     <span class='ocr_line' id='line_1_26' title="bbox 179 3010 1341 3099; baseline 0.004 -23"><span class='ocrx_word' id='word_1_262' title='bbox 179 3014 229 3076; x_wconf 83' lang='grc' dir='ltr'><strong><em>καὶ</em></strong></span> <span class='ocrx_word' id='word_1_263' title='bbox 247 3010 388 3096; x_wconf 87' lang='grc' dir='ltr'><strong><em>πανύγιοι</em></strong></span> <span class='ocrx_word' id='word_1_264' title='bbox 409 3020 463 3095; x_wconf 79' lang='grc' dir='ltr'><strong><em>τῆς</em></strong></span> <span class='ocrx_word' id='word_1_265' title='bbox 485 3010 570 3097; x_wconf 83' lang='grc' dir='ltr'><strong><em>ύχίας</em></strong></span> <span class='ocrx_word' id='word_1_266' title='bbox 586 3020 640 3078; x_wconf 85' lang='grc' dir='ltr'><strong><em>τοῦ</em></strong></span> <span class='ocrx_word' id='word_1_267' title='bbox 658 3021 735 3077; x_wconf 86' lang='grc' dir='ltr'><strong><em>θεοῦ</em></strong></span> <span class='ocrx_word' id='word_1_268' title='bbox 754 3017 908 3095; x_wconf 84' lang='grc' dir='ltr'><strong><em>ἐκκλησίας</em></strong></span> <span class='ocrx_word' id='word_1_269' title='bbox 924 3012 1114 3099; x_wconf 80' lang='grc' dir='ltr'><strong><em>πρεσβύτεροι</em></strong></span> <span class='ocrx_word' id='word_1_270' title='bbox 1131 3016 1183 3083; x_wconf 78' lang='grc' dir='ltr'><strong><em>καί</em></strong></span> <span class='ocrx_word' id='word_1_271' title='bbox 1200 3014 1341 3081; x_wconf 81' lang='grc' dir='ltr'><strong><em>διδύσιια-</em></strong></span> 
     </span>
     <span class='ocr_line' id='line_1_27' title="bbox 179 3112 1340 3201; baseline 0.006 -23"><span class='ocrx_word' id='word_1_272' title='bbox 179 3124 236 3193; x_wconf 92' lang='grc' dir='ltr'><strong><em>λοι,</em></strong></span> <span class='ocrx_word' id='word_1_273' title='bbox 265 3113 319 3178; x_wconf 88' lang='grc' dir='ltr'><strong><em>τόν</em></strong></span> <span class='ocrx_word' id='word_1_274' title='bbox 335 3122 387 3195; x_wconf 83' lang='grc' dir='ltr'><strong><em>τῆς</em></strong></span> <span class='ocrx_word' id='word_1_275' title='bbox 404 3112 587 3190; x_wconf 89' lang='grc' dir='ltr'><strong><em>οίκολουθίας</em></strong></span> <span class='ocrx_word' id='word_1_276' title='bbox 606 3118 656 3179; x_wconf 81' lang='grc' dir='ltr'><strong><em>καί</em></strong></span> <span class='ocrx_word' id='word_1_277' title='bbox 674 3112 815 3201; x_wconf 82' lang='grc' dir='ltr'><strong><em>ύρμονίας</em></strong></span> <span class='ocrx_word' id='word_1_278' title='bbox 832 3113 1023 3190; x_wconf 75' lang='grc' dir='ltr'><strong><em>ἀποδιδόντες</em></strong></span> <span class='ocrx_word' id='word_1_279' title='bbox 1039 3114 1130 3200; x_wconf 81' lang='grc' dir='ltr'><strong><em>λόγον</em></strong></span> <span class='ocrx_word' id='word_1_280' title='bbox 1143 3119 1197 3181; x_wconf 88' lang='grc' dir='ltr'><strong><em>καλ</em></strong></span> <span class='ocrx_word' id='word_1_281' title='bbox 1213 3116 1340 3201; x_wconf 72' lang='grc' dir='ltr'><strong><em>φρύζον·</em></strong></span> 
     </span>
     <span class='ocr_line' id='line_1_28' title="bbox 178 3214 1340 3305; baseline 0.005 -24"><span class='ocrx_word' id='word_1_282' title='bbox 178 3243 223 3293; x_wconf 89' lang='grc' dir='ltr'><strong><em>τες</em></strong></span> <span class='ocrx_word' id='word_1_283' title='bbox 241 3215 319 3305; x_wconf 76' lang='grc' dir='ltr'><strong><em>αύτῷ</em></strong></span> <span class='ocrx_word' id='word_1_284' title='bbox 336 3214 407 3298; x_wconf 79' lang='grc' dir='ltr'><strong><em>μεταλ</em></strong></span> <span class='ocrx_word' id='word_1_285' title='bbox 424 3218 579 3292; x_wconf 89' lang='grc' dir='ltr'><strong><em>ἐπιεικείας</em></strong></span> <span class='ocrx_word' id='word_1_286' title='bbox 597 3220 710 3302; x_wconf 82' lang='grc' dir='ltr'><strong><em>ἐλεγον,</em></strong></span> <span class='ocrx_word' id='word_1_287' title='bbox 745 3220 871 3298; x_wconf 85' lang='grc' dir='ltr'><strong><em>Τέκνον,</em></strong></span> <span class='ocrx_word' id='word_1_288' title='bbox 900 3216 988 3283; x_wconf 86' lang='grc' dir='ltr'><strong><em>τοῦτό</em></strong></span> <span class='ocrx_word' id='word_1_289' title='bbox 1007 3220 1086 3283; x_wconf 88' lang='grc' dir='ltr'><strong><em>ἐστιν</em></strong></span> <span class='ocrx_word' id='word_1_290' title='bbox 1102 3214 1191 3285; x_wconf 82' lang='grc' dir='ltr'><strong><em>οίσκολ</em></strong></span> <span class='ocrx_word' id='word_1_291' title='bbox 1208 3222 1340 3301; x_wconf 78' lang='grc' dir='ltr'><strong><em>παλαιαί,</em></strong></span> 
     </span>
     <span class='ocr_line' id='line_1_29' title="bbox 178 3320 1340 3408; baseline 0.004 -25"><span class='ocrx_word' id='word_1_292' title='bbox 178 3324 212 3384; x_wconf 88' lang='grc' dir='ltr'><strong><em>αί</em></strong></span> <span class='ocrx_word' id='word_1_293' title='bbox 226 3328 285 3385; x_wconf 87' lang='grc' dir='ltr'><strong><em>τῶν</em></strong></span> <span class='ocrx_word' id='word_1_294' title='bbox 303 3324 475 3400; x_wconf 87' lang='grc' dir='ltr'><strong><em>Φαρισαίων</em></strong></span> <span class='ocrx_word' id='word_1_295' title='bbox 491 3323 610 3404; x_wconf 88' lang='grc' dir='ltr'><strong><em>καρδίαι</em></strong></span> <span class='ocrx_word' id='word_1_296' title='bbox 628 3322 678 3383; x_wconf 86' lang='grc' dir='ltr'><strong><em>καὶ</em></strong></span> <span class='ocrx_word' id='word_1_297' title='bbox 694 3323 905 3406; x_wconf 81' lang='grc' dir='ltr'><strong><em>γραμματέων,</em></strong></span> <span class='ocrx_word' id='word_1_298' title='bbox 926 3328 1143 3386; x_wconf 84' lang='grc' dir='ltr'><strong><em>παλαιωθεῖσαι</em></strong></span> <span class='ocrx_word' id='word_1_299' title='bbox 1158 3323 1193 3388; x_wconf 86' lang='grc' dir='ltr'><strong><em>έν</em></strong></span> <span class='ocrx_word' id='word_1_300' title='bbox 1208 3320 1340 3408; x_wconf 76' lang='grc' dir='ltr'><strong><em>ιίμαρτιί-</em></strong></span> 
     </span>
     <span class='ocr_line' id='line_1_30' title="bbox 179 3420 1342 3509; baseline 0.006 -22"><span class='ocrx_word' id='word_1_301' title='bbox 179 3444 264 3503; x_wconf 88' lang='grc' dir='ltr'><strong><em>μασι,</em></strong></span> <span class='ocrx_word' id='word_1_302' title='bbox 295 3425 346 3486; x_wconf 87' lang='grc' dir='ltr'><strong><em>καί</em></strong></span> <span class='ocrx_word' id='word_1_303' title='bbox 369 3421 409 3504; x_wconf 72' lang='grc' dir='ltr'><strong><em>μή</em></strong></span> <span class='ocrx_word' id='word_1_304' title='bbox 428 3423 581 3502; x_wconf 80' lang='grc' dir='ltr'><strong><em>δεξάμεναι</em></strong></span> <span class='ocrx_word' id='word_1_305' title='bbox 602 3420 635 3487; x_wconf 89' lang='grc' dir='ltr'><strong><em>τό</em></strong></span> <span class='ocrx_word' id='word_1_306' title='bbox 653 3421 789 3508; x_wconf 76' lang='grc' dir='ltr'><strong><em>κήρυγμα</em></strong></span> <span class='ocrx_word' id='word_1_307' title='bbox 810 3431 865 3488; x_wconf 86' lang='grc' dir='ltr'><strong><em>τοῦ</em></strong></span> <span class='ocrx_word' id='word_1_308' title='bbox 881 3420 1063 3507; x_wconf 83' lang='grc' dir='ltr'><strong><em>εύαγγελίου·</em></strong></span> <span class='ocrx_word' id='word_1_309' title='bbox 1092 3425 1144 3488; x_wconf 81' lang='grc' dir='ltr'><strong><em>καὶ</em></strong></span> <span class='ocrx_word' id='word_1_310' title='bbox 1164 3422 1199 3491; x_wconf 85' lang='grc' dir='ltr'><strong><em>τό</em></strong></span> <span class='ocrx_word' id='word_1_311' title='bbox 1223 3424 1342 3509; x_wconf 67' lang='lat' dir='ltr'><strong><em>[prium</em></strong></span> 
     </span>
     <span class='ocr_line' id='line_1_31' title="bbox 178 3521 1342 3613; baseline 0.007 -26"><span class='ocrx_word' id='word_1_312' title='bbox 178 3522 210 3590; x_wconf 89' lang='grc' dir='ltr'><strong><em>τό</em></strong></span> <span class='ocrx_word' id='word_1_313' title='bbox 230 3524 370 3603; x_wconf 89' lang='grc' dir='ltr'><strong><em>παλαιόν,</em></strong></span> <span class='ocrx_word' id='word_1_314' title='bbox 403 3522 443 3599; x_wconf 87' lang='grc' dir='ltr'><strong><em>ῶς</em></strong></span> <span class='ocrx_word' id='word_1_315' title='bbox 465 3521 483 3589; x_wconf 89' lang='grc' dir='ltr'><strong><em>ό</em></strong></span> <span class='ocrx_word' id='word_1_316' title='bbox 499 3522 612 3601; x_wconf 84' lang='grc' dir='ltr'><strong><em>’ίούδας</em></strong></span> <span class='ocrx_word' id='word_1_317' title='bbox 627 3528 811 3601; x_wconf 77' lang='grc' dir='ltr'><strong><em>παλαιωθεὶς</em></strong></span> <span class='ocrx_word' id='word_1_318' title='bbox 831 3528 864 3590; x_wconf 89' lang='grc' dir='ltr'><strong><em>ἐν</em></strong></span> <span class='ocrx_word' id='word_1_319' title='bbox 882 3528 1062 3613; x_wconf 80' lang='grc' dir='ltr'><strong><em>φιλαρχυρίμ</em></strong></span> <span class='ocrx_word' id='word_1_320' title='bbox 1078 3522 1136 3593; x_wconf 86' lang='grc' dir='ltr'><strong><em>ουίι</em></strong></span> <span class='ocrx_word' id='word_1_321' title='bbox 1152 3528 1273 3605; x_wconf 73' lang='grc' dir='ltr'><strong><em>ἐδέξατο</em></strong></span> <span class='ocrx_word' id='word_1_322' title='bbox 1288 3534 1342 3595; x_wconf 76' lang='grc' dir='ltr'><strong><em>ταῶ</em></strong></span> 
     </span>
     <span class='ocr_line' id='line_1_32' title="bbox 178 3624 1341 3713; baseline 0.006 -22"><span class='ocrx_word' id='word_1_323' title='bbox 178 3636 284 3692; x_wconf 86' lang='grc' dir='ltr'><strong><em>καινοῦ</em></strong></span> <span class='ocrx_word' id='word_1_324' title='bbox 299 3630 350 3691; x_wconf 86' lang='grc' dir='ltr'><strong><em>καὶ</em></strong></span> <span class='ocrx_word' id='word_1_325' title='bbox 366 3624 452 3711; x_wconf 81' lang='grc' dir='ltr'><strong><em>ύγίου</em></strong></span> <span class='ocrx_word' id='word_1_326' title='bbox 468 3630 519 3691; x_wconf 86' lang='grc' dir='ltr'><strong><em>καί</em></strong></span> <span class='ocrx_word' id='word_1_327' title='bbox 535 3630 716 3711; x_wconf 87' lang='grc' dir='ltr'><strong><em>ἐπουρανίου</em></strong></span> <span class='ocrx_word' id='word_1_328' title='bbox 732 3630 895 3712; x_wconf 88' lang='grc' dir='ltr'><strong><em>μυστηρίου</em></strong></span> <span class='ocrx_word' id='word_1_329' title='bbox 911 3626 1065 3713; x_wconf 81' lang='grc' dir='ltr'><strong><em>κήρυγμα,</em></strong></span> <span class='ocrx_word' id='word_1_330' title='bbox 1086 3624 1121 3693; x_wconf 85' lang='grc' dir='ltr'><strong><em>τό</em></strong></span> <span class='ocrx_word' id='word_1_331' title='bbox 1137 3636 1193 3713; x_wconf 78' lang='grc' dir='ltr'><strong><em>τῆς</em></strong></span> <span class='ocrx_word' id='word_1_332' title='bbox 1208 3632 1341 3709; x_wconf 82' lang='grc' dir='ltr'><strong><em>ἐλπίδας·</em></strong></span> 
     </span>
     <span class='ocr_line' id='line_1_33' title="bbox 179 3726 1341 3812; baseline 0.006 -19"><span class='ocrx_word' id='word_1_333' title='bbox 179 3735 230 3794; x_wconf 93' lang='grc' dir='ltr'><strong><em>καί</em></strong></span> <span class='ocrx_word' id='word_1_334' title='bbox 251 3757 297 3795; x_wconf 91' lang='grc' dir='ltr'><strong><em>τοι</em></strong></span> <span class='ocrx_word' id='word_1_335' title='bbox 319 3731 486 3810; x_wconf 79' lang='grc' dir='ltr'><strong><em>συναφθεὶς</em></strong></span> <span class='ocrx_word' id='word_1_336' title='bbox 506 3739 568 3805; x_wconf 86' lang='grc' dir='ltr'><strong><em>τοῖς</em></strong></span> <span class='ocrx_word' id='word_1_337' title='bbox 585 3733 689 3795; x_wconf 74' lang='grc' dir='ltr'><strong><em>ἕνδεκα</em></strong></span> <span class='ocrx_word' id='word_1_338' title='bbox 706 3728 883 3807; x_wconf 74' lang='grc' dir='ltr'><strong><em>ἀποστόλοις</em></strong></span> <span class='ocrx_word' id='word_1_339' title='bbox 902 3731 955 3794; x_wconf 89' lang='grc' dir='ltr'><strong><em>καλ</em></strong></span> <span class='ocrx_word' id='word_1_340' title='bbox 971 3732 1093 3812; x_wconf 80' lang='grc' dir='ltr'><strong><em>κληθείς</em></strong></span> <span class='ocrx_word' id='word_1_341' title='bbox 1108 3726 1159 3797; x_wconf 86' lang='grc' dir='ltr'><strong><em>ύπ’</em></strong></span> <span class='ocrx_word' id='word_1_342' title='bbox 1174 3728 1270 3799; x_wconf 83' lang='grc' dir='ltr'><strong><em>αύταῦ</em></strong></span> <span class='ocrx_word' id='word_1_343' title='bbox 1287 3738 1341 3807; x_wconf 63' lang='lat' dir='ltr'><strong><em>vd</em></strong></span> 
     </span>
     <span class='ocr_line' id='line_1_34' title="bbox 179 3828 1341 3923; baseline 0.004 -26"><span class='ocrx_word' id='word_1_344' title='bbox 179 3837 283 3915; x_wconf 89' lang='grc' dir='ltr'><strong><em>κυρίου</em></strong></span> <span class='ocrx_word' id='word_1_345' title='bbox 300 3833 506 3915; x_wconf 86' lang='grc' dir='ltr'><strong><em>περισσότερον</em></strong></span> <span class='ocrx_word' id='word_1_346' title='bbox 524 3838 629 3916; x_wconf 89' lang='grc' dir='ltr'><strong><em>σχίσμα</em></strong></span> <span class='ocrx_word' id='word_1_347' title='bbox 646 3835 708 3915; x_wconf 88' lang='grc' dir='ltr'><strong><em>έσχε</em></strong></span> <span class='ocrx_word' id='word_1_348' title='bbox 730 3831 767 3898; x_wconf 89' lang='grc' dir='ltr'><strong><em>δι’</em></strong></span> <span class='ocrx_word' id='word_1_349' title='bbox 785 3835 909 3909; x_wconf 77' lang='grc' dir='ltr'><strong><em>ἑαυτοῦ,</em></strong></span> <span class='ocrx_word' id='word_1_350' title='bbox 939 3832 1066 3916; x_wconf 86' lang='grc' dir='ltr'><strong><em>μηδενός</em></strong></span> <span class='ocrx_word' id='word_1_351' title='bbox 1083 3828 1165 3921; x_wconf 75' lang='grc' dir='ltr'><strong><em>αύτῷ</em></strong></span> <span class='ocrx_word' id='word_1_352' title='bbox 1180 3836 1280 3901; x_wconf 84' lang='grc' dir='ltr'><strong><em>ιιίτίου</em></strong></span> <span class='ocrx_word' id='word_1_353' title='bbox 1296 3860 1341 3923; x_wconf 77' lang='grc' dir='ltr'><strong><em>χε·</em></strong></span> 
     </span>
     <span class='ocr_line' id='line_1_35' title="bbox 180 3932 1340 4025; baseline 0.006 -27"><span class='ocrx_word' id='word_1_354' title='bbox 180 3938 322 4016; x_wconf 85' lang='grc' dir='ltr'><strong><em>νομένου,</em></strong></span> <span class='ocrx_word' id='word_1_355' title='bbox 352 3933 456 4017; x_wconf 72' lang='grc' dir='ltr'><strong><em>ἐπειδὴ</em></strong></span> <span class='ocrx_word' id='word_1_356' title='bbox 479 3932 499 4017; x_wconf 78' lang='grc' dir='ltr'><em>ἡ</em></span> <span class='ocrx_word' id='word_1_357' title='bbox 518 3934 636 4001; x_wconf 87' lang='grc' dir='ltr'><strong><em>διύνοια</em></strong></span> <span class='ocrx_word' id='word_1_358' title='bbox 653 3934 746 4001; x_wconf 85' lang='grc' dir='ltr'><strong><em>αύτοῦ</em></strong></span> <span class='ocrx_word' id='word_1_359' title='bbox 762 3934 799 4001; x_wconf 85' lang='grc' dir='ltr'><strong><em>ού</em></strong></span> <span class='ocrx_word' id='word_1_360' title='bbox 814 3934 1032 4018; x_wconf 85' lang='grc' dir='ltr'><strong><em>συμπεφῶνηκε</em></strong></span> <span class='ocrx_word' id='word_1_361' title='bbox 1048 3942 1085 4025; x_wconf 75' lang='grc' dir='ltr'><strong><em>τῇ</em></strong></span> <span class='ocrx_word' id='word_1_362' title='bbox 1100 3932 1163 4001; x_wconf 83' lang='grc' dir='ltr'><strong><em>ι’ίνω</em></strong></span> <span class='ocrx_word' id='word_1_363' title='bbox 1177 3938 1278 4005; x_wconf 78' lang='grc' dir='ltr'><strong><em>ἐλπίδι</em></strong></span> <span class='ocrx_word' id='word_1_364' title='bbox 1290 3938 1340 4005; x_wconf 78' lang='grc' dir='ltr'><strong><em>ιιλ</em></strong></span> 
     </span>
     <span class='ocr_line' id='line_1_36' title="bbox 179 4036 1340 4124; baseline 0.004 -25"><span class='ocrx_word' id='word_1_365' title='bbox 179 4040 346 4124; x_wconf 81' lang='grc' dir='ltr'><strong><em>ἐπουρανίῳ</em></strong></span> <span class='ocrx_word' id='word_1_366' title='bbox 361 4036 460 4119; x_wconf 76' lang='grc' dir='ltr'><strong><em>κλήσει</em></strong></span> <span class='ocrx_word' id='word_1_367' title='bbox 474 4046 534 4102; x_wconf 91' lang='grc' dir='ltr'><strong><em>τῶν</em></strong></span> <span class='ocrx_word' id='word_1_368' title='bbox 547 4037 709 4119; x_wconf 89' lang='grc' dir='ltr'><strong><em>μελλόντων</em></strong></span> <span class='ocrx_word' id='word_1_369' title='bbox 723 4037 861 4123; x_wconf 85' lang='grc' dir='ltr'><strong><em>α’χαθῶν,</em></strong></span> <span class='ocrx_word' id='word_1_370' title='bbox 884 4036 949 4103; x_wconf 85' lang='grc' dir='ltr'><strong><em>οίντλ</em></strong></span> <span class='ocrx_word' id='word_1_371' title='bbox 962 4045 1022 4103; x_wconf 86' lang='grc' dir='ltr'><strong><em>τῶν</em></strong></span> <span class='ocrx_word' id='word_1_372' title='bbox 1035 4040 1169 4103; x_wconf 83' lang='grc' dir='ltr'><strong><em>ἐνταῦθα</em></strong></span> <span class='ocrx_word' id='word_1_373' title='bbox 1181 4036 1340 4123; x_wconf 79' lang='grc' dir='ltr'><strong><em>χρημύτιν</em></strong></span> 
     </span>
     <span class='ocr_line' id='line_1_37' title="bbox 178 4138 1339 4225; baseline 0.007 -24"><span class='ocrx_word' id='word_1_374' title='bbox 178 4164 208 4201; x_wconf 92' lang='grc' dir='ltr'><strong><em>τε</em></strong></span> <span class='ocrx_word' id='word_1_375' title='bbox 229 4142 278 4203; x_wconf 82' lang='grc' dir='ltr'><strong><em>καί</em></strong></span> <span class='ocrx_word' id='word_1_376' title='bbox 299 4138 419 4220; x_wconf 89' lang='grc' dir='ltr'><strong><em>κόμπου</em></strong></span> <span class='ocrx_word' id='word_1_377' title='bbox 440 4141 491 4203; x_wconf 83' lang='grc' dir='ltr'><strong><em>καί</em></strong></span> <span class='ocrx_word' id='word_1_378' title='bbox 509 4146 609 4219; x_wconf 86' lang='grc' dir='ltr'><strong><em>φιλίας</em></strong></span> <span class='ocrx_word' id='word_1_379' title='bbox 628 4144 864 4225; x_wconf 85' lang='grc' dir='ltr'><strong><em>παρερχομένης,</em></strong></span> <span class='ocrx_word' id='word_1_380' title='bbox 895 4144 1013 4217; x_wconf 86' lang='grc' dir='ltr'><strong><em>ἐλπίδος</em></strong></span> <span class='ocrx_word' id='word_1_381' title='bbox 1030 4166 1060 4205; x_wconf 89' lang='grc' dir='ltr'><strong><em>τε</em></strong></span> <span class='ocrx_word' id='word_1_382' title='bbox 1075 4142 1128 4207; x_wconf 86' lang='grc' dir='ltr'><strong><em>καλ</em></strong></span> <span class='ocrx_word' id='word_1_383' title='bbox 1140 4138 1264 4225; x_wconf 71' lang='grc' dir='ltr'><strong><em>ἡδονῆς.</em></strong></span> <span class='ocrx_word' id='word_1_384' title='bbox 1305 4138 1339 4209; x_wconf 83' lang='lat'><strong><em>‘⁰</em></strong></span> 
     </span>
     <span class='ocr_line' id='line_1_38' title="bbox 179 4238 1339 4331; baseline 0.006 -27"><span class='ocrx_word' id='word_1_385' title='bbox 179 4241 226 4316; x_wconf 79' lang='grc' dir='ltr'><strong><em>δέ,</em></strong></span> <span class='ocrx_word' id='word_1_386' title='bbox 260 4238 322 4321; x_wconf 90' lang='grc' dir='ltr'><strong><em>Ούχ</em></strong></span> <span class='ocrx_word' id='word_1_387' title='bbox 345 4239 455 4317; x_wconf 84' lang='grc' dir='ltr'><strong><em>ούτως,</em></strong></span> <span class='ocrx_word' id='word_1_388' title='bbox 486 4244 594 4323; x_wconf 75' lang='grc' dir='ltr'><strong><em>φησὶν,</em></strong></span> <span class='ocrx_word' id='word_1_389' title='bbox 625 4240 696 4307; x_wconf 85' lang='grc' dir='ltr'><strong><em>ιίλλοί</em></strong></span> <span class='ocrx_word' id='word_1_390' title='bbox 719 4242 790 4309; x_wconf 83' lang='grc' dir='ltr'><strong><em>ύλλα</em></strong></span> <span class='ocrx_word' id='word_1_391' title='bbox 812 4246 874 4309; x_wconf 81' lang='grc' dir='ltr'><strong><em>ἐστὶ</em></strong></span> <span class='ocrx_word' id='word_1_392' title='bbox 900 4241 982 4329; x_wconf 80' lang='grc' dir='ltr'><strong><em>παρῶ</em></strong></span> <span class='ocrx_word' id='word_1_393' title='bbox 1003 4250 1112 4321; x_wconf 87' lang='grc' dir='ltr'><strong><em>ταῦτα,</em></strong></span> <span class='ocrx_word' id='word_1_394' title='bbox 1141 4238 1339 4331; x_wconf 73' lang='grc' dir='ltr'><strong><em>ἆντιλίχιινέ</em></strong></span> 
     </span>
     <span class='ocr_line' id='line_1_39' title="bbox 181 4338 1338 4433; baseline 0.006 -27"><span class='ocrx_word' id='word_1_395' title='bbox 181 4347 345 4427; x_wconf 89' lang='grc' dir='ltr'><strong><em>Μαρκίων,</em></strong></span> <span class='ocrx_word' id='word_1_396' title='bbox 369 4343 470 4424; x_wconf 70' lang='grc' dir='ltr'><strong><em>ἐπειδὴ</em></strong></span> <span class='ocrx_word' id='word_1_397' title='bbox 486 4343 526 4425; x_wconf 78' lang='grc' dir='ltr'><em>μή</em></span> <span class='ocrx_word' id='word_1_398' title='bbox 542 4343 692 4427; x_wconf 73' lang='grc' dir='ltr'><strong><em>ἠθέλησαν</em></strong></span> <span class='ocrx_word' id='word_1_399' title='bbox 708 4344 800 4411; x_wconf 89' lang='grc' dir='ltr'><strong><em>αύτόν</em></strong></span> <span class='ocrx_word' id='word_1_400' title='bbox 817 4348 969 4425; x_wconf 83' lang='grc' dir='ltr'><strong><em>δέξασθαι.</em></strong></span> <span class='ocrx_word' id='word_1_401' title='bbox 1019 4352 1113 4411; x_wconf 84' lang='grc' dir='ltr'><strong><em>Τοῦτο</em></strong></span> <span class='ocrx_word' id='word_1_402' title='bbox 1128 4338 1185 4411; x_wconf 85' lang='grc' dir='ltr'><strong><em>νύν</em></strong></span> <span class='ocrx_word' id='word_1_403' title='bbox 1201 4352 1338 4433; x_wconf 76' lang='grc' dir='ltr'><strong><em>φανερῶς</em></strong></span> 
     </span>
     <span class='ocr_line' id='line_1_40' title="bbox 179 4442 1337 4535; baseline 0.008 -27"><span class='ocrx_word' id='word_1_404' title='bbox 179 4442 281 4520; x_wconf 84' lang='grc' dir='ltr'><strong><em>αύτοῑς</em></strong></span> <span class='ocrx_word' id='word_1_405' title='bbox 297 4447 386 4529; x_wconf 81' lang='grc' dir='ltr'><strong><em>έλεγε·</em></strong></span> <span class='ocrx_word' id='word_1_406' title='bbox 415 4451 450 4509; x_wconf 88' lang='grc' dir='ltr'><strong><em>Τί</em></strong></span> <span class='ocrx_word' id='word_1_407' title='bbox 464 4445 504 4527; x_wconf 77' lang='grc' dir='ltr'><em>μή</em></span> <span class='ocrx_word' id='word_1_408' title='bbox 519 4444 684 4529; x_wconf 73' lang='grc' dir='ltr'><strong><em>ἦθελήσατέ</em></strong></span> <span class='ocrx_word' id='word_1_409' title='bbox 697 4474 732 4532; x_wconf 88' lang='grc' dir='ltr'><strong><em>με</em></strong></span> <span class='ocrx_word' id='word_1_410' title='bbox 747 4446 966 4528; x_wconf 77' lang='grc' dir='ltr'><strong><em>ύποδέξασθαι;</em></strong></span> <span class='ocrx_word' id='word_1_411' title='bbox 994 4455 1060 4513; x_wconf 90' lang='grc' dir='ltr'><strong><em>Τῶν</em></strong></span> <span class='ocrx_word' id='word_1_412' title='bbox 1074 4448 1107 4513; x_wconf 81' lang='grc' dir='ltr'><strong><em>δέ</em></strong></span> <span class='ocrx_word' id='word_1_413' title='bbox 1120 4446 1267 4535; x_wconf 71' lang='grc' dir='ltr'><strong><em>λαχόντων</em></strong></span> <span class='ocrx_word' id='word_1_414' title='bbox 1282 4448 1337 4529; x_wconf 80' lang='grc' dir='ltr'><strong><em>ίίτι,</em></strong></span> 
     </span>
    </p>
   </div>
   <div class='ocr_carea' id='block_1_5' title="bbox 212 4582 1336 4653">
    <p class='ocr_par' dir='ltr' id='par_1_5' title="bbox 212 4582 1336 4653">
     <span class='ocr_line' id='line_1_41' title="bbox 212 4582 1336 4653; baseline 0.011 -20"><span class='ocrx_word' id='word_1_415' title='bbox 212 4584 270 4635; x_wconf 75' lang='lat' dir='ltr'><strong><em>Cn.</em></strong></span> <span class='ocrx_word' id='word_1_416' title='bbox 284 4587 302 4635; x_wconf 88' lang='grc' dir='ltr'><strong><em>Ι.</em></strong></span> <span class='ocrx_word' id='word_1_417' title='bbox 321 4614 353 4623; x_wconf 91' lang='lat'><em>-</em></span> <span class='ocrx_word' id='word_1_418' title='bbox 375 4589 395 4635; x_wconf 89' lang='grc' dir='ltr'><strong><em>Ι.</em></strong></span> <span class='ocrx_word' id='word_1_419' title='bbox 411 4582 568 4652; x_wconf 82' lang='grc' dir='ltr'><strong><em>ὁρμωμένας</em></strong></span> <span class='ocrx_word' id='word_1_420' title='bbox 580 4591 643 4639; x_wconf 70' lang='lat' dir='ltr'><em>abest</em></span> <span class='ocrx_word' id='word_1_421' title='bbox 657 4592 687 4637; x_wconf 79' lang='lat' dir='ltr'><strong><em>ab</em></strong></span> <span class='ocrx_word' id='word_1_422' title='bbox 700 4590 754 4639; x_wconf 75' lang='grc' dir='ltr'><strong><em>αλλ.</em></strong></span> <span class='ocrx_word' id='word_1_423' title='bbox 768 4594 845 4653; x_wconf 75' lang='lat' dir='ltr'><strong>princ.</strong></span> <span class='ocrx_word' id='word_1_424' title='bbox 880 4592 969 4641; x_wconf 78' lang='grc' dir='ltr'><strong><em>λιλίττίι</em></strong></span> <span class='ocrx_word' id='word_1_425' title='bbox 982 4592 1094 4641; x_wconf 72' lang='lat' dir='ltr'><strong><em>mum</em></strong></span> <span class='ocrx_word' id='word_1_426' title='bbox 1105 4602 1137 4641; x_wconf 76' lang='grc' dir='ltr'><strong><em>ιτ</em></strong></span> <span class='ocrx_word' id='word_1_427' title='bbox 1150 4592 1206 4643; x_wconf 69' lang='lat' dir='ltr'><strong><em>od.</em></strong></span> <span class='ocrx_word' id='word_1_428' title='bbox 1219 4592 1336 4645; x_wconf 65' lang='grc' dir='ltr'><strong><em>Ην..</em></strong></span> 
     </span>
    </p>
   </div>
   <div class='ocr_carea' id='block_1_6' title="bbox 0 0 1528 5084">
    <p class='ocr_par' dir='ltr' id='par_1_6' title="bbox 0 0 1528 5084">
     <span class='ocr_line' id='line_1_42' title="bbox 0 0 1528 5084; baseline 0 1"><span class='ocrx_word' id='word_1_429' title='bbox 0 0 1528 5084; x_wconf 95' lang='lat' dir='ltr'><strong><em> </em></strong></span> 
     </span>
    </p>
   </div>
  </div>
 </body>
</html>
