3046 5084
375 312 509 384 rinnon
527 334 590 385 urs.
604 336 622 386 r.
639 334 721 389 uon.
734 335 765 386 n.
781 335 880 387 narn.
895 337 1008 387 xxxn.
1203 325 1265 388 397

115 465 198 516 tatem
215 475 297 528 uoco,
330 454 485 519 manifeste
503 454 610 517 latetur
628 474 695 518 esse
714 453 788 518 baec
805 475 880 538 quae
898 455 1043 541 proposita
1062 467 1130 520 sunt
1147 459 1265 521 omuino

115 557 255 635 condeta,
286 576 377 640 seque
396 555 512 620 subulae
529 554 596 618 huic
612 555 785 642 inposuisse
802 557 919 619 uomina
937 577 1013 640 quae
1029 557 1065 621 ab
1084 560 1199 623 neruiue
1216 559 1267 623 ha·

114 669 217 724 cteous
238 670 376 746 usurpata
398 659 526 722 fueraut.
570 655 758 743 Proindeque
780 658 887 721 nemini
907 658 1022 722 dubium
1042 670 1088 722 est
1106 660 1172 743 quin
1193 661 1265 724 haee

112 762 162 825 ille
177 763 299 847 primum
318 761 472 839 indiderit,
497 782 532 824 ac
548 759 605 824 nisi
623 760 732 845 ipsein
750 759 809 824 rita
827 760 976 824 extitisset
992 761 1164 845 aliquando,
1189 763 1267 826 ueri·

114 876 159 928 tus
173 864 273 949 utique
289 863 407 949 proprio
421 862 539 928 nomine
554 863 683 927 caritura
699 862 797 926 luerit.
837 860 913 946 Quid
927 862 1016 947 igitur
1031 863 1164 949 probibet
1178 864 1265 928 alium

114 966 272 1051 quemlibet
287 967 316 1030 in
333 967 433 1030 eadem
450 967 570 1030 materia
586 975 666 1029 certa
682 964 823 1029 uocabula
839 966 1038 1028 constituere?
1081 963 1181 1048 Quare
1198 988 1266 1030 sau-

114 1080 177 1133 ctus
197 1070 351 1155 episcopus
370 1066 530 1148 irenaeus,
562 1078 595 1133 ut
611 1068 756 1147 diximus,
787 1068 908 1132 ridicula
932 1069 1071 1152 quaedam
1094 1069 1211 1133 nomina
1232 1093 1265 1134 ao

113 1172 275 1257 pericuum
290 1193 307 1234 a
322 1172 418 1257 seipso
433 1166 592 1257 composita
606 1169 734 1249 subiicit,
760 1181 894 1254 tanquam
910 1170 1023 1234 illorum
1040 1172 1124 1256 nugis
1141 1193 1266 1237 consen·

115 1284 219 1353 tauca,
252 1273 412 1337 cuiusmodi
430 1282 498 1337 suut
514 1292 656 1358 peponum
673 1293 708 1336 ao
725 1273 941 1337 cucurbitarum
957 1284 1006 1337 aut
1024 1273 1262 1360 colocyntbarum

113 1396 241 1462 genera,
267 1398 387 1461 quorum
404 1374 614 1462 appellationes
631 1374 721 1439 certis
736 1375 825 1439 rebus
842 1375 989 1455 attribuit3
1019 1376 1047 1439 id
1065 1377 1140 1460 quod
1158 1379 1262 1442 eruditi

115 1478 245 1543 homines
269 1478 353 1543 facile
376 1500 416 1543 ex
437 1478 474 1542 iis
496 1499 571 1562 quae
593 1488 681 1542 unna
702 1476 828 1562 legerint
850 1478 1094 1543 animadvertent.

193 1577 331 1646 Ceterum
346 1581 477 1646 nonnulli
490 1601 530 1645 cx
541 1580 599 1645 illis
612 1580 732 1666 pomam
747 1583 833 1665 atque
846 1582 1075 1664 antiquissimam
1090 1577 1260 1667 Ogdoadem
1279 1588 1339 1655 esp.
1350 1591 1403 1643 vu.

112 1684 193 1748 hisce
210 1683 374 1749 nominibus
391 1683 564 1768 insigniunt.
607 1679 736 1747 Primam
753 1683 831 1746 enim
848 1705 913 1747 esse
931 1695 1062 1748 statuunt
1078 1681 1259 1764 Proaroben,

111 1787 167 1850 hoo
187 1797 233 1851 est
254 1787 377 1872 primum
400 1787 528 1851 omnium
545 1782 741 1869 Principium,
773 1796 831 1848 tum
850 1785 1074 1864 hneoootttum,
1105 1787 1169 1851 sive
1186 1790 1260 1872 quod

111 1888 304 1974 intelligentia
319 1889 381 1973 capi
395 1910 453 1952 non
468 1898 576 1972 potest,
592 1887 708 1951 tertium
724 1885 945 1972 inexplicabile,
962 1900 1093 1972 quartum
1103 1890 1260 1969 Acratum,

110 1992 139 2055 id
156 2003 202 2056 cst
215 2003 365 2078 aspectum
382 1992 507 2075 logium.
553 1987 614 2053 lam
630 2010 647 2053 a
661 1986 810 2053 Proarche
827 1990 919 2075 primo
935 2011 967 2053 ac
983 1992 1083 2074 quinto
1099 1992 1162 2055 loco
1177 1989 1262 2056 Prin-

110 2093 215 2180 cipium
234 2105 383 2159 exortum.
430 2094 457 2158 Α
473 2091 622 2178 Principio
636 2112 727 2170 vero,
752 2093 827 2176 quod
844 2093 1050 2156 Aneunoetum
1067 2104 1190 2172 vocant,
1215 2115 1262 2158 se-

111 2197 205 2260 cundo
219 2208 365 2282 sextoque
380 2196 445 2260 loco
458 2196 628 2280 productum
644 2180 860 2280 Acataleptum,
885 2195 940 2257 hoc
954 2206 998 2258 est
1013 2196 1262 2281 incompreheusi-

110 2299 179 2364 bilc.
225 2299 273 2363 Ab
292 2297 490 2384 inexplicabili
509 2297 613 2362 deinde
632 2297 720 2361 tertio
737 2297 802 2361 locu
822 2319 857 2361 ac
873 2297 997 2382 septimo
1012 2299 1259 2379 Auouomastum,

110 2402 173 2467 sive
188 2398 413 2466 lunominabile.
459 2398 583 2464 Demum
599 2400 635 2464 ab
652 2400 765 2465 dorato
782 2399 981 2484 Agenuetum,
1004 2400 1067 2464 sive
1083 2398 1258 2487 lugenitum,

109 2504 252 2590 prodiisse
274 2505 385 2590 primae
406 2502 484 2568 illius
508 2501 657 2588 Ogdoadis
680 2502 934 2588 complementum.
980 2501 1043 2566 llas
1065 2503 1105 2566 illi
1127 2501 1260 2568 Virtutes

109 2619 178 2672 aute
194 2606 313 2695 Bython
331 2628 366 2671 ac
382 2604 475 2692 Sigen
491 2606 628 2670 extitisse
646 2617 784 2685 censent,
809 2617 840 2670 ut
858 2605 994 2690 perlectis
1012 2606 1201 2691 perfectiores
1217 2618 1260 2670 ut·

109 2731 166 2796 quc
193 2708 423 2794 intelligentibus
446 2708 689 2793 intelligentiores
717 2729 784 2773 esse
809 2709 973 2773 videantur.
1020 2705 1047 2772 0
1073 2708 1259 2794 nugacissimi

108 2811 320 2897 vanissimique
334 2810 498 2897 sophistael
540 2808 592 2876 Sic
609 2811 686 2876 euim
702 2833 754 2876 eos
771 2813 834 2875 iure
850 2812 991 2898 quispiam
1007 2812 1141 2896 appellet.
1181 2810 1258 2876 Nam

108 2927 139 2980 et
153 2917 189 2980 de
202 2913 301 3002 Bytho
316 2914 414 3000 plures
426 2924 496 2978 sunt
510 2915 584 3000 apud
598 2914 663 2978 illos
677 2914 797 2999 alioqui,
821 2935 855 2979 ac
869 2914 1067 3000 discrepantes
1081 2916 1258 2979 sententiae.

109 3014 234 3101 Quidam
252 3017 329 3082 enim
346 3016 478 3101 iuiugem
492 3015 570 3080 illum
589 3038 657 3081 esse
674 3017 831 3095 deliniunt,
856 3038 910 3080 uec
925 3038 1036 3082 marem
1052 3018 1181 3098 scilicet,
1205 3040 1259 3081 nec

110 3121 259 3200 feminam,
278 3140 373 3205 ueque
386 3119 504 3184 omniuo
519 3119 639 3184 alterius
653 3120 772 3204 generis
786 3120 862 3184 aliud
877 3120 1040 3206 quicquam.
1077 3120 1138 3184 Alii
1149 3132 1259 3184 utrum·

108 3244 164 3308 que
180 3224 208 3287 ei
226 3243 330 3288 sexum
349 3222 526 3303 attribuunt,
550 3233 580 3286 et
596 3222 810 3309 Androgyuum
827 3223 947 3287 iaciunt.
994 3221 1085 3308 Sigen
1105 3244 1192 3308 porro
1210 3222 1258 3285 alii

107 3326 261 3411 coniugem
280 3325 358 3390 illius
380 3345 448 3389 esse
467 3325 588 3405 dicunt,¹
618 3335 649 3389 ut
667 3325 723 3389 hoc
740 3347 793 3410 par
811 3326 851 3389 sit
867 3327 993 3390 omnium
1012 3326 1256 3411 antiquissimum,

107 3450 146 3493 ex
161 3451 218 3515 quo
234 3439 333 3493 cetera
351 3428 386 3492 ud
403 3449 469 3492 eum
486 3429 601 3493 modum
616 3428 695 3493 velut
710 3428 856 3493 scenicam
873 3429 996 3493 tabulam
1013 3438 1181 3514 pertexunt.
1214 3425 1257 3490 lta

106 3553 218 3596 summa
235 3542 280 3596 est
294 3533 368 3617 apud
383 3532 462 3617 ipsos
477 3552 617 3616 nugarum
632 3551 667 3596 ac
683 3532 862 3597 somniorum
876 3533 1013 3611 licentia,
1038 3530 1141 3615 quibus
1156 3551 1256 3594 eorum

105 3655 189 3699 meos
210 3634 353 3699 altissimo
376 3637 499 3720 quodam
522 3645 646 3698 veterno
668 3655 703 3699 ao
724 3657 830 3721 sopore
853 3636 1011 3699 detinetur.

189 3733 372 3822 Quamquam
389 3739 455 3822 quid
479 3737 525 3802 hic
548 3757 604 3823 ego
620 3737 727 3802 diutius
744 3739 900 3817 immoror,
925 3760 989 3801 cum
1005 3737 1098 3822 ipsum
1117 3756 1169 3822 per
1188 3757 1255 3801 sese

104 3840 219 3905 illorum
242 3852 444 3927 argumentum
466 3861 553 3905 omne
576 3840 662 3905 facile
684 3841 840 3927 prodatur,
873 3851 1068 3926 appareatque
1089 3838 1137 3903 vul
1158 3860 1198 3902 ex
1220 3840 1256 3903 iis

105 3963 180 4028 quae
204 3943 281 4008 diota
307 3955 376 4008 suut
399 3944 638 4029 quemadmodum
664 3945 759 4008 everti
779 3943 971 4028 convincique
997 3944 1110 4028 possit?
1159 3939 1206 4007 Sit
1231 3942 1256 4005 si

104 4046 192 4110 modo
208 4046 367 4132 quispiam,
392 4045 440 4130 qui
460 4045 614 4110 inhaerere
630 4045 707 4110 vitae
721 4048 832 4131 cupiat,
857 4067 912 4110 uec
928 4046 1105 4112 inanissimis
1120 4045 1206 4132 nugis
1224 4067 1257 4109 ac

104 4148 263 4214 mendaciis
282 4147 388 4234 decipi.
432 4144 493 4212 Sed
515 4148 551 4213 de
573 4148 609 4213 iis
631 4149 783 4230 hacteuus.
828 4147 895 4214 Nos
918 4149 1107 4216 haehaeresi
1127 4159 1257 4236 praetur-

105 4251 194 4316 missa
211 4261 304 4317 tutum
322 4252 358 4315 ad
377 4261 492 4315 ceteras
508 4250 583 4330 iter,
608 4273 642 4316 ac
660 4252 775 4338 planum
794 4252 1020 4338 prospiciemus,
1044 4265 1077 4318 ut
1092 4253 1122 4318 in
1140 4253 1255 4318 illorum

137 4434 162 4493 d.
181 4442 228 4493 Vct.
241 4443 339 4505 tnurpr.
353 4443 421 4493 uddt‘t
433 4450 522 4509 quartu
536 4449 563 4491 et
575 4449 665 4493 octavo
700 4444 818 4505 agnoscit,
834 4443 981 4498 &adactus
995 4448 1021 4495 tn
1037 4446 1089 4495 cod
1106 4445 1178 4496 Vuttc.

103 4508 169 4561 loco.
729 4508 755 4563 6.
770 4513 807 4562 ltu
820 4513 870 4563 cod.
881 4514 953 4564 Vottc.
980 4515 1053 4576 Vutqo
1066 4507 1257 4580 ὄραματουργτὶ·

136 4579 162 4630 5.
177 4576 266 4632 πολλαὶ
282 4576 342 4644 καὶ,
356 4581 421 4643 quod
435 4593 476 4631 occ
490 4580 537 4631 Vct.
550 4581 664 4644 murum
691 4595 777 4651 7σουσι.
