3046 5084
403 331 538 382 delttllll
555 331 619 383 hle.
631 333 650 382 l.
668 330 750 383 T0bl.
767 333 799 381 ll.
816 331 913 381 llell.
931 332 1026 382 xxtt,
1224 318 1280 379 151

130 451 165 512 ad
186 461 296 534 patrem
315 471 399 515 suom
422 467 563 512 reversus
576 459 636 513 ert.
680 447 740 511 llic
761 449 838 511 enim
857 461 901 512 est
924 451 1015 533 patris
1037 448 1085 510 ille
1104 468 1281 511 commemo·

129 562 210 614 ratus
228 563 295 615 ante
316 552 411 628 lilius,
443 550 491 633 qui
514 548 550 612 ed
569 568 656 630 opem
673 548 799 610 humane
821 552 921 629 generi
945 551 1092 612 terendam
1117 550 1279 612 submissus

128 665 190 728 est,
215 665 336 738 propter
352 674 418 715 eam
436 671 522 733 quern
539 649 620 710 inter
633 649 766 711 homines
783 650 903 731 perinde
924 662 1009 732 etque
1024 649 1145 728 angelos
1163 662 1279 733 pertur-

127 755 274 817 bationem
289 753 428 816 coelestis
444 749 799 835 paterauistttdveetectt.
845 749 944 832 Atque
958 751 1046 827 idem,
1071 750 1174 833 inquit,
1199 752 1279 812 selus

127 868 173 919 eet
191 866 313 930 nostra,
337 853 385 936 qui
402 853 432 915 io
448 850 585 915 mundnm
600 850 700 930 vertit,
723 851 852 934 solisque
868 849 953 914 nobis
971 850 1044 913 bane
1062 850 1105 914 rei
1125 850 1280 914 veritatem

128 958 255 1042 aperuit.
302 954 396 1018 Tales
417 964 486 1017 suot
505 973 523 1019 a
539 951 687 1016 nebulone
701 952 758 1016 isto
774 952 996 1015 consarcinatae
1016 951 1141 1016 tabulae.
1189 949 1281 1015 [lein-

128 1079 198 1143 ceps
220 1077 293 1120 vero
311 1075 496 1140 progressuro
518 1054 566 1117 illa
586 1054 754 1139 impuritate
774 1055 922 1138 capiente,
947 1053 1030 1117 cuius
1050 1063 1155 1116 euctor
1172 1050 1277 1117 Simon

130 1161 201 1235 luit,
236 1158 344 1220 nullum
371 1178 428 1219 ono
454 1156 605 1240 poenitetis
631 1156 815 1238 libidinisque
833 1176 928 1238 genus
947 1154 1111 1217 obeundum
1130 1154 1278 1238 discipulis

127 1259 287 1344 permittit,
310 1259 494 1342 virorumque
516 1278 552 1322 ae
568 1257 722 1321 mulierum
744 1257 926 1342 promiscuos
947 1257 1121 1322 concubitus
1138 1267 1169 1318 et
1182 1257 1277 1319 scele-

128 1371 260 1423 ratorum
277 1359 441 1444 dogmatum
456 1359 624 1443 congeriem
640 1358 836 1423 sectatoribus
859 1360 922 1424 suis
944 1359 1090 1444 proponit.
1136 1355 1225 1441 Quod
1247 1370 1278 1423 et

127 1463 164 1526 nb
180 1462 310 1546 apostolo
329 1472 460 1524 notatum
478 1472 541 1540 est,
570 1483 636 1525 ωιιι
654 1459 714 1540 eit,
748 1465 781 1523 ln
803 1464 848 1522 tu
868 1474 900 1523 et
918 1465 1017 1523 lorum
1042 1463 1181 1524 stmttt'btts
1203 1466 1274 1523 noa
1289 1472 1382 1518 nomi.
1398 1474 1425 1516 tt..

127 1568 176 1625 dei
186 1566 308 1627 renuo·
318 1585 353 1625 oe
367 1568 471 1625 ausum
489 1568 623 1625 redictum
637 1568 667 1625 tit
682 1584 730 1626 eor
745 1569 797 1645 poi
808 1569 951 1624 ceritatem
967 1570 995 1624 r'n
1013 1569 1122 1625 o'ustt'tt'e
1137 1567 1271 1626 detinent.

126 1663 202 1727 Nam
221 1664 259 1728 ob
271 1685 321 1729 eas
339 1664 506 1749 voluptates
522 1664 653 1748 plerique
676 1667 712 1728 sd
729 1664 863 1729 baeresin
881 1666 1065 1745 desciscant,
1096 1665 1145 1727 nbi
1168 1666 1275 1728 foedis·

124 1767 204 1829 simis
225 1765 341 1851 flagitiis
361 1767 480 1851 impone
500 1765 649 1830 libidine·
671 1786 754 1829 soem
775 1766 897 1851 explere
919 1767 1042 1851 possint.

205 1967 375 2053 Quinetiam
402 1971 461 2034 alio
483 1971 659 2035 documento
684 1988 740 2032 sno
762 1979 939 2034 sectatorum
965 1971 1078 2034 animos
1100 1975 1269 2057 corrumpit.
1292 1979 1350 2044 cop.
1368 1980 1409 2029 tv.

121 2073 176 2137 Ait
189 2075 267 2137 enim
286 2073 458 2159 martyrium
471 2072 554 2135 obire
571 2091 754 2154 nequaquem
769 2082 918 2153 oportere.
965 2070 1023 2154 Qui
1040 2073 1116 2134 euim
1133 2073 1160 2133 it
1187 2074 1273 2134 tanin

122 2179 257 2239 mercede
273 2177 451 2253 cariturum,
475 2195 540 2236 enm
557 2173 588 2236 in
605 2173 669 2236 eius
683 2173 731 2257 qui
746 2173 891 2236 bominem
909 2172 1037 2235 condidit
1056 2174 1178 2256 gratiam
1197 2174 1271 2234 istud

122 2278 280 2361 suscipiat,
305 2287 446 2341 ettamen
464 2276 502 2339 ad
523 2272 674 2338 Simonem
698 2274 747 2359 qui
767 2296 928 2358 snspensas
948 2275 978 2338 in
998 2295 1085 2337 cruce
1107 2275 1145 2336 sit
1162 2286 1271 2359 marty-

122 2378 195 2443 rium
213 2381 375 2442 referatur.
407 2375 524 2441 Etenim
543 2377 686 2441 undenam
705 2377 732 2441 ei
751 2379 909 2462 praemium
926 2377 1138 2460 expectandum
1154 2375 1203 2459 qui
1219 2398 1271 2460 pro

122 2477 244 2545 Simone
261 2479 403 2543 crncifixo
418 2494 542 2542 mortem
557 2491 698 2564 oppetens
717 2479 746 2543 id
762 2480 858 2565 ipsnm
877 2501 909 2543 se
922 2478 1032 2542 Christi
1048 2498 1154 2541 caussa
1175 2479 1272 2540 iacere

120 2582 288 2666 profitetur,
312 2592 343 2646 et
357 2581 472 2666 quidem
491 2581 680 2667 imprudens?
715 2579 792 2647 Nam
811 2603 863 2664 pro
881 2602 1020 2665 ecquem
1047 2582 1163 2664 ignorat
1186 2580 1271 2641 morti

120 2704 187 2747 sese
206 2685 369 2748 committit.
415 2681 556 2751 Sufficere
577 2705 650 2768 ergo
674 2683 760 2749 nobis
782 2684 859 2747 istud
876 2683 977 2762 debet,
1003 2703 1096 2766 neque
1117 2681 1143 2746 si
1162 2681 1270 2745 detenti

121 2786 261 2849 fuerimus
282 2786 385 2848 mortis
408 2807 501 2871 poena
524 2786 686 2848 subeunda.

204 2884 367 2950 Enimvero
392 2887 562 2950 diabolicam
586 2889 729 2972 quandam
751 2887 809 2951 vim
835 2888 869 2949 ad
893 2889 1053 2950 animarum
1079 2888 1157 2950 illum
1185 2887 1269 2949 inva—
1292 2898 1350 2963 cap.
1368 2899 1396 2945 v.

119 2987 204 3052 sisse
228 2989 388 3072 perniciem
412 2988 496 3053 lacile
525 2990 793 3074 deprehendemus,
827 2989 927 3072 utqui
954 2992 1038 3052 deum
1064 2991 1180 3053 eiurare
1203 2991 1269 3051 illos

118 3089 258 3170 edoceat,
282 3091 512 3175 quandoquidem
528 3092 663 3154 dominns
679 3093 743 3176 ipse
763 3091 849 3153 dicit:
883 3095 940 3170 (tui
952 3098 1101 3172 nogoom't
1114 3116 1157 3154 me
1172 3112 1266 3152 eorum
1288 3097 1369 3191 lll'll'

118 3195 285 3267 hntbtbtts,
309 3195 417 3274 toegabo
428 3207 459 3255 et
471 3216 525 3274 ego
540 3216 602 3255 eum
620 3215 715 3255 corant
727 3206 812 3275 petre
827 3217 886 3255 areo
899 3200 951 3275 qui
964 3199 993 3256 in
1009 3197 1095 3256 coelis
1113 3206 1165 3256 est.
1213 3193 1267 3254 At·
1318 3182 1324 3202 '
1364 3181 1369 3191 ’

117 3294 195 3358 enim
210 3306 362 3359 veterator
376 3296 516 3379 loquitur.
547 3293 625 3374 Nos,
641 3296 747 3380 inqnit,
766 3296 898 3359 bomioes
913 3318 1025 3375 sununs,
1041 3296 1150 3359 caeteri
1165 3315 1268 3356 omnes

119 3396 189 3459 nibil
205 3398 282 3462 aliud
300 3418 385 3483 ιῃιιιιι
406 3418 476 3461 sues
494 3407 524 3460 et
538 3418 638 3463 canes.
676 3396 803 3483 ldeoque
821 3398 959 3482 scriptum
976 3409 1038 3460 est:
1063 3400 1159 3458 Nolite
1176 3400 1270 3455 socero
1282 3403 1418 3458 Matium.

88 3493 90 3497 ¹
117 3505 288 3579 mmm
309 3513 377 3563 onte
392 3522 513 3581 porcos,
543 3523 631 3581 neque
647 3504 717 3562 clere
738 3514 865 3564 tenentos
885 3503 1011 3562 renibus.
1058 3494 1209 3579 Siquidem
1232 3498 1267 3560 de

116 3622 169 3665 sna
186 3601 370 3687 improbitate
391 3602 470 3666 eolat
494 3601 614 3689 eosqui
638 3603 801 3687 sapientiae
823 3601 955 3665 nonnihil
980 3600 1106 3675 babent,
1140 3618 1175 3660 ae
1196 3618 1267 3662 snae

115 3705 259 3768 duntaxat
273 3704 393 3767 scholae
410 3715 442 3767 et
459 3705 699 3768 cimumventisa
718 3725 752 3768 se
769 3703 933 3767 bominibus
952 3701 1085 3785 exponit.
1120 3697 1265 3783 Quoniam

115 3825 220 3870 revera
235 3824 311 3887 quae
328 3803 364 3866 ab
382 3805 440 3868 iltis
455 3807 593 3873 dmuotur
606 3818 638 3870 et
655 3808 742 3885 finnt,
767 3818 852 3891 turpe
874 3815 921 3866 est
942 3803 1029 3865 etiam
1053 3803 1160 3887 eloqm.
1205 3801 1265 3887 lgi-
1280 3815 1336 3872 epa.
1350 3818 1371 3874 s,
1387 3816 1418 3857 ιι.

115 3917 163 3970 tor
179 3925 278 3967 coram
302 3904 467 3970 bominibus
489 3909 680 3993 profitendam
701 3930 767 3972 esse
787 3909 941 3971 veritatem
959 3906 1055 3967 docet.
1099 3903 1165 3969 Nos
1187 3908 1265 3968 onim

114 4007 248 4072 homines
268 4026 388 4084 somne,
411 4010 521 4072 caeteri
538 4029 622 4073 suum
641 4029 803 4093 conumque
822 4028 960 4085 numero,
985 4008 1025 4070 nti
1042 4008 1179 4071 diximus.
1228 4005 1266 4069 lit

113 4110 182 4174 illud
200 4110 356 4188 admonet,
379 4118 410 4171 ιιι
425 4109 462 4173 de
484 4119 567 4194 patre
584 4112 727 4174 duntaxat
751 4130 919 4194 arcanoque
942 4132 996 4174 suo
1021 4113 1128 4174 nemim
1154 4109 1250 4192 signifi

114 4224 198 4290 cent,
221 4213 272 4275 sed
292 4211 410 4274 tacitum
428 4211 502 4296 apud
527 4233 560 4275 se
584 4213 747 4289 retineant,
772 4223 823 4275 aut
847 4212 895 4275 uni
917 4215 1019 4277 saltent
1043 4236 1059 4278 e
1082 4215 1207 4277 millibus
1231 4232 1265 4274 ac

112 4399 152 4446 tio.
168 4401 303 4450 eudoritute
318 4403 422 4462 reposuit
437 4401 557 4450 Peteulus.
739 4400 762 4450 2.
781 4401 815 4469 τῇ
840 4398 927 4456 ms,
949 4404 1001 4453 wa,
1021 4406 1093 4452 pm,
1128 4402 1161 4466 ,pp
1187 4395 1264 4453 αὐτοῦ

114 4463 208 4598 ἄεξ’
224 4466 252 4519 v·
270 4496 301 4507 '¹'
339 4473 360 4521 ¹·
377 4459 672 4534 ‘'m‘'”i'fllwbfflt
706 4471 851 4594 fficl'ttnn
877 4463 992 4536 tedred
1009 4471 1197 4532 coenteetmet
1211 4471 1265 4518 edit.
