<?xml version="1.0" encoding="UTF-8"?>
<!DOCTYPE html PUBLIC "-//W3C//DTD XHTML 1.0 Transitional//EN"
    "http://www.w3.org/TR/xhtml1/DTD/xhtml1-transitional.dtd">
<html xmlns="http://www.w3.org/1999/xhtml" xml:lang="en" lang="en">
 <head>
  <title>
</title>
<meta http-equiv="Content-Type" content="text/html;charset=utf-8" />
  <meta name='ocr-system' content='tesseract 3.04.00' />
  <meta name='ocr-capabilities' content='ocr_page ocr_carea ocr_par ocr_line ocrx_word'/>
</head>
<body>
  <div class='ocr_page' id='page_1' title='image "./corporishaerese01unkngoog_0262.png"; bbox 0 0 3046 5084; ppageno 0'>
   <div class='ocr_carea' id='block_1_1' title="bbox 398 320 1271 383">
    <p class='ocr_par' dir='ltr' id='par_1_1' title="bbox 398 320 1271 383">
     <span class='ocr_line' id='line_1_1' title="bbox 398 320 1271 383; baseline -0.002 0"><span class='ocrx_word' id='word_1_1' title='bbox 398 330 533 383; x_wconf 80' lang='lat' dir='ltr'>ennnsn</span> <span class='ocrx_word' id='word_1_2' title='bbox 550 330 645 383; x_wconf 74' lang='lat' dir='ltr'>etur.</span> <span class='ocrx_word' id='word_1_3' title='bbox 661 331 741 383; x_wconf 77' lang='lat' dir='ltr'>rurs.</span> <span class='ocrx_word' id='word_1_4' title='bbox 754 332 787 383; x_wconf 83' lang='lat' dir='ltr'>rt.</span> <span class='ocrx_word' id='word_1_5' title='bbox 802 330 901 383; x_wconf 79' lang='lat' dir='ltr'>unse.</span> <span class='ocrx_word' id='word_1_6' title='bbox 911 330 998 382; x_wconf 83' lang='lat' dir='ltr'>xxx.</span> <span class='ocrx_word' id='word_1_7' title='bbox 1210 320 1271 381; x_wconf 78' lang='lat' dir='ltr'>tot</span> 
     </span>
    </p>
   </div>
   <div class='ocr_carea' id='block_1_2' title="bbox 85 445 1407 4497">
    <p class='ocr_par' dir='ltr' id='par_1_2' title="bbox 85 445 1407 4497">
     <span class='ocr_line' id='line_1_2' title="bbox 127 445 1272 533; baseline 0.002 -22"><span class='ocrx_word' id='word_1_8' title='bbox 127 445 334 533; x_wconf 75' lang='lat' dir='ltr'>Ephraimiqoe</span> <span class='ocrx_word' id='word_1_9' title='bbox 351 449 536 516; x_wconf 71' lang='lat' dir='ltr'><strong>solitudinem</strong></span> <span class='ocrx_word' id='word_1_10' title='bbox 554 447 593 511; x_wconf 85' lang='lat' dir='ltr'>ab</span> <span class='ocrx_word' id='word_1_11' title='bbox 610 447 682 512; x_wconf 84' lang='lat' dir='ltr'>urhe</span> <span class='ocrx_word' id='word_1_12' title='bbox 698 447 899 513; x_wconf 71' lang='lat' dir='ltr'>Hierichuntis</span> <span class='ocrx_word' id='word_1_13' title='bbox 914 450 949 512; x_wconf 87' lang='lat' dir='ltr'>ad</span> <span class='ocrx_word' id='word_1_14' title='bbox 966 450 1106 512; x_wconf 81' lang='lat' dir='ltr'>montium</span> <span class='ocrx_word' id='word_1_15' title='bbox 1123 451 1190 532; x_wconf 78' lang='lat' dir='ltr'>iuga</span> <span class='ocrx_word' id='word_1_16' title='bbox 1208 460 1272 513; x_wconf 88' lang='lat' dir='ltr'>teo·</span> 
     </span>
     <span class='ocr_line' id='line_1_3' title="bbox 125 548 1272 632; baseline 0 -20"><span class='ocrx_word' id='word_1_17' title='bbox 125 550 203 614; x_wconf 88' lang='lat' dir='ltr'>denti</span> <span class='ocrx_word' id='word_1_18' title='bbox 225 551 294 614; x_wconf 86' lang='lat' dir='ltr'>mihi</span> <span class='ocrx_word' id='word_1_19' title='bbox 317 551 453 614; x_wconf 85' lang='lat' dir='ltr'>comitem</span> <span class='ocrx_word' id='word_1_20' title='bbox 477 570 510 612; x_wconf 90' lang='lat' dir='ltr'>se</span> <span class='ocrx_word' id='word_1_21' title='bbox 533 548 647 612; x_wconf 85' lang='lat' dir='ltr'>itineris</span> <span class='ocrx_word' id='word_1_22' title='bbox 665 549 811 611; x_wconf 85' lang='lat' dir='ltr'>odiuuxit.</span> <span class='ocrx_word' id='word_1_23' title='bbox 855 548 931 612; x_wconf 85' lang='lat' dir='ltr'>Huic</span> <span class='ocrx_word' id='word_1_24' title='bbox 948 571 1005 632; x_wconf 75' lang='lat' dir='ltr'>ego</span> <span class='ocrx_word' id='word_1_25' title='bbox 1022 571 1086 613; x_wconf 87' lang='lat' dir='ltr'>euru</span> <span class='ocrx_word' id='word_1_26' title='bbox 1105 552 1142 613; x_wconf 88' lang='lat' dir='ltr'>de</span> <span class='ocrx_word' id='word_1_27' title='bbox 1160 549 1272 615; x_wconf 76' lang='lat' dir='ltr'>Christi</span> 
     </span>
     <span class='ocr_line' id='line_1_4' title="bbox 124 648 1273 734; baseline -0.001 -20"><span class='ocrx_word' id='word_1_28' title='bbox 124 652 231 716; x_wconf 79' lang='lat' dir='ltr'>donnini</span> <span class='ocrx_word' id='word_1_29' title='bbox 245 654 373 716; x_wconf 83' lang='lat' dir='ltr'>advento</span> <span class='ocrx_word' id='word_1_30' title='bbox 388 651 527 715; x_wconf 86' lang='lat' dir='ltr'>nonnulla</span> <span class='ocrx_word' id='word_1_31' title='bbox 542 668 748 734; x_wconf 78' lang='lat' dir='ltr'>proponerem,</span> <span class='ocrx_word' id='word_1_32' title='bbox 766 648 844 710; x_wconf 88' lang='lat' dir='ltr'>nullu</span> <span class='ocrx_word' id='word_1_33' title='bbox 857 648 886 710; x_wconf 88' lang='lat' dir='ltr'>io</span> <span class='ocrx_word' id='word_1_34' title='bbox 902 670 935 710; x_wconf 88' lang='lat' dir='ltr'>re</span> <span class='ocrx_word' id='word_1_35' title='bbox 948 651 1177 713; x_wconf 71' lang='lat' dir='ltr'>contradicebat.</span> <span class='ocrx_word' id='word_1_36' title='bbox 1205 649 1273 733; x_wconf 86' lang='lat' dir='ltr'>Qus</span> 
     </span>
     <span class='ocr_line' id='line_1_5' title="bbox 124 748 1273 837; baseline -0.002 -23"><span class='ocrx_word' id='word_1_37' title='bbox 124 773 156 815; x_wconf 89' lang='lat' dir='ltr'>re</span> <span class='ocrx_word' id='word_1_38' title='bbox 173 754 328 837; x_wconf 86' lang='lat' dir='ltr'>plurimum</span> <span class='ocrx_word' id='word_1_39' title='bbox 344 753 516 829; x_wconf 85' lang='lat' dir='ltr'>admiratus,</span> <span class='ocrx_word' id='word_1_40' title='bbox 541 748 609 835; x_wconf 91' lang='lat' dir='ltr'>quid</span> <span class='ocrx_word' id='word_1_41' title='bbox 624 769 748 812; x_wconf 85' lang='lat' dir='ltr'>caussae</span> <span class='ocrx_word' id='word_1_42' title='bbox 762 749 877 811; x_wconf 85' lang='lat' dir='ltr'>taudem</span> <span class='ocrx_word' id='word_1_43' title='bbox 895 761 975 811; x_wconf 90' lang='lat' dir='ltr'>esset</span> <span class='ocrx_word' id='word_1_44' title='bbox 989 751 1132 812; x_wconf 85' lang='lat' dir='ltr'>homiuem</span> <span class='ocrx_word' id='word_1_45' title='bbox 1148 752 1273 813; x_wconf 72' lang='lat' dir='ltr'>insterno-</span> 
     </span>
     <span class='ocr_line' id='line_1_6' title="bbox 123 850 1275 937; baseline -0.003 -20"><span class='ocrx_word' id='word_1_46' title='bbox 123 856 190 937; x_wconf 74' lang='lat' dir='ltr'>pari</span> <span class='ocrx_word' id='word_1_47' title='bbox 214 859 260 932; x_wconf 87' lang='lat' dir='ltr'>(et</span> <span class='ocrx_word' id='word_1_48' title='bbox 277 865 341 918; x_wconf 89' lang='lat' dir='ltr'>erat</span> <span class='ocrx_word' id='word_1_49' title='bbox 357 851 465 935; x_wconf 76' lang='lat' dir='ltr'>alioqui</span> <span class='ocrx_word' id='word_1_50' title='bbox 484 851 559 934; x_wconf 75' lang='lat' dir='ltr'>legis</span> <span class='ocrx_word' id='word_1_51' title='bbox 575 870 646 914; x_wconf 86' lang='lat' dir='ltr'>soau</span> <span class='ocrx_word' id='word_1_52' title='bbox 662 850 790 935; x_wconf 89' lang='lat' dir='ltr'>peritus,</span> <span class='ocrx_word' id='word_1_53' title='bbox 824 871 859 914; x_wconf 85' lang='lat' dir='ltr'>ac</span> <span class='ocrx_word' id='word_1_54' title='bbox 877 850 1039 934; x_wconf 78' lang='lat' dir='ltr'>disputandi</span> <span class='ocrx_word' id='word_1_55' title='bbox 1055 872 1127 915; x_wconf 89' lang='lat' dir='ltr'>sane</span> <span class='ocrx_word' id='word_1_56' title='bbox 1145 873 1203 913; x_wconf 91' lang='lat' dir='ltr'>oon</span> <span class='ocrx_word' id='word_1_57' title='bbox 1221 872 1275 914; x_wconf 87' lang='lat' dir='ltr'>ex·</span> 
     </span>
     <span class='ocr_line' id='line_1_7' title="bbox 124 949 1274 1039; baseline -0.003 -21"><span class='ocrx_word' id='word_1_58' title='bbox 124 962 226 1039; x_wconf 83' lang='lat' dir='ltr'>pers),</span> <span class='ocrx_word' id='word_1_59' title='bbox 257 977 310 1018; x_wconf 88' lang='lat' dir='ltr'>our</span> <span class='ocrx_word' id='word_1_60' title='bbox 329 955 447 1038; x_wconf 81' lang='lat' dir='ltr'>inquunt</span> <span class='ocrx_word' id='word_1_61' title='bbox 465 953 534 1017; x_wconf 87' lang='lat' dir='ltr'>mibi</span> <span class='ocrx_word' id='word_1_62' title='bbox 555 951 625 1017; x_wconf 92' lang='lat' dir='ltr'>nibil</span> <span class='ocrx_word' id='word_1_63' title='bbox 643 953 852 1037; x_wconf 72' lang='lat' dir='ltr'>responderet,</span> <span class='ocrx_word' id='word_1_64' title='bbox 883 973 917 1015; x_wconf 87' lang='lat' dir='ltr'>ae</span> <span class='ocrx_word' id='word_1_65' title='bbox 938 954 973 1016; x_wconf 90' lang='lat' dir='ltr'>de</span> <span class='ocrx_word' id='word_1_66' title='bbox 993 949 1113 1016; x_wconf 87' lang='lat' dir='ltr'>Christo</span> <span class='ocrx_word' id='word_1_67' title='bbox 1133 949 1202 1015; x_wconf 90' lang='lat' dir='ltr'>lesu</span> <span class='ocrx_word' id='word_1_68' title='bbox 1223 955 1274 1015; x_wconf 91' lang='lat' dir='ltr'>dc·</span> 
     </span>
     <span class='ocr_line' id='line_1_8' title="bbox 123 1054 1273 1137; baseline -0.002 -18"><span class='ocrx_word' id='word_1_69' title='bbox 123 1057 204 1121; x_wconf 85' lang='lat' dir='ltr'>mino</span> <span class='ocrx_word' id='word_1_70' title='bbox 227 1069 331 1119; x_wconf 90' lang='lat' dir='ltr'>nostro</span> <span class='ocrx_word' id='word_1_71' title='bbox 353 1054 421 1118; x_wconf 87' lang='lat' dir='ltr'>mibi</span> <span class='ocrx_word' id='word_1_72' title='bbox 442 1054 633 1117; x_wconf 77' lang='lat' dir='ltr'>consentiret.</span> <span class='ocrx_word' id='word_1_73' title='bbox 676 1054 725 1117; x_wconf 78' lang='lat' dir='ltr'>Ad</span> <span class='ocrx_word' id='word_1_74' title='bbox 747 1075 821 1137; x_wconf 89' lang='lat' dir='ltr'>quae</span> <span class='ocrx_word' id='word_1_75' title='bbox 840 1054 880 1116; x_wconf 90' lang='lat' dir='ltr'>illi</span> <span class='ocrx_word' id='word_1_76' title='bbox 899 1055 1041 1132; x_wconf 88' lang='lat' dir='ltr'>subiecit,</span> <span class='ocrx_word' id='word_1_77' title='bbox 1071 1055 1273 1117; x_wconf 84' lang='lat' dir='ltr'>moribundum</span> 
     </span>
     <span class='ocr_line' id='line_1_9' title="bbox 124 1154 1274 1240; baseline -0.003 -21"><span class='ocrx_word' id='word_1_78' title='bbox 124 1178 158 1220; x_wconf 90' lang='lat' dir='ltr'>se</span> <span class='ocrx_word' id='word_1_79' title='bbox 175 1159 349 1240; x_wconf 86' lang='lat' dir='ltr'>quandoque</span> <span class='ocrx_word' id='word_1_80' title='bbox 365 1178 383 1220; x_wconf 83' lang='lat' dir='ltr'>a</span> <span class='ocrx_word' id='word_1_81' title='bbox 400 1154 516 1219; x_wconf 87' lang='lat' dir='ltr'>ludaeis</span> <span class='ocrx_word' id='word_1_82' title='bbox 529 1154 708 1219; x_wconf 86' lang='lat' dir='ltr'>insusurrari</span> <span class='ocrx_word' id='word_1_83' title='bbox 722 1154 778 1218; x_wconf 89' lang='lat' dir='ltr'>sibi</span> <span class='ocrx_word' id='word_1_84' title='bbox 793 1155 823 1217; x_wconf 90' lang='lat' dir='ltr'>iu</span> <span class='ocrx_word' id='word_1_85' title='bbox 838 1176 938 1218; x_wconf 86' lang='lat' dir='ltr'>curem</span> <span class='ocrx_word' id='word_1_86' title='bbox 954 1156 1061 1218; x_wconf 79' lang='lat' dir='ltr'>leviter</span> <span class='ocrx_word' id='word_1_87' title='bbox 1076 1156 1207 1233; x_wconf 87' lang='lat' dir='ltr'>sudisse,</span> <span class='ocrx_word' id='word_1_88' title='bbox 1230 1160 1274 1216; x_wconf 82' lang='lat' dir='ltr'>le·</span> 
     </span>
     <span class='ocr_line' id='line_1_10' title="bbox 125 1254 1271 1338; baseline -0.002 -17"><span class='ocrx_word' id='word_1_89' title='bbox 125 1281 176 1321; x_wconf 80' lang='lat' dir='ltr'>sos</span> <span class='ocrx_word' id='word_1_90' title='bbox 192 1262 322 1319; x_wconf 82' lang='lat' dir='ltr'>Cbrr&#39;stus</span> <span class='ocrx_word' id='word_1_91' title='bbox 339 1262 494 1338; x_wconf 71' lang='lat' dir='ltr'>rrurffiw</span> <span class='ocrx_word' id='word_1_92' title='bbox 510 1260 652 1338; x_wconf 79' lang='lat' dir='ltr'>deifilr&#39;or</span> <span class='ocrx_word' id='word_1_93' title='bbox 666 1261 701 1319; x_wconf 85' lang='lat' dir='ltr'>dc</span> <span class='ocrx_word' id='word_1_94' title='bbox 717 1269 746 1318; x_wconf 85' lang='lat' dir='ltr'>tc</span> <span class='ocrx_word' id='word_1_95' title='bbox 760 1259 905 1318; x_wconf 71' lang='lat' dir='ltr'>iudicabit.</span> <span class='ocrx_word' id='word_1_96' title='bbox 951 1254 1011 1322; x_wconf 87' lang='lat' dir='ltr'>Sed</span> <span class='ocrx_word' id='word_1_97' title='bbox 1030 1257 1102 1321; x_wconf 88' lang='lat' dir='ltr'>baec</span> <span class='ocrx_word' id='word_1_98' title='bbox 1118 1257 1271 1336; x_wconf 86' lang='lat' dir='ltr'>haetenus,</span> 
     </span>
     <span class='ocr_line' id='line_1_11' title="bbox 126 1359 1270 1444; baseline 0 -23"><span class='ocrx_word' id='word_1_99' title='bbox 126 1360 202 1442; x_wconf 90' lang='lat' dir='ltr'>quod</span> <span class='ocrx_word' id='word_1_100' title='bbox 225 1361 260 1422; x_wconf 87' lang='lat' dir='ltr'>sd</span> <span class='ocrx_word' id='word_1_101' title='bbox 281 1380 340 1423; x_wconf 87' lang='lat' dir='ltr'>rem</span> <span class='ocrx_word' id='word_1_102' title='bbox 360 1369 542 1444; x_wconf 82' lang='lat' dir='ltr'>praesentem</span> <span class='ocrx_word' id='word_1_103' title='bbox 565 1360 684 1435; x_wconf 76' lang='lat' dir='ltr'>attinet,</span> <span class='ocrx_word' id='word_1_104' title='bbox 707 1378 812 1422; x_wconf 79' lang='lat' dir='ltr'>revers</span> <span class='ocrx_word' id='word_1_105' title='bbox 836 1369 866 1420; x_wconf 95' lang='lat' dir='ltr'>ut</span> <span class='ocrx_word' id='word_1_106' title='bbox 888 1359 1054 1443; x_wconf 84' lang='lat' dir='ltr'>occepimus</span> <span class='ocrx_word' id='word_1_107' title='bbox 1073 1360 1149 1423; x_wconf 87' lang='lat' dir='ltr'>diota</span> <span class='ocrx_word' id='word_1_108' title='bbox 1171 1369 1270 1422; x_wconf 89' lang='lat' dir='ltr'>sunto.</span> 
     </span>
     <span class='ocr_line' id='line_1_12' title="bbox 210 1457 1400 1545; baseline 0.005 -22"><span class='ocrx_word' id='word_1_109' title='bbox 210 1459 313 1524; x_wconf 86' lang='lat' dir='ltr'>Redeo</span> <span class='ocrx_word' id='word_1_110' title='bbox 329 1460 386 1524; x_wconf 86' lang='lat' dir='ltr'>istu</span> <span class='ocrx_word' id='word_1_111' title='bbox 402 1461 437 1524; x_wconf 88' lang='lat' dir='ltr'>cd</span> <span class='ocrx_word' id='word_1_112' title='bbox 455 1457 622 1545; x_wconf 86' lang='lat' dir='ltr'>losephutu.</span> <span class='ocrx_word' id='word_1_113' title='bbox 667 1457 698 1523; x_wconf 93' lang='lat' dir='ltr'>ls</span> <span class='ocrx_word' id='word_1_114' title='bbox 716 1482 780 1525; x_wconf 86' lang='lat' dir='ltr'>eum</span> <span class='ocrx_word' id='word_1_115' title='bbox 799 1459 829 1522; x_wconf 90' lang='lat' dir='ltr'>iu</span> <span class='ocrx_word' id='word_1_116' title='bbox 848 1462 950 1523; x_wconf 87' lang='lat' dir='ltr'>urorbo</span> <span class='ocrx_word' id='word_1_117' title='bbox 968 1463 1062 1524; x_wconf 88' lang='lat' dir='ltr'>adbuc</span> <span class='ocrx_word' id='word_1_118' title='bbox 1079 1472 1176 1538; x_wconf 88' lang='lat' dir='ltr'>esset,</span> <span class='ocrx_word' id='word_1_119' title='bbox 1208 1473 1238 1522; x_wconf 88' lang='lat' dir='ltr'>et</span> <span class='ocrx_word' id='word_1_120' title='bbox 1255 1483 1271 1525; x_wconf 90' lang='lat' dir='ltr'>a</span> <span class='ocrx_word' id='word_1_121' title='bbox 1291 1478 1350 1545; x_wconf 70' lang='lat' dir='ltr'>cap.</span> <span class='ocrx_word' id='word_1_122' title='bbox 1366 1481 1400 1529; x_wconf 85' lang='lat' dir='ltr'>x.</span> 
     </span>
     <span class='ocr_line' id='line_1_13' title="bbox 128 1561 1273 1646; baseline 0.001 -22"><span class='ocrx_word' id='word_1_123' title='bbox 128 1562 244 1624; x_wconf 89' lang='lat' dir='ltr'>seniore</span> <span class='ocrx_word' id='word_1_124' title='bbox 260 1562 407 1626; x_wconf 87' lang='lat' dir='ltr'>interulis</span> <span class='ocrx_word' id='word_1_125' title='bbox 425 1562 496 1625; x_wconf 84' lang='lat' dir='ltr'>bsee</span> <span class='ocrx_word' id='word_1_126' title='bbox 512 1583 587 1646; x_wconf 87' lang='lat' dir='ltr'>quse</span> <span class='ocrx_word' id='word_1_127' title='bbox 601 1561 729 1625; x_wconf 82' lang='lat' dir='ltr'>diximus</span> <span class='ocrx_word' id='word_1_128' title='bbox 744 1563 924 1640; x_wconf 85' lang='lat' dir='ltr'>iuaudissot,</span> <span class='ocrx_word' id='word_1_129' title='bbox 954 1567 1033 1624; x_wconf 83' lang='lat' dir='ltr'>lesos</span> <span class='ocrx_word' id='word_1_130' title='bbox 1050 1567 1180 1624; x_wconf 65' lang='lat' dir='ltr'>Christus</span> <span class='ocrx_word' id='word_1_131' title='bbox 1195 1569 1230 1624; x_wconf 84' lang='lat' dir='ltr'>de</span> <span class='ocrx_word' id='word_1_132' title='bbox 1246 1578 1273 1625; x_wconf 78' lang='lat' dir='ltr'>te</span> 
     </span>
     <span class='ocr_line' id='line_1_14' title="bbox 127 1662 1272 1749; baseline 0.002 -24"><span class='ocrx_word' id='word_1_133' title='bbox 127 1665 278 1737; x_wconf 60' lang='lat' dir='ltr'>sambri,</span> <span class='ocrx_word' id='word_1_134' title='bbox 312 1664 439 1727; x_wconf 83' lang='lat' dir='ltr'>auinauur</span> <span class='ocrx_word' id='word_1_135' title='bbox 460 1663 647 1725; x_wconf 83' lang='lat' dir='ltr'>nibilominus</span> <span class='ocrx_word' id='word_1_136' title='bbox 664 1663 843 1727; x_wconf 76' lang='lat' dir='ltr'>obfirmabat.</span> <span class='ocrx_word' id='word_1_137' title='bbox 889 1662 982 1747; x_wconf 82' lang='lat' dir='ltr'>lgitor</span> <span class='ocrx_word' id='word_1_138' title='bbox 1001 1665 1135 1727; x_wconf 89' lang='lat' dir='ltr'>dominus</span> <span class='ocrx_word' id='word_1_139' title='bbox 1157 1686 1210 1749; x_wconf 90' lang='lat' dir='ltr'>pro</span> <span class='ocrx_word' id='word_1_140' title='bbox 1227 1666 1272 1727; x_wconf 90' lang='lat' dir='ltr'>in·</span> 
     </span>
     <span class='ocr_line' id='line_1_15' title="bbox 124 1762 1268 1848; baseline -0.002 -20"><span class='ocrx_word' id='word_1_141' title='bbox 124 1766 205 1848; x_wconf 81' lang='lat' dir='ltr'>genti</span> <span class='ocrx_word' id='word_1_142' title='bbox 226 1786 280 1829; x_wconf 85' lang='lat' dir='ltr'>sua</span> <span class='ocrx_word' id='word_1_143' title='bbox 302 1785 372 1848; x_wconf 80' lang='lat' dir='ltr'>erga</span> <span class='ocrx_word' id='word_1_144' title='bbox 391 1765 524 1829; x_wconf 87' lang='lat' dir='ltr'>homines</span> <span class='ocrx_word' id='word_1_145' title='bbox 543 1762 745 1827; x_wconf 86' lang='lat' dir='ltr'>misericordis</span> <span class='ocrx_word' id='word_1_146' title='bbox 763 1765 867 1827; x_wconf 88' lang='lat' dir='ltr'>iterum</span> <span class='ocrx_word' id='word_1_147' title='bbox 885 1768 912 1828; x_wconf 88' lang='lat' dir='ltr'>ei</span> <span class='ocrx_word' id='word_1_148' title='bbox 930 1787 963 1828; x_wconf 92' lang='lat' dir='ltr'>se</span> <span class='ocrx_word' id='word_1_149' title='bbox 981 1767 1139 1831; x_wconf 84' lang='lat' dir='ltr'>insomnis</span> <span class='ocrx_word' id='word_1_150' title='bbox 1157 1767 1268 1842; x_wconf 87' lang='lat' dir='ltr'>obiicit,</span> 
     </span>
     <span class='ocr_line' id='line_1_16' title="bbox 126 1866 1271 1948; baseline 0.003 -20"><span class='ocrx_word' id='word_1_151' title='bbox 126 1871 227 1948; x_wconf 82' lang='lat' dir='ltr'>Teque,</span> <span class='ocrx_word' id='word_1_152' title='bbox 247 1866 299 1944; x_wconf 83' lang='lat' dir='ltr'>ait,</span> <span class='ocrx_word' id='word_1_153' title='bbox 316 1870 437 1927; x_wconf 84' lang='lat' dir='ltr'>runr&#39;tntr&#39;</span> <span class='ocrx_word' id='word_1_154' title='bbox 448 1871 584 1927; x_wconf 82' lang='lat' dir='ltr'>restituo.-</span> <span class='ocrx_word' id='word_1_155' title='bbox 607 1885 695 1944; x_wconf 74' lang='lat' dir='ltr'>surge</span> <span class='ocrx_word' id='word_1_156' title='bbox 711 1869 790 1926; x_wconf 83' lang='lat' dir='ltr'>modo</span> <span class='ocrx_word' id='word_1_157' title='bbox 806 1879 835 1927; x_wconf 85' lang='lat' dir='ltr'>et</span> <span class='ocrx_word' id='word_1_158' title='bbox 847 1889 922 1928; x_wconf 83' lang='lat' dir='ltr'>nuno</span> <span class='ocrx_word' id='word_1_159' title='bbox 935 1871 1043 1928; x_wconf 71' lang='lat' dir='ltr'>donum</span> <span class='ocrx_word' id='word_1_160' title='bbox 1057 1873 1174 1929; x_wconf 78' lang='lat' dir='ltr'>credito.</span> <span class='ocrx_word' id='word_1_161' title='bbox 1211 1866 1271 1931; x_wconf 78' lang='lat' dir='ltr'>Ve-</span> 
     </span>
     <span class='ocr_line' id='line_1_17' title="bbox 121 1965 1271 2053; baseline 0.001 -23"><span class='ocrx_word' id='word_1_162' title='bbox 121 1989 186 2030; x_wconf 90' lang='lat' dir='ltr'>rurn</span> <span class='ocrx_word' id='word_1_163' title='bbox 202 1967 251 2031; x_wconf 91' lang='lat' dir='ltr'>ubi</span> <span class='ocrx_word' id='word_1_164' title='bbox 267 1968 427 2046; x_wconf 87' lang='lat' dir='ltr'>convaluit,</span> <span class='ocrx_word' id='word_1_165' title='bbox 452 1988 489 2031; x_wconf 91' lang='lat' dir='ltr'>ue</span> <span class='ocrx_word' id='word_1_166' title='bbox 505 1978 565 2029; x_wconf 89' lang='lat' dir='ltr'>tum</span> <span class='ocrx_word' id='word_1_167' title='bbox 579 1966 693 2051; x_wconf 85' lang='lat' dir='ltr'>quidem</span> <span class='ocrx_word' id='word_1_168' title='bbox 708 1967 840 2029; x_wconf 86' lang='lat' dir='ltr'>eredidit.</span> <span class='ocrx_word' id='word_1_169' title='bbox 884 1965 995 2030; x_wconf 89' lang='lat' dir='ltr'>lterum</span> <span class='ocrx_word' id='word_1_170' title='bbox 1011 1988 1084 2050; x_wconf 80' lang='lat' dir='ltr'>ergo</span> <span class='ocrx_word' id='word_1_171' title='bbox 1099 1980 1271 2053; x_wconf 86' lang='lat' dir='ltr'>recuperata</span> 
     </span>
     <span class='ocr_line' id='line_1_18' title="bbox 121 2066 1271 2154; baseline -0.001 -22"><span class='ocrx_word' id='word_1_172' title='bbox 121 2069 181 2133; x_wconf 81' lang='lat' dir='ltr'>iaus</span> <span class='ocrx_word' id='word_1_173' title='bbox 197 2070 322 2133; x_wconf 75' lang='lat' dir='ltr'>sanitate</span> <span class='ocrx_word' id='word_1_174' title='bbox 342 2091 395 2154; x_wconf 91' lang='lat' dir='ltr'>per</span> <span class='ocrx_word' id='word_1_175' title='bbox 413 2071 508 2132; x_wconf 83' lang='lat' dir='ltr'>visum</span> <span class='ocrx_word' id='word_1_176' title='bbox 528 2068 554 2131; x_wconf 90' lang='lat' dir='ltr'>ei</span> <span class='ocrx_word' id='word_1_177' title='bbox 573 2066 705 2130; x_wconf 91' lang='lat' dir='ltr'>domiuus</span> <span class='ocrx_word' id='word_1_178' title='bbox 724 2068 864 2146; x_wconf 83' lang='lat' dir='ltr'>ollertur,</span> <span class='ocrx_word' id='word_1_179' title='bbox 894 2078 925 2130; x_wconf 93' lang='lat' dir='ltr'>et</span> <span class='ocrx_word' id='word_1_180' title='bbox 941 2068 1016 2150; x_wconf 88' lang='lat' dir='ltr'>quod</span> <span class='ocrx_word' id='word_1_181' title='bbox 1035 2070 1161 2132; x_wconf 89' lang='lat' dir='ltr'>uoodoru</span> <span class='ocrx_word' id='word_1_182' title='bbox 1176 2071 1271 2133; x_wconf 86' lang='lat' dir='ltr'>credi·</span> 
     </span>
     <span class='ocr_line' id='line_1_19' title="bbox 122 2167 1269 2253; baseline 0 -20"><span class='ocrx_word' id='word_1_183' title='bbox 122 2170 214 2234; x_wconf 81' lang='lat' dir='ltr'>disset</span> <span class='ocrx_word' id='word_1_184' title='bbox 232 2182 363 2235; x_wconf 70' lang='lat' dir='ltr'>cremat.</span> <span class='ocrx_word' id='word_1_185' title='bbox 410 2168 482 2235; x_wconf 86' lang='lat' dir='ltr'>lude</span> <span class='ocrx_word' id='word_1_186' title='bbox 499 2167 675 2253; x_wconf 86' lang='lat' dir='ltr'>amplissimo</span> <span class='ocrx_word' id='word_1_187' title='bbox 691 2170 829 2252; x_wconf 85' lang='lat' dir='ltr'>quaedam</span> <span class='ocrx_word' id='word_1_188' title='bbox 848 2169 1020 2253; x_wconf 86' lang='lat' dir='ltr'>promittens</span> <span class='ocrx_word' id='word_1_189' title='bbox 1037 2171 1081 2233; x_wconf 89' lang='lat' dir='ltr'>sio</span> <span class='ocrx_word' id='word_1_190' title='bbox 1098 2170 1269 2253; x_wconf 82' lang='lat' dir='ltr'>alloquitor:</span> 
     </span>
     <span class='ocr_line' id='line_1_20' title="bbox 127 2274 1271 2358; baseline -0.001 -24"><span class='ocrx_word' id='word_1_191' title='bbox 127 2276 165 2334; x_wconf 84' lang='lat' dir='ltr'>Ut</span> <span class='ocrx_word' id='word_1_192' title='bbox 178 2275 240 2346; x_wconf 80' lang='lat' dir='ltr'>tc&#39;dr&#39;,</span> <span class='ocrx_word' id='word_1_193' title='bbox 264 2274 376 2358; x_wconf 90' lang='lat' dir='ltr'>iuquit,</span> <span class='ocrx_word' id='word_1_194' title='bbox 400 2278 435 2334; x_wconf 85' lang='lat' dir='ltr'>de</span> <span class='ocrx_word' id='word_1_195' title='bbox 448 2276 596 2352; x_wconf 62' lang='lat' dir='ltr'>religaberis</span> <span class='ocrx_word' id='word_1_196' title='bbox 610 2275 756 2350; x_wconf 71' lang='lat' dir='ltr'>meuejide</span> <span class='ocrx_word' id='word_1_197' title='bbox 770 2284 892 2344; x_wconf 81' lang='lat' dir='ltr'>constet,</span> <span class='ocrx_word' id='word_1_198' title='bbox 916 2275 1033 2351; x_wconf 78' lang='lat' dir='ltr'>siquod</span> <span class='ocrx_word' id='word_1_199' title='bbox 1047 2275 1076 2331; x_wconf 85' lang='lat' dir='ltr'>r&#39;n</span> <span class='ocrx_word' id='word_1_200' title='bbox 1090 2277 1200 2333; x_wconf 77' lang='lat' dir='ltr'>aornim</span> <span class='ocrx_word' id='word_1_201' title='bbox 1213 2295 1271 2333; x_wconf 87' lang='lat' dir='ltr'>meo</span> 
     </span>
     <span class='ocr_line' id='line_1_21' title="bbox 120 2372 1272 2458; baseline 0 -22"><span class='ocrx_word' id='word_1_202' title='bbox 120 2379 283 2454; x_wconf 76' lang='lat' dir='ltr'>prudt‘grion</span> <span class='ocrx_word' id='word_1_203' title='bbox 298 2378 412 2458; x_wconf 80' lang='lat' dir='ltr'>efficere</span> <span class='ocrx_word' id='word_1_204' title='bbox 427 2378 560 2446; x_wconf 75' lang='lat' dir='ltr'>columb,</span> <span class='ocrx_word' id='word_1_205' title='bbox 584 2378 715 2453; x_wconf 64' lang='lat' dir='ltr'>nesiorum</span> <span class='ocrx_word' id='word_1_206' title='bbox 729 2378 839 2446; x_wconf 60' lang='lat' dir='ltr'>mcccc,</span> <span class='ocrx_word' id='word_1_207' title='bbox 861 2396 915 2453; x_wconf 80' lang='lat' dir='ltr'>ego</span> <span class='ocrx_word' id='word_1_208' title='bbox 930 2375 984 2434; x_wconf 79' lang='lat' dir='ltr'>aba·</span> <span class='ocrx_word' id='word_1_209' title='bbox 990 2375 1151 2452; x_wconf 77' lang='lat' dir='ltr'>praestabo.</span> <span class='ocrx_word' id='word_1_210' title='bbox 1198 2372 1272 2436; x_wconf 82' lang='lat' dir='ltr'>Erat</span> 
     </span>
     <span class='ocr_line' id='line_1_22' title="bbox 122 2474 1270 2559; baseline -0.001 -21"><span class='ocrx_word' id='word_1_211' title='bbox 122 2476 239 2539; x_wconf 86' lang='lat' dir='ltr'>inorbo</span> <span class='ocrx_word' id='word_1_212' title='bbox 256 2474 414 2539; x_wconf 81' lang='lat' dir='ltr'>Tiberiade</span> <span class='ocrx_word' id='word_1_213' title='bbox 431 2476 558 2538; x_wconf 81' lang='lat' dir='ltr'>luciosus</span> <span class='ocrx_word' id='word_1_214' title='bbox 572 2474 698 2559; x_wconf 88' lang='lat' dir='ltr'>quidam,</span> <span class='ocrx_word' id='word_1_215' title='bbox 722 2475 799 2538; x_wconf 91' lang='lat' dir='ltr'>nudo</span> <span class='ocrx_word' id='word_1_216' title='bbox 814 2494 937 2559; x_wconf 87' lang='lat' dir='ltr'>corpore</span> <span class='ocrx_word' id='word_1_217' title='bbox 953 2474 1198 2552; x_wconf 85' lang='lat' dir='ltr'>circumcursans,</span> <span class='ocrx_word' id='word_1_218' title='bbox 1222 2477 1270 2558; x_wconf 90' lang='lat' dir='ltr'>qui</span> 
     </span>
     <span class='ocr_line' id='line_1_23' title="bbox 121 2576 1271 2662; baseline -0.001 -21"><span class='ocrx_word' id='word_1_219' title='bbox 121 2600 187 2641; x_wconf 88' lang='lat' dir='ltr'>oum</span> <span class='ocrx_word' id='word_1_220' title='bbox 204 2578 323 2662; x_wconf 87' lang='lat' dir='ltr'>saepius</span> <span class='ocrx_word' id='word_1_221' title='bbox 338 2577 524 2656; x_wconf 86' lang='lat' dir='ltr'>indueretur,</span> <span class='ocrx_word' id='word_1_222' title='bbox 549 2588 581 2640; x_wconf 92' lang='lat' dir='ltr'>ut</span> <span class='ocrx_word' id='word_1_223' title='bbox 595 2576 738 2641; x_wconf 81' lang='lat' dir='ltr'>eiusmodi</span> <span class='ocrx_word' id='word_1_224' title='bbox 755 2577 901 2639; x_wconf 84' lang='lat' dir='ltr'>bominum</span> <span class='ocrx_word' id='word_1_225' title='bbox 919 2598 981 2638; x_wconf 81' lang='lat' dir='ltr'>nuos</span> <span class='ocrx_word' id='word_1_226' title='bbox 999 2587 1062 2654; x_wconf 88' lang='lat' dir='ltr'>est,</span> <span class='ocrx_word' id='word_1_227' title='bbox 1086 2589 1186 2639; x_wconf 85' lang='lat' dir='ltr'>restes</span> <span class='ocrx_word' id='word_1_228' title='bbox 1202 2599 1271 2641; x_wconf 89' lang='lat' dir='ltr'>suas</span> 
     </span>
     <span class='ocr_line' id='line_1_24' title="bbox 122 2676 1270 2764; baseline -0.001 -21"><span class='ocrx_word' id='word_1_229' title='bbox 122 2680 281 2743; x_wconf 79' lang='lat' dir='ltr'>lacerabat.</span> <span class='ocrx_word' id='word_1_230' title='bbox 312 2676 345 2741; x_wconf 91' lang='lat' dir='ltr'>lo</span> <span class='ocrx_word' id='word_1_231' title='bbox 360 2700 395 2742; x_wconf 90' lang='lat' dir='ltr'>ao</span> <span class='ocrx_word' id='word_1_232' title='bbox 410 2676 554 2764; x_wconf 75' lang='lat' dir='ltr'>Iosephus</span> <span class='ocrx_word' id='word_1_233' title='bbox 567 2700 642 2762; x_wconf 82' lang='lat' dir='ltr'>quse</span> <span class='ocrx_word' id='word_1_234' title='bbox 655 2699 709 2762; x_wconf 88' lang='lat' dir='ltr'>per</span> <span class='ocrx_word' id='word_1_235' title='bbox 722 2677 815 2743; x_wconf 66' lang='lat' dir='ltr'>usum</span> <span class='ocrx_word' id='word_1_236' title='bbox 828 2689 982 2763; x_wconf 87' lang='lat' dir='ltr'>acceperat</span> <span class='ocrx_word' id='word_1_237' title='bbox 995 2677 1127 2763; x_wconf 84' lang='lat' dir='ltr'>experiri</span> <span class='ocrx_word' id='word_1_238' title='bbox 1139 2679 1270 2762; x_wconf 79' lang='lat' dir='ltr'>gestiens</span> 
     </span>
     <span class='ocr_line' id='line_1_25' title="bbox 121 2777 1268 2864; baseline 0 -20"><span class='ocrx_word' id='word_1_239' title='bbox 121 2782 253 2845; x_wconf 88' lang='lat' dir='ltr'>dubitare</span> <span class='ocrx_word' id='word_1_240' title='bbox 278 2791 373 2844; x_wconf 86' lang='lat' dir='ltr'>tameo</span> <span class='ocrx_word' id='word_1_241' title='bbox 393 2780 541 2857; x_wconf 89' lang='lat' dir='ltr'>uonnibil,</span> <span class='ocrx_word' id='word_1_242' title='bbox 574 2803 608 2844; x_wconf 85' lang='lat' dir='ltr'>sc</span> <span class='ocrx_word' id='word_1_243' title='bbox 627 2780 737 2864; x_wconf 86' lang='lat' dir='ltr'>pudore</span> <span class='ocrx_word' id='word_1_244' title='bbox 755 2781 909 2844; x_wconf 86' lang='lat' dir='ltr'>retardari.</span> <span class='ocrx_word' id='word_1_245' title='bbox 955 2777 1136 2845; x_wconf 81' lang='lat' dir='ltr'>Confirmato</span> <span class='ocrx_word' id='word_1_246' title='bbox 1154 2783 1268 2844; x_wconf 84' lang='lat' dir='ltr'>taudem</span> 
     </span>
     <span class='ocr_line' id='line_1_26' title="bbox 120 2881 1270 2965; baseline 0.003 -20"><span class='ocrx_word' id='word_1_247' title='bbox 120 2883 219 2945; x_wconf 75' lang='lat' dir='ltr'>anino</span> <span class='ocrx_word' id='word_1_248' title='bbox 241 2883 318 2945; x_wconf 90' lang='lat' dir='ltr'>iutra</span> <span class='ocrx_word' id='word_1_249' title='bbox 340 2883 428 2945; x_wconf 83' lang='lat' dir='ltr'>aedes</span> <span class='ocrx_word' id='word_1_250' title='bbox 450 2881 582 2960; x_wconf 77' lang='lat' dir='ltr'>adducit,</span> <span class='ocrx_word' id='word_1_251' title='bbox 612 2892 643 2945; x_wconf 92' lang='lat' dir='ltr'>et</span> <span class='ocrx_word' id='word_1_252' title='bbox 657 2881 784 2945; x_wconf 83' lang='lat' dir='ltr'>occlusis</span> <span class='ocrx_word' id='word_1_253' title='bbox 802 2882 913 2945; x_wconf 88' lang='lat' dir='ltr'>loribus</span> <span class='ocrx_word' id='word_1_254' title='bbox 928 2903 1032 2965; x_wconf 86' lang='lat' dir='ltr'>squam</span> <span class='ocrx_word' id='word_1_255' title='bbox 1051 2881 1183 2947; x_wconf 88' lang='lat' dir='ltr'>manibus</span> <span class='ocrx_word' id='word_1_256' title='bbox 1200 2885 1270 2948; x_wconf 86' lang='lat' dir='ltr'>bau·</span> 
     </span>
     <span class='ocr_line' id='line_1_27' title="bbox 85 2982 1407 3069; baseline -0.001 -21"><span class='ocrx_word' id='word_1_257' title='bbox 85 3024 89 3031; x_wconf 92' lang='lat'>·</span> <span class='ocrx_word' id='word_1_258' title='bbox 119 2985 219 3063; x_wconf 88' lang='lat' dir='ltr'>rieus,</span> <span class='ocrx_word' id='word_1_259' title='bbox 251 2995 282 3047; x_wconf 90' lang='lat' dir='ltr'>et</span> <span class='ocrx_word' id='word_1_260' title='bbox 299 2993 445 3047; x_wconf 82' lang='lat' dir='ltr'>umentem</span> <span class='ocrx_word' id='word_1_261' title='bbox 461 2982 541 3047; x_wconf 87' lang='lat' dir='ltr'>illum</span> <span class='ocrx_word' id='word_1_262' title='bbox 561 3004 648 3047; x_wconf 85' lang='lat' dir='ltr'>eruce</span> <span class='ocrx_word' id='word_1_263' title='bbox 665 2984 868 3067; x_wconf 79' lang='lat' dir='ltr'>consignatum</span> <span class='ocrx_word' id='word_1_264' title='bbox 885 3005 1063 3069; x_wconf 83' lang='lat' dir='ltr'>aspergens,</span> <span class='ocrx_word' id='word_1_265' title='bbox 1094 2990 1129 3046; x_wconf 91' lang='lat' dir='ltr'>In</span> <span class='ocrx_word' id='word_1_266' title='bbox 1145 2991 1266 3059; x_wconf 65' lang='lat' dir='ltr'>nomam,</span> <span class='ocrx_word' id='word_1_267' title='bbox 1283 3007 1407 3059; x_wconf 63' lang='lat' dir='ltr'>scoquo.</span> 
     </span>
     <span class='ocr_line' id='line_1_28' title="bbox 119 3072 1268 3171; baseline -0.003 -20"><span class='ocrx_word' id='word_1_268' title='bbox 119 3085 227 3171; x_wconf 83' lang='lat' dir='ltr'>iuquit,</span> <span class='ocrx_word' id='word_1_269' title='bbox 248 3090 314 3147; x_wconf 85' lang='lat' dir='ltr'>lesu</span> <span class='ocrx_word' id='word_1_270' title='bbox 330 3072 630 3165; x_wconf 74' lang='lat' dir='ltr'>Nazarerir&#39;eroorflrr’</span> <span class='ocrx_word' id='word_1_271' title='bbox 641 3090 698 3160; x_wconf 75' lang='lat' dir='ltr'>eua&#39;,</span> <span class='ocrx_word' id='word_1_272' title='bbox 723 3089 849 3160; x_wconf 56' lang='lat' dir='ltr'>hemon,</span> <span class='ocrx_word' id='word_1_273' title='bbox 871 3089 908 3148; x_wconf 87' lang='lat' dir='ltr'>nb</span> <span class='ocrx_word' id='word_1_274' title='bbox 922 3090 975 3148; x_wconf 84' lang='lat' dir='ltr'>bor</span> <span class='ocrx_word' id='word_1_275' title='bbox 988 3090 1106 3160; x_wconf 80' lang='lat' dir='ltr'>horariae,</span> <span class='ocrx_word' id='word_1_276' title='bbox 1131 3092 1210 3168; x_wconf 73' lang='lat' dir='ltr'>isque</span> <span class='ocrx_word' id='word_1_277' title='bbox 1222 3109 1268 3147; x_wconf 86' lang='lat' dir='ltr'>so·</span> 
     </span>
     <span class='ocr_line' id='line_1_29' title="bbox 118 3185 1268 3272; baseline -0.001 -21"><span class='ocrx_word' id='word_1_278' title='bbox 118 3211 173 3251; x_wconf 79' lang='lat' dir='ltr'>sor</span> <span class='ocrx_word' id='word_1_279' title='bbox 184 3200 254 3251; x_wconf 82' lang='lat' dir='ltr'>orto.</span> <span class='ocrx_word' id='word_1_280' title='bbox 296 3185 346 3250; x_wconf 78' lang='lat' dir='ltr'>At</span> <span class='ocrx_word' id='word_1_281' title='bbox 359 3186 432 3249; x_wconf 83' lang='lat' dir='ltr'>baec</span> <span class='ocrx_word' id='word_1_282' title='bbox 448 3186 497 3250; x_wconf 92' lang='lat' dir='ltr'>ille</span> <span class='ocrx_word' id='word_1_283' title='bbox 512 3185 678 3250; x_wconf 88' lang='lat' dir='ltr'>vocileraus</span> <span class='ocrx_word' id='word_1_284' title='bbox 694 3198 724 3250; x_wconf 90' lang='lat' dir='ltr'>et</span> <span class='ocrx_word' id='word_1_285' title='bbox 738 3186 815 3250; x_wconf 86' lang='lat' dir='ltr'>humi</span> <span class='ocrx_word' id='word_1_286' title='bbox 832 3189 1036 3272; x_wconf 87' lang='lat' dir='ltr'>procumbens,</span> <span class='ocrx_word' id='word_1_287' title='bbox 1060 3198 1147 3272; x_wconf 83' lang='lat' dir='ltr'>atque</span> <span class='ocrx_word' id='word_1_288' title='bbox 1162 3209 1202 3251; x_wconf 86' lang='lat' dir='ltr'>ex</span> <span class='ocrx_word' id='word_1_289' title='bbox 1216 3209 1268 3250; x_wconf 89' lang='lat' dir='ltr'>ore</span> 
     </span>
     <span class='ocr_line' id='line_1_30' title="bbox 119 3287 1267 3375; baseline -0.003 -21"><span class='ocrx_word' id='word_1_290' title='bbox 119 3310 237 3375; x_wconf 88' lang='lat' dir='ltr'>spumas</span> <span class='ocrx_word' id='word_1_291' title='bbox 251 3309 343 3374; x_wconf 74' lang='lat' dir='ltr'>ageos</span> <span class='ocrx_word' id='word_1_292' title='bbox 356 3308 481 3372; x_wconf 86' lang='lat' dir='ltr'>seseque</span> <span class='ocrx_word' id='word_1_293' title='bbox 496 3288 638 3352; x_wconf 79' lang='lat' dir='ltr'>dilanians</span> <span class='ocrx_word' id='word_1_294' title='bbox 653 3287 701 3351; x_wconf 89' lang='lat' dir='ltr'>diu</span> <span class='ocrx_word' id='word_1_295' title='bbox 716 3290 876 3374; x_wconf 88' lang='lat' dir='ltr'>permansit</span> <span class='ocrx_word' id='word_1_296' title='bbox 889 3288 1054 3367; x_wconf 87' lang='lat' dir='ltr'>immobilis,</span> <span class='ocrx_word' id='word_1_297' title='bbox 1076 3300 1108 3352; x_wconf 89' lang='lat' dir='ltr'>ut</span> <span class='ocrx_word' id='word_1_298' title='bbox 1122 3301 1267 3352; x_wconf 88' lang='lat' dir='ltr'>mortuum</span> 
     </span>
     <span class='ocr_line' id='line_1_31' title="bbox 118 3388 1268 3478; baseline -0.002 -23"><span class='ocrx_word' id='word_1_299' title='bbox 118 3392 178 3455; x_wconf 87' lang='lat' dir='ltr'>ictu</span> <span class='ocrx_word' id='word_1_300' title='bbox 191 3411 260 3456; x_wconf 89' lang='lat' dir='ltr'>esso</span> <span class='ocrx_word' id='word_1_301' title='bbox 271 3388 414 3475; x_wconf 91' lang='lat' dir='ltr'>losepbos</span> <span class='ocrx_word' id='word_1_302' title='bbox 427 3390 573 3469; x_wconf 87' lang='lat' dir='ltr'>crederet,</span> <span class='ocrx_word' id='word_1_303' title='bbox 591 3392 684 3454; x_wconf 90' lang='lat' dir='ltr'>dooeo</span> <span class='ocrx_word' id='word_1_304' title='bbox 695 3391 850 3454; x_wconf 80' lang='lat' dir='ltr'>interiecto</span> <span class='ocrx_word' id='word_1_305' title='bbox 864 3392 954 3455; x_wconf 84' lang='lat' dir='ltr'>borae</span> <span class='ocrx_word' id='word_1_306' title='bbox 967 3393 1062 3478; x_wconf 89' lang='lat' dir='ltr'>spatio</span> <span class='ocrx_word' id='word_1_307' title='bbox 1075 3391 1185 3455; x_wconf 84' lang='lat' dir='ltr'>vultum</span> <span class='ocrx_word' id='word_1_308' title='bbox 1202 3411 1268 3474; x_wconf 90' lang='lat' dir='ltr'>per-</span> 
     </span>
     <span class='ocr_line' id='line_1_32' title="bbox 118 3489 1267 3557; baseline -0.003 -1"><span class='ocrx_word' id='word_1_309' title='bbox 118 3493 229 3557; x_wconf 76' lang='lat' dir='ltr'>fricans</span> <span class='ocrx_word' id='word_1_310' title='bbox 245 3494 388 3556; x_wconf 87' lang='lat' dir='ltr'>surrexit.</span> <span class='ocrx_word' id='word_1_311' title='bbox 434 3489 511 3556; x_wconf 82' lang='lat' dir='ltr'>Tum</span> <span class='ocrx_word' id='word_1_312' title='bbox 529 3513 562 3557; x_wconf 92' lang='lat' dir='ltr'>se</span> <span class='ocrx_word' id='word_1_313' title='bbox 582 3494 688 3556; x_wconf 87' lang='lat' dir='ltr'>nudum</span> <span class='ocrx_word' id='word_1_314' title='bbox 706 3493 942 3557; x_wconf 86' lang='lat' dir='ltr'>animadvertens</span> <span class='ocrx_word' id='word_1_315' title='bbox 960 3493 1108 3557; x_wconf 85' lang='lat' dir='ltr'>occultare</span> <span class='ocrx_word' id='word_1_316' title='bbox 1127 3512 1162 3554; x_wconf 87' lang='lat' dir='ltr'>ac</span> <span class='ocrx_word' id='word_1_317' title='bbox 1175 3492 1267 3553; x_wconf 86' lang='lat' dir='ltr'>mani-</span> 
     </span>
     <span class='ocr_line' id='line_1_33' title="bbox 116 3593 1263 3680; baseline -0.002 -21"><span class='ocrx_word' id='word_1_318' title='bbox 116 3595 173 3659; x_wconf 90' lang='lat' dir='ltr'>bus</span> <span class='ocrx_word' id='word_1_319' title='bbox 188 3595 320 3680; x_wconf 85' lang='lat' dir='ltr'>pudeudo</span> <span class='ocrx_word' id='word_1_320' title='bbox 335 3606 508 3680; x_wconf 82' lang='lat' dir='ltr'>protegere,</span> <span class='ocrx_word' id='word_1_321' title='bbox 533 3615 569 3657; x_wconf 94' lang='lat' dir='ltr'>eo</span> <span class='ocrx_word' id='word_1_322' title='bbox 586 3615 619 3658; x_wconf 87' lang='lat' dir='ltr'>se</span> <span class='ocrx_word' id='word_1_323' title='bbox 636 3595 733 3658; x_wconf 82' lang='lat' dir='ltr'>babitu</span> <span class='ocrx_word' id='word_1_324' title='bbox 748 3596 881 3680; x_wconf 85' lang='lat' dir='ltr'>corporis</span> <span class='ocrx_word' id='word_1_325' title='bbox 895 3616 962 3659; x_wconf 89' lang='lat' dir='ltr'>esse</span> <span class='ocrx_word' id='word_1_326' title='bbox 979 3593 1155 3679; x_wconf 84' lang='lat' dir='ltr'>permoleste</span> <span class='ocrx_word' id='word_1_327' title='bbox 1173 3595 1263 3657; x_wconf 88' lang='lat' dir='ltr'>lerre.</span> 
     </span>
     <span class='ocr_line' id='line_1_34' title="bbox 117 3694 1265 3783; baseline -0.001 -23"><span class='ocrx_word' id='word_1_328' title='bbox 117 3694 254 3781; x_wconf 82' lang='lat' dir='ltr'>Denique</span> <span class='ocrx_word' id='word_1_329' title='bbox 271 3707 354 3762; x_wconf 88' lang='lat' dir='ltr'>veste</span> <span class='ocrx_word' id='word_1_330' title='bbox 370 3697 407 3761; x_wconf 83' lang='lat' dir='ltr'>ab</span> <span class='ocrx_word' id='word_1_331' title='bbox 423 3696 549 3783; x_wconf 85' lang='lat' dir='ltr'>losepbo</span> <span class='ocrx_word' id='word_1_332' title='bbox 565 3718 607 3761; x_wconf 79' lang='lat' dir='ltr'>ex</span> <span class='ocrx_word' id='word_1_333' title='bbox 622 3696 658 3760; x_wconf 91' lang='lat' dir='ltr'>iis</span> <span class='ocrx_word' id='word_1_334' title='bbox 673 3718 795 3781; x_wconf 89' lang='lat' dir='ltr'>quarum</span> <span class='ocrx_word' id='word_1_335' title='bbox 812 3698 895 3782; x_wconf 83' lang='lat' dir='ltr'>copis</span> <span class='ocrx_word' id='word_1_336' title='bbox 912 3707 977 3760; x_wconf 90' lang='lat' dir='ltr'>erat</span> <span class='ocrx_word' id='word_1_337' title='bbox 990 3694 1115 3773; x_wconf 83' lang='lat' dir='ltr'>iniecto,</span> <span class='ocrx_word' id='word_1_338' title='bbox 1147 3695 1201 3759; x_wconf 88' lang='lat' dir='ltr'>sibi</span> <span class='ocrx_word' id='word_1_339' title='bbox 1218 3716 1265 3759; x_wconf 86' lang='lat' dir='ltr'>re·</span> 
     </span>
     <span class='ocr_line' id='line_1_35' title="bbox 116 3797 1262 3884; baseline -0.001 -22"><span class='ocrx_word' id='word_1_340' title='bbox 116 3798 235 3863; x_wconf 88' lang='lat' dir='ltr'>stitutus</span> <span class='ocrx_word' id='word_1_341' title='bbox 249 3798 405 3882; x_wconf 87' lang='lat' dir='ltr'>uoimoque</span> <span class='ocrx_word' id='word_1_342' title='bbox 420 3799 598 3883; x_wconf 84' lang='lat' dir='ltr'>compositus</span> <span class='ocrx_word' id='word_1_343' title='bbox 614 3819 733 3884; x_wconf 73' lang='lat' dir='ltr'>mugnus</span> <span class='ocrx_word' id='word_1_344' title='bbox 745 3798 785 3862; x_wconf 91' lang='lat' dir='ltr'>illi</span> <span class='ocrx_word' id='word_1_345' title='bbox 801 3799 959 3862; x_wconf 87' lang='lat' dir='ltr'>secuudum</span> <span class='ocrx_word' id='word_1_346' title='bbox 972 3802 1052 3858; x_wconf 60' lang='lat' dir='ltr'>hum</span> <span class='ocrx_word' id='word_1_347' title='bbox 1067 3797 1176 3880; x_wconf 78' lang='lat' dir='ltr'>gratiss</span> <span class='ocrx_word' id='word_1_348' title='bbox 1191 3798 1262 3882; x_wconf 76' lang='lat' dir='ltr'>egit,</span> 
     </span>
     <span class='ocr_line' id='line_1_36' title="bbox 116 3899 1263 3985; baseline 0 -22"><span class='ocrx_word' id='word_1_349' title='bbox 116 3899 201 3965; x_wconf 70' lang='lat' dir='ltr'>cuim</span> <span class='ocrx_word' id='word_1_350' title='bbox 218 3920 253 3963; x_wconf 86' lang='lat' dir='ltr'>se</span> <span class='ocrx_word' id='word_1_351' title='bbox 269 3899 414 3965; x_wconf 82' lang='lat' dir='ltr'>beneficio</span> <span class='ocrx_word' id='word_1_352' title='bbox 433 3901 586 3965; x_wconf 84' lang='lat' dir='ltr'>liberatum</span> <span class='ocrx_word' id='word_1_353' title='bbox 604 3911 798 3985; x_wconf 75' lang='lat' dir='ltr'>agnosceret,</span> <span class='ocrx_word' id='word_1_354' title='bbox 829 3900 1009 3983; x_wconf 87' lang='lat' dir='ltr'>eundemque</span> <span class='ocrx_word' id='word_1_355' title='bbox 1029 3909 1089 3961; x_wconf 87' lang='lat' dir='ltr'>tota</span> <span class='ocrx_word' id='word_1_356' title='bbox 1109 3900 1182 3963; x_wconf 88' lang='lat' dir='ltr'>urbe</span> <span class='ocrx_word' id='word_1_357' title='bbox 1198 3922 1263 3983; x_wconf 89' lang='lat' dir='ltr'>per-</span> 
     </span>
     <span class='ocr_line' id='line_1_37' title="bbox 115 3999 1264 4086; baseline -0.001 -21"><span class='ocrx_word' id='word_1_358' title='bbox 115 4000 259 4086; x_wconf 72' lang='lat' dir='ltr'>vulgarit.</span> <span class='ocrx_word' id='word_1_359' title='bbox 304 3999 350 4066; x_wconf 85' lang='lat' dir='ltr'>lta</span> <span class='ocrx_word' id='word_1_360' title='bbox 366 4001 540 4066; x_wconf 86' lang='lat' dir='ltr'>ludaeorum</span> <span class='ocrx_word' id='word_1_361' title='bbox 554 4003 683 4067; x_wconf 86' lang='lat' dir='ltr'>omniurn</span> <span class='ocrx_word' id='word_1_362' title='bbox 697 4003 744 4086; x_wconf 91' lang='lat' dir='ltr'>qui</span> <span class='ocrx_word' id='word_1_363' title='bbox 758 4001 824 4065; x_wconf 84' lang='lat' dir='ltr'>istie</span> <span class='ocrx_word' id='word_1_364' title='bbox 839 4013 925 4065; x_wconf 87' lang='lat' dir='ltr'>erant</span> <span class='ocrx_word' id='word_1_365' title='bbox 937 4020 1024 4065; x_wconf 88' lang='lat' dir='ltr'>aures</span> <span class='ocrx_word' id='word_1_366' title='bbox 1040 4000 1169 4066; x_wconf 86' lang='lat' dir='ltr'>miracoli</span> <span class='ocrx_word' id='word_1_367' title='bbox 1186 4001 1264 4065; x_wconf 88' lang='lat' dir='ltr'>illius</span> 
     </span>
     <span class='ocr_line' id='line_1_38' title="bbox 115 4102 1263 4188; baseline -0.001 -21"><span class='ocrx_word' id='word_1_368' title='bbox 115 4105 193 4167; x_wconf 86' lang='lat' dir='ltr'>lama</span> <span class='ocrx_word' id='word_1_369' title='bbox 210 4104 353 4188; x_wconf 80' lang='lat' dir='ltr'>pervasit.</span> <span class='ocrx_word' id='word_1_370' title='bbox 397 4102 448 4167; x_wconf 82' lang='lat' dir='ltr'>Ex</span> <span class='ocrx_word' id='word_1_371' title='bbox 467 4125 525 4186; x_wconf 87' lang='lat' dir='ltr'>qno</span> <span class='ocrx_word' id='word_1_372' title='bbox 543 4126 643 4168; x_wconf 85' lang='lat' dir='ltr'>rumor</span> <span class='ocrx_word' id='word_1_373' title='bbox 659 4104 764 4188; x_wconf 80' lang='lat' dir='ltr'>ingeus</span> <span class='ocrx_word' id='word_1_374' title='bbox 780 4102 976 4187; x_wconf 87' lang='lat' dir='ltr'>percrebruit,</span> <span class='ocrx_word' id='word_1_375' title='bbox 999 4104 1040 4167; x_wconf 83' lang='lat' dir='ltr'>itu</span> <span class='ocrx_word' id='word_1_376' title='bbox 1054 4103 1112 4167; x_wconf 91' lang='lat' dir='ltr'>illis</span> <span class='ocrx_word' id='word_1_377' title='bbox 1129 4104 1263 4169; x_wconf 88' lang='lat' dir='ltr'>iactanti·</span> 
     </span>
     <span class='ocr_line' id='line_1_39' title="bbox 115 4203 1263 4292; baseline -0.001 -23"><span class='ocrx_word' id='word_1_378' title='bbox 115 4204 189 4269; x_wconf 75' lang='lat' dir='ltr'>bus:</span> <span class='ocrx_word' id='word_1_379' title='bbox 214 4203 356 4292; x_wconf 84' lang='lat' dir='ltr'>losepbos</span> <span class='ocrx_word' id='word_1_380' title='bbox 372 4216 474 4290; x_wconf 85' lang='lat' dir='ltr'>operto</span> <span class='ocrx_word' id='word_1_381' title='bbox 488 4207 700 4291; x_wconf 76' lang='lat' dir='ltr'>gazophylacio</span> <span class='ocrx_word' id='word_1_382' title='bbox 714 4206 853 4290; x_wconf 85' lang='lat' dir='ltr'>scripturn</span> <span class='ocrx_word' id='word_1_383' title='bbox 871 4203 918 4269; x_wconf 90' lang='lat' dir='ltr'>tlei</span> <span class='ocrx_word' id='word_1_384' title='bbox 936 4226 1041 4270; x_wconf 88' lang='lat' dir='ltr'>nomeu</span> <span class='ocrx_word' id='word_1_385' title='bbox 1057 4205 1188 4284; x_wconf 79' lang='lat' dir='ltr'>invenit,</span> <span class='ocrx_word' id='word_1_386' title='bbox 1211 4227 1263 4270; x_wconf 87' lang='lat' dir='ltr'>eo-</span> 
     </span>
     <span class='ocr_line' id='line_1_40' title="bbox 116 4305 1263 4393; baseline 0 -23"><span class='ocrx_word' id='word_1_387' title='bbox 116 4328 174 4392; x_wconf 89' lang='lat' dir='ltr'>que</span> <span class='ocrx_word' id='word_1_388' title='bbox 191 4307 268 4370; x_wconf 88' lang='lat' dir='ltr'>leetu</span> <span class='ocrx_word' id='word_1_389' title='bbox 285 4307 405 4371; x_wconf 77' lang='lat' dir='ltr'>osiribea</span> <span class='ocrx_word' id='word_1_390' title='bbox 422 4318 555 4392; x_wconf 90' lang='lat' dir='ltr'>portenta</span> <span class='ocrx_word' id='word_1_391' title='bbox 573 4329 608 4371; x_wconf 86' lang='lat' dir='ltr'>oc</span> <span class='ocrx_word' id='word_1_392' title='bbox 623 4307 754 4393; x_wconf 84' lang='lat' dir='ltr'>prodigis</span> <span class='ocrx_word' id='word_1_393' title='bbox 771 4307 848 4371; x_wconf 87' lang='lat' dir='ltr'>lacit.</span> <span class='ocrx_word' id='word_1_394' title='bbox 893 4305 998 4393; x_wconf 89' lang='lat' dir='ltr'>Neque</span> <span class='ocrx_word' id='word_1_395' title='bbox 1015 4310 1089 4373; x_wconf 86' lang='lat' dir='ltr'>lulso</span> <span class='ocrx_word' id='word_1_396' title='bbox 1108 4309 1164 4374; x_wconf 84' lang='lat' dir='ltr'>isto</span> <span class='ocrx_word' id='word_1_397' title='bbox 1180 4310 1263 4372; x_wconf 88' lang='lat' dir='ltr'>dille-</span> 
     </span>
     <span class='ocr_line' id='line_1_41' title="bbox 115 4406 1263 4497; baseline 0 -25"><span class='ocrx_word' id='word_1_398' title='bbox 115 4406 267 4488; x_wconf 85' lang='lat' dir='ltr'>rebautur,</span> <span class='ocrx_word' id='word_1_399' title='bbox 286 4410 341 4473; x_wconf 82' lang='lat' dir='ltr'>etsi</span> <span class='ocrx_word' id='word_1_400' title='bbox 356 4432 414 4473; x_wconf 92' lang='lat' dir='ltr'>non</span> <span class='ocrx_word' id='word_1_401' title='bbox 429 4431 464 4473; x_wconf 90' lang='lat' dir='ltr'>eo</span> <span class='ocrx_word' id='word_1_402' title='bbox 479 4430 536 4495; x_wconf 94' lang='lat' dir='ltr'>quo</span> <span class='ocrx_word' id='word_1_403' title='bbox 547 4410 589 4472; x_wconf 89' lang='lat' dir='ltr'>illi</span> <span class='ocrx_word' id='word_1_404' title='bbox 603 4409 825 4497; x_wconf 82' lang='lat' dir='ltr'>suspicabantur</span> <span class='ocrx_word' id='word_1_405' title='bbox 835 4411 920 4473; x_wconf 89' lang='lat' dir='ltr'>modo</span> <span class='ocrx_word' id='word_1_406' title='bbox 936 4413 1131 4497; x_wconf 81' lang='lat' dir='ltr'>contigerant.</span> <span class='ocrx_word' id='word_1_407' title='bbox 1169 4409 1263 4473; x_wconf 88' lang='lat' dir='ltr'>loter-</span> 
     </span>
    </p>
   </div>
   <div class='ocr_carea' id='block_1_3' title="bbox 148 4541 1060 4698">
    <p class='ocr_par' dir='ltr' id='par_1_3' title="bbox 148 4541 1060 4698">
     <span class='ocr_line' id='line_1_42' title="bbox 148 4541 947 4613; baseline 0.004 -17"><span class='ocrx_word' id='word_1_408' title='bbox 148 4541 174 4596; x_wconf 76' lang='grc' dir='ltr'>ὃ.</span> <span class='ocrx_word' id='word_1_409' title='bbox 192 4541 297 4610; x_wconf 70' lang='lat' dir='ltr'>opum</span> <span class='ocrx_word' id='word_1_410' title='bbox 313 4548 364 4596; x_wconf 80' lang='lat' dir='ltr'>rod.</span> <span class='ocrx_word' id='word_1_411' title='bbox 382 4550 454 4599; x_wconf 71' lang='lat' dir='ltr'>tutte.</span> <span class='ocrx_word' id='word_1_412' title='bbox 487 4543 584 4613; x_wconf 70' lang='grc' dir='ltr'>ἔκρυψε</span> <span class='ocrx_word' id='word_1_413' title='bbox 598 4548 650 4599; x_wconf 84' lang='lat' dir='ltr'>cod.</span> <span class='ocrx_word' id='word_1_414' title='bbox 666 4549 761 4610; x_wconf 68' lang='lat' dir='ltr'>Rhodia.</span> <span class='ocrx_word' id='word_1_415' title='bbox 778 4552 799 4597; x_wconf 85' lang='lat' dir='ltr'>et</span> <span class='ocrx_word' id='word_1_416' title='bbox 815 4549 872 4598; x_wconf 74' lang='lat' dir='ltr'>editt</span> <span class='ocrx_word' id='word_1_417' title='bbox 886 4550 947 4599; x_wconf 80' lang='lat' dir='ltr'>ttbra‘.</span> 
     </span>
     <span class='ocr_line' id='line_1_43' title="bbox 167 4624 1060 4698; baseline 0.002 -27"><span class='ocrx_word' id='word_1_418' title='bbox 167 4624 255 4684; x_wconf 75' lang='lat' dir='ltr'>corpus</span> <span class='ocrx_word' id='word_1_419' title='bbox 267 4626 400 4672; x_wconf 72' lang='lat' dir='ltr'>Bumcol.</span> <span class='ocrx_word' id='word_1_420' title='bbox 415 4628 443 4673; x_wconf 89' lang='lat'>11.</span> <span class='ocrx_word' id='word_1_421' title='bbox 943 4629 954 4649; x_wconf 76' lang='lat'><strong>⁹</strong></span> <span class='ocrx_word' id='word_1_422' title='bbox 1022 4639 1060 4698; x_wconf 77' lang='lat'>17</span> 
     </span>
    </p>
   </div>
   <div class='ocr_carea' id='block_1_4' title="bbox 0 0 1528 5084">
    <p class='ocr_par' dir='ltr' id='par_1_4' title="bbox 0 0 1528 5084">
     <span class='ocr_line' id='line_1_44' title="bbox 0 0 1528 5084; baseline 0 2"><span class='ocrx_word' id='word_1_423' title='bbox 0 0 1528 5084; x_wconf 95' lang='lat' dir='ltr'> </span> 
     </span>
    </p>
   </div>
  </div>
 </body>
</html>
