3046 5084
362 365 979 422 rautnumunerarentnuonnuo.
1187 354 1246 418 681

97 499 184 568 potu,
214 499 267 550 eut
288 492 319 551 in
338 489 431 569 sesto,
462 493 564 575 mair
590 492 750 562 mnsam,
780 494 810 549 e't
833 488 966 561 subbato,
997 502 1069 568 quoe
1088 497 1132 548 eat
1151 488 1250 569 umbro

97 593 272 671 summram.
525 591 531 606 '

186 691 288 755 llelot.
307 688 321 755 l
343 703 373 755 et
389 687 548 756 XXXlX‘.
593 690 700 775 Neque
723 689 839 754 aliunde
861 709 946 776 qoam
965 711 984 753 a
1004 710 1128 776 empore
1151 692 1251 754 umbra

100 798 264 879 spargitur,
289 814 384 878 neque
404 815 511 880 eorpus
535 815 604 860 esse
621 803 734 880 potest,
759 794 827 878 quin
846 793 882 857 ab
904 813 941 856 eo
959 793 1061 861 umbra
1083 803 1247 878 promanat.

102 894 299 979 Quamobrem
318 917 357 959 ex
380 895 528 980 illisionis
548 896 681 961 veritatis
704 916 740 959 ao
760 916 910 959 sacrarum
935 895 1085 959 literarum
1106 895 1248 980 reliquiis,

100 1020 173 1082 quas
188 999 263 1082 apud
280 1009 309 1061 te
324 998 448 1077 retines,
473 999 588 1063 diseere
604 998 795 1063 circumventi
812 997 863 1061 ebs
880 1008 909 1061 te
925 997 1057 1061 bomines
1072 997 1191 1077 debent,
1213 999 1249 1061 ab

99 1101 138 1164 iis
154 1101 239 1164 bonis
257 1121 331 1185 qnae
347 1102 505 1184 retegendo
523 1102 591 1165 olim
610 1113 707 1179 erant,
731 1100 868 1165 mandata
883 1099 932 1163 illa
948 1119 1130 1183 nequaquam
1145 1098 1249 1164 abbor-

100 1203 196 1268 ruisse
222 1224 296 1287 quae
323 1204 358 1265 de
382 1203 447 1266 eibo
472 1225 507 1266 ao
528 1215 613 1287 potn,
643 1204 728 1266 lestis
750 1223 785 1266 ae
808 1203 971 1266 neomeniis
995 1213 1024 1265 et
1047 1201 1175 1265 sabbatis
1196 1224 1249 1288 pro

100 1306 240 1391 temporis
260 1307 375 1370 ratione
396 1307 575 1392 praescripta
595 1316 680 1384 sont,
704 1326 825 1391 quarum
844 1325 898 1368 uos
919 1304 1086 1368 umbrarum
1108 1305 1250 1369 benebeio

100 1408 297 1493 praesentium
317 1409 477 1487 bonorum,
502 1419 534 1473 ut
550 1409 590 1472 ita
608 1408 721 1487 dieam,
745 1427 852 1492 eorpus
872 1407 967 1492 adepti
988 1428 1104 1485 sumus,
1128 1408 1249 1492 quaein

100 1512 165 1595 lege
187 1511 356 1575 adumbrata
378 1521 526 1597 postremo
547 1511 577 1574 in
600 1507 720 1576 Cbristo
742 1511 873 1596 perlecta
895 1519 974 1573 sunt.

269 1700 312 1750 DE
331 1699 491 1751 urtsuotm
509 1699 555 1749 tx.
561 1734 569 1759 ,
592 1699 684 1761 QUAE
702 1699 765 1749 EST
783 1700 827 1748 AD
849 1697 1080 1749 rtttuutuottutt.

183 1817 250 1882 Hoe
269 1820 346 1882 illam
362 1819 466 1882 ordine
479 1815 596 1881 Marcio
615 1818 785 1896 roboravit,
810 1839 875 1881 eum
892 1817 1041 1901 apostolus
1062 1817 1162 1880 ultimo
1185 1818 1249 1881 loco

100 1922 242 2007 posuerit.
290 1918 350 1985 Sed
372 1921 401 1983 in
424 1920 571 1984 nonnullis
591 1919 739 1984 eodieibus
757 1917 847 1984 ΧΙΙΙ.
869 1929 936 1982 ante
959 1919 1109 2004 epistolam
1135 1921 1170 1983 ad
1188 1918 1250 1984 tte-

100 2025 224 2102 braeos,
248 2044 322 2108 quae
346 2032 391 2085 est
414 2020 517 2101 XlV.,
542 2032 722 2086 numeratur.
768 2020 836 2085 Alia
861 2042 962 2084 rursus
987 2021 1167 2105 exemplaria
1189 2022 1250 2107 epi·

100 2127 205 2190 stolam
222 2126 258 2188 ad
276 2125 431 2190 Hebraeos
450 2125 592 2188 dedimam
608 2135 734 2210 ponunt,
759 2135 826 2186 ante
846 2121 869 2186 l.
889 2134 919 2187 et
937 2120 979 2186 ll.
997 2123 1032 2187 ad
1047 2122 1247 2204 Timotheum,

101 2230 136 2292 ad
156 2227 275 2306 Titum,
307 2240 336 2291 et
361 2225 573 2290 Philemonem.
620 2224 681 2291 set
708 2227 842 2310 quioquid
867 2237 913 2288 est
935 2226 1115 2310 integrorum
1138 2246 1172 2290 ao
1193 2226 1249 2289 fide

101 2331 254 2415 dignorum
271 2330 402 2393 eodienm
420 2330 539 2415 primam
557 2331 594 2394 ed
608 2327 759 2393 Romanoa
775 2329 927 2414 epistolam
945 2329 1085 2406 eollooat,
1111 2351 1168 2392 non
1184 2350 1249 2392 eam

101 2453 175 2518 qnae
191 2433 227 2496 ad
244 2431 366 2496 Galatas
383 2442 447 2509 est,
470 2453 555 2515 quam
576 2443 608 2496 tn
622 2432 742 2517 primam
763 2451 841 2509 esse,
866 2428 992 2510 Marcio,
1016 2432 1146 2495 voluisti.
1192 2427 1251 2498 Ce-

101 2547 195 2599 terum
213 2534 283 2597 nibil
303 2542 345 2598 ex
361 2533 484 2619 epistola
502 2535 537 2597 ad
555 2531 755 2599 Philemonem
778 2532 998 2613 adnotavimus,
1023 2533 1097 2618 quod
1119 2534 1194 2619 apud
1215 2534 1250 2599 il-

101 2638 158 2702 lnm
183 2637 301 2701 omnino
323 2638 481 2721 depravata
503 2636 621 2720 legitur.

378 2826 426 2875 EX
444 2825 604 2876 ttrtsTOLa
622 2825 667 2874 AD
684 2823 917 2875 rtttutrt’uttsus
935 2824 970 2876 X.

185 2945 269 3009 lineo
286 2945 364 3009 enim
381 2945 456 3029 apud
471 2941 655 3008 Marcionem
671 2943 782 3008 decima
798 2954 845 3007 est
859 2956 888 3007 et
905 2944 1018 3024 ultimo,
1041 2945 1115 3028 apud
1132 2958 1248 3033 aposto·

100 3051 159 3114 lnnr
177 3059 275 3113 sexta.
320 3047 368 3112 nt
389 3048 460 3126 buo,
485 3047 559 3131 qood
580 3046 681 3110 vitiata
704 3046 820 3130 penitus
841 3059 921 3111 esset
943 3068 977 3111 ao
1002 3061 1154 3134 corrupta,
1178 3051 1249 3115 nibil

100 3152 280 3235 seligendum
304 3151 451 3214 duximus.

186 3251 337 3317 llaetenns
352 3249 515 3316 Marcionis
539 3273 611 3336 opus
631 3272 672 3316 ex
690 3253 835 3335 evangelii
851 3249 954 3316 Lucae
977 3264 1007 3316 et
1030 3255 1153 3340 apostoli
1176 3255 1249 3318 seri-

100 3369 215 3443 ptornm
240 3378 276 3419 ao
298 3355 423 3439 denique
444 3376 594 3419 sacrorum
614 3352 793 3419 voluminum
816 3354 946 3437 reliqniis
971 3367 1153 3421 contextum.
1200 3356 1249 3422 Ex

101 3460 206 3545 quibus
229 3459 269 3523 ab·
290 3479 326 3522 eo
350 3458 463 3522 relictis
487 3456 731 3543 particulisqnae
748 3456 785 3520 ud
801 3457 879 3520 illum
898 3457 1129 3523 convincendum
1152 3462 1248 3525 lasere

101 3573 238 3649 poterant
253 3561 426 3646 delegimus.
471 3557 597 3624 Praeter
611 3546 771 3624 baeovero
788 3581 829 3622 ex
844 3579 878 3623 ea
899 3580 974 3644 quae
995 3562 1031 3625 ad
1048 3559 1248 3629 [laodicenses

101 3665 240 3750 inscripta
258 3675 304 3728 est
321 3663 443 3750 epistola
458 3663 599 3747 quaedam
621 3663 652 3727 in
668 3683 734 3727 eum
753 3661 858 3726 librum
874 3683 959 3746 quem
977 3664 1178 3749 Apostolioum
1196 3689 1249 3734 vo·

101 3779 149 3833 eat
170 3767 328 3831 transtulit.

186 3867 287 3934 Sebol.
305 3867 319 3933 l
339 3881 369 3933 et
389 3867 462 3934 XL.
511 3875 587 3933 Unus
609 3875 752 3943 domninus,
785 3892 840 3931 uno
861 3873 955 3951 fides,
990 3893 1073 3934 onom
1100 3875 1245 3955 baptisma,
1261 3895 1388 3955 eptas.

100 3971 173 4036 unus
190 3976 335 4047 cnutus,
360 3995 433 4036 unus
448 3978 519 4036 deus
536 3985 567 4035 et
581 3986 667 4056 puter
688 3977 824 4046 omnium,
849 3977 997 4055 qut‘snper
1018 3979 1125 4050 omnib,
1150 3989 1180 4039 et
1195 4000 1250 4059 per

100 4081 207 4150 meib,
232 4088 260 4137 et
280 4081 310 4138 in
331 4078 468 4139 omm'dus.
1111 4092 1114 4099 '

184 4176 285 4242 Relnt.
303 4174 317 4241 l
333 4188 364 4242 et
375 4174 448 4242 xlx.
483 4173 682 4244 Consentiunt
698 4199 762 4243 enm
778 4178 815 4242 iis
831 4179 948 4265 quaein
965 4180 1088 4265 epistola
1102 4181 1138 4246 ad
1150 4180 1247 4269 Ephe·

101 4281 175 4364 sios,
197 4281 334 4366 leguntur
349 4302 424 4365 quae
441 4302 482 4345 ex
498 4280 623 4366 epistola
639 4283 675 4346 ad
689 4279 876 4346 Laodicenos
898 4281 955 4366 (sie
973 4281 1049 4346 enim
1065 4285 1245 4369 inscribitur)

101 4393 207 4450 oontm
221 4395 250 4448 te
268 4382 432 4449 testimonio
453 4383 617 4470 protulisti3
641 4394 673 4448 nt
693 4384 724 4448 in
747 4384 804 4448 line
827 4386 944 4450 taudem
961 4406 1037 4469 qnae
1053 4387 1090 4453 ad
1106 4399 1135 4453 te
1157 4391 1246 4476 perti·

134 4553 176 4608 so.
192 4557 257 4608 nm
268 4532 344 4609 'vem
357 4557 429 4621 nme
444 4556 573 4608 tumeam
