3046 5084
195 317 255 379 608
617 326 922 377 ειοιστιεειειιινιι

193 447 301 529 λέγειν,
324 445 374 508 καὶ
391 441 483 508 αῦτοῦ
498 444 631 528 λέγοντος
647 450 699 507 τοῦ
716 450 862 527 σωτῆρος,
885 445 928 506 Et
943 450 1063 532 Μωυσῇ
1081 443 1263 529 έπιστεάετε,
1285 448 1342 513 ἐπι-

195 546 307 611 στεύετε
329 545 367 611 άν
388 549 438 610 καί
461 549 538 628 ἐμοί·
562 548 672 620 ἐκεῖνος
693 544 748 630 γάρ
772 548 840 631 περὶ
861 548 934 628 ἐμοῦ
956 548 1075 632 ἐγραψε.

278 750 363 834 Σχόλ.
377 750 431 833 κη’.
463 748 526 815 Οάκ
541 748 605 832 εἶχε,
629 750 688 815 Διά
703 758 787 816 τοῦτο
803 748 883 815 εἶπεν
896 748 918 833 ἦ
932 756 1023 833 σοφία
1035 759 1089 817 τοῦ
1101 758 1189 831 θεοῦ,
1214 751 1344 819 83Ἀπο-

193 856 296 919 στέλλω
313 857 353 928 είς
370 852 478 929 αότοῦς
496 852 664 938 προφήτας·
687 855 822 939 καὶπερὶ
840 858 964 935 αἵματος
983 860 1131 941 Ζαχαρίου
1150 854 1345 939 ο’ἐιιαὶῗίβελ

193 961 243 1023 καλ
264 966 323 1022 τῶν
344 964 520 1042 προφητῶν,
544 956 603 1032 ότι,
626 954 876 1038 Ἐκζητηθήσεται
898 954 957 1021 ἀπό
980 966 1033 1040 τῆς
1053 964 1154 1043 γενεῦς
1175 957 1294 1041 ταῦτης.

267 1058 385 1145 Ἔλεγγ.
401 1058 456 1140 κη’.
490 1060 550 1121 Καὶ
567 1056 707 1145 ἐντούτῳ
726 1081 772 1123 σοι
790 1056 882 1141 πολλὴ
898 1058 1037 1142 αἰσχύνη,
1060 1054 1085 1125 ά
1101 1066 1270 1145 Μαρκίων,
1292 1068 1345 1127 τοῦ

192 1171 373 1247 χαρακτῆρος
390 1170 442 1244 τῆς
459 1159 598 1242 ἀληθείας
614 1162 793 1242 σωζομένου,
815 1164 866 1226 καὶ
881 1169 934 1243 τῆς
946 1170 1130 1247 παρεκτομῆς
1144 1170 1204 1229 τῶν
1219 1162 1344 1247 κλεμμά·

192 1293 250 1329 των
266 1288 320 1331 σου
337 1261 558 1349 εόρισκομένης,
582 1260 641 1326 ἀπό
659 1270 712 1327 τοῦ
728 1261 911 1349 ἀντιγράφου
927 1272 978 1330 τοῦ
994 1262 1069 1329 κατά
1086 1272 1213 1331 Λουκῦν
1228 1264 1343 1353 εῦαγγε-

192 1372 256 1433 λίου
272 1375 330 1431 τῶν
347 1366 446 1432 τόπων
463 1364 694 1450 εὑρισκομένων,
717 1368 767 1430 καλ
784 1374 843 1431 τῶν
859 1366 939 1452 παρά
956 1374 1010 1434 σοῦ
1025 1365 1252 1452 ἀφαιρεθέντων
1269 1372 1344 1455 έλεγ-

192 1472 331 1553 χομένων.

276 1570 360 1654 Σχόλ.
378 1570 438 1635 κθ.
470 1571 557 1655 Λέγω
582 1572 614 1635 δὲ
635 1580 697 1647 τοῖς
721 1575 818 1651 φίλοις
839 1598 914 1654 μου,
944 1570 1002 1655 Μὴ
1024 1576 1183 1657 φοβηθῆτε
1205 1572 1267 1641 ἀπό
1286 1582 1344 1641 τῦν

192 1673 425 1740 ἀποκτεινόντων
443 1671 476 1738 τό
493 1680 592 1755 σῶμα,
623 1672 780 1755 φοβήθητε
799 1675 830 1739 δὲ
846 1673 896 1739 τόν
913 1673 983 1757 μετά
1001 1673 1034 1741 τό
1053 1674 1226 1743 ἀποκτεῖναι
1241 1680 1344 1761 έχοντα

195 1776 292 1859 Μτήν
314 1780 447 1854 ἐξουσίαν
469 1779 567 1857 βαλεῖν
590 1778 630 1851 είς
647 1779 775 1861 γέενναν.
822 1775 886 1843 Οιίκ
905 1774 959 1860 εἶχε
978 1779 1025 1856 δέ,
1050 1776 1121 1861 Οῦγί
1138 1780 1229 1845 πέντε
1241 1800 1343 1865 στρου-

193 1886 246 1945 θία
265 1878 411 1963 ἀσσαρίων
428 1876 482 1943 δύο
504 1886 701 1959 ἐόπωλεῖται,
724 1882 775 1944 καὶ
788 1884 823 1944 ’ὲν
838 1882 867 1957 έξ
883 1877 981 1945 αὐτῶν
995 1877 1049 1947 οῦκ
1066 1883 1146 1945 ἐστιν
1160 1883 1343 1966 έπιλελησμέ·

194 2010 245 2049 νον
268 1982 394 2049 ἐνάπιον
414 1988 468 2046 τοῦ
488 1989 579 2059 θεοῦς

268 2083 385 2170 Ἔλεγχ.
401 2083 460 2148 κθ.
499 2084 554 2162 Τό,
576 2086 665 2169 Λέγω
683 2083 738 2169 ἐγοί
754 2094 815 2161 τοῖς
827 2089 925 2165 φίλοις
939 2112 1012 2167 μου,
1033 2082 1091 2168 Μὴ
1106 2089 1268 2169 φοβηθῆτε
1283 2084 1342 2153 άπό

193 2196 251 2253 τῶν
266 2186 499 2254 ἀποκτεινόντων
513 2185 545 2251 τό
560 2194 654 2268 σῶμα,
677 2186 832 2269 φοβήθητε
845 2189 878 2253 δέ
893 2187 945 2253 τόν
959 2191 1061 2271 έχοντα
1075 2190 1211 2265 ἐξουσίαν
1223 2188 1257 2255 τό
1272 2188 1342 2273 μετά

193 2291 224 2355 τό
242 2288 411 2356 ἀποκτεῖναι
427 2288 459 2355 τό
478 2298 562 2371 σῶμα
577 2287 630 2371 τόν
645 2288 745 2371 ψυχὴν
760 2294 857 2372 βαλεῖν
871 2293 913 2367 είς
929 2292 1058 2375 γέενναν,
1081 2288 1238 2377 ἀναγκάζει
1252 2314 1295 2371 σε,
1317 2284 1342 2357 τί

195 2400 356 2476 Μαρκίων,
386 2397 437 2458 καὶ
459 2392 495 2458 τά
519 2394 585 2473 ἑξῆς
605 2400 658 2473 τῆς
680 2396 852 2476 παραβολῆς
874 2390 1061 2477 ὁμολογῆσαι.
1094 2390 1187 2459 Ἀνευ
1209 2394 1267 2481 γάρ
1288 2402 1340 2461 τοῦ

193 2505 267 2561 θεοῦ
283 2495 369 2562 οῦδὲν
383 2502 501 2582 γίνεται,
522 2493 579 2559 κίίν
594 2492 707 2583 ἐπάρης
721 2492 753 2559 τό
771 2496 839 2581 περὶ
854 2502 913 2560 τῶν
927 2500 1102 2581 στρουθίων.
1144 2492 1340 2585 Ἀπολόγησαι

193 2592 247 2664 οῦν
264 2602 328 2683 περὶ
347 2606 405 2665 τῶν
421 2602 509 2685 ἐντῷ
525 2601 605 2686 ῥητῷ
620 2598 876 2677 καταλειφθέντων
890 2594 950 2663 ῦπό
967 2606 1040 2677 σοῦ,
1062 2588 1087 2663 τί
1104 2604 1270 2685 Μαρκίων,
1291 2602 1338 2667 καί

192 2699 350 2785 ἀπόκριναι
369 2700 441 2785 η’μῖν
465 2705 491 2765 τί
511 2704 615 2788 διανοῇ
637 2702 704 2784 περὶ
726 2710 779 2765 τοῦ
798 2704 932 2778 έξουσίαν
950 2702 1076 2785 ἔχοντος.
1120 2704 1163 2767 El
1176 2700 1234 2790 γάρ
1250 2706 1341 2787 φαίης

193 2802 283 2869 αὐτόν
298 2801 372 2870 εἷναι
387 2802 439 2869 τόν
455 2805 566 2889 πατέρα
582 2810 636 2868 τοῦ
655 2809 801 2886 Χριστοῦ,
831 2800 883 2869 τόν
898 2804 948 2869 καί
967 2802 1049 2889 παρά
1064 2806 1114 2871 σολ
1127 2802 1248 2891 ἀγαθόν
1261 2814 1336 2893 λεγο-

192 2933 279 2988 μενον
300 2905 390 2985 θεόν,
420 2909 447 2970 εί
464 2910 515 2971 καί
532 2913 630 2982 κακῶς
646 2910 781 2990 διαιρεῖς,
811 2904 907 2988 ὅμως,
937 2904 1038 2989 έπειδιξ
1054 2906 1180 2991 ἐγειτην
1196 2910 1339 2989 ἐξουσίαν,

191 3011 322 3083 δέδωκας
339 3006 429 3074 αάτόν
447 3008 549 3093 κριτὴν
566 3006 637 3074 όντα
654 3010 705 3073 καλ
720 3006 831 3097 ἐκάστφ
846 3010 971 3091 νέμοντα
987 3006 1098 3075 τάττετ’
1113 3006 1209 3089 άξίιιν.
1252 3014 1296 3077 Et
1308 3010 1340 3077 δέ

191 3109 227 3177 οῦ
243 3119 327 3177 τοῦτο
344 3113 449 3196 λέγεις,
471 3109 542 3176 ἀλλά
558 3110 609 3177 τόν
627 3108 806 3196 δημιουργόν
822 3109 873 3176 τόν
888 3110 970 3198 παρά
985 3114 1034 3179 σολ
1047 3111 1137 3193 φάσει
1151 3110 1255 3197 κριτὴν
1269 3110 1338 3203 93³6-

191 3241 293 3297 μενον,
323 3216 385 3300 λέγε
407 3242 457 3297 μοι
478 3212 633 3302 τίςτοῦτφ
651 3215 762 3279 δέδωκε
783 3213 836 3297 τὴν
853 3216 994 3292 ἐξουσίαν.
1038 3218 1081 3281 El
1093 3214 1150 3302 γάρ
1168 3212 1221 3299 ἀφ’
1233 3216 1338 3283 ἐαυτοῦ

191 3320 263 3400 ἔχει,
292 3314 349 3397 ἀρα
371 3319 461 3403 μέγας
483 3319 559 3395 ἐστὶ,
587 3318 637 3381 καί
654 3319 787 3393 ἐξουσίαν
803 3319 874 3399 ἔχει·
905 3320 932 3381 εέ
947 3318 979 3383 ῦέ
997 3324 1050 3383 τοῦ
1067 3322 1178 3404 κρίνειν
1194 3320 1337 3399 ἐξουσίαν,

192 3424 247 3502 ἔχει
264 3422 314 3485 καί
329 3428 382 3485 τοῦ
397 3419 504 3498 σώζειν.
546 3417 649 3505 Ὁγάρ
666 3417 826 3501 δυνάμενος
838 3424 962 3503 κρίνειν,
984 3419 1108 3487 θῦναται
1124 3424 1176 3487 καί
1191 3418 1337 3489 ἀπολῦειτ.

69 3556 120 3603 μσς.
133 3545 177 3589 σοι.
193 3525 253 3586 Καὶ
271 3522 379 3602 ίίλλως,
411 3526 438 3587 εί
457 3530 509 3587 τοῦ
526 3530 628 3608 κριτοῦ
646 3521 803 3605 βάλλοντος
821 3520 873 3600 τάς
887 3520 986 3607 ψυχάς
1003 3526 1045 3600 είς
1061 3526 1181 3610 γέενναν
1197 3522 1217 3591 ά
1233 3520 1338 3603 θεόςά

190 3623 306 3710 ἀγαθός
321 3623 357 3689 οῦ
373 3625 474 3707 βάεται
488 3622 594 3703 αῦτάς,
617 3622 634 3690 ό
651 3623 835 3707 πανταχόθεν
849 3632 909 3691 τῶν
924 3623 1022 3691 αάτοῦν
1038 3624 1267 3711 ἐπιμελούμενος
1279 3644 1337 3711 ψει·

189 3736 263 3811 χῶν,
285 3736 349 3803 ποῦς
367 3726 404 3791 ἀν
422 3732 466 3809 είη
485 3725 624 3812 ἀγαθός,4
641 3726 685 3791 Ἢ
695 3726 750 3813 γάρ
767 3726 812 3793 ότι
828 3726 1013 3813 ἰσχυρότερος
1028 3725 1122 3795 αῦτοῦ
1136 3732 1213 3811 έστι,
1233 3726 1338 3797 καλοῦ

191 3829 313 3896 δύναται
328 3832 359 3895 ἐκ
377 3829 472 3915 χειρός
488 3832 628 3913 βάεσθαι,
657 3828 737 3912 ἢίίτι
751 3829 874 3895 ὃῦναται
890 3832 958 3913 μέν,
989 3828 1026 3897 οῦ
1040 3831 1234 3917 βοῦλεττιιάέ.
1278 3834 1338 3899 Kal

189 3941 249 3999 ποῦ
266 3930 286 4015 ἡ
298 3930 464 4017 ἀγαθότηςς
499 3936 539 3996 Et
555 3934 601 4011 δὲ,
623 3930 724 4013 ἐπειδη
738 3930 827 4008 αῦτός
840 3935 969 4011 ἔκτισεν,
991 3936 1127 4011 έξουσίαν
1142 3938 1201 4019 ἐγει
1213 3938 1266 4003 καλ
1277 3938 1338 4023 ιρί·

191 4061 267 4114 νειν,
296 4043 360 4110 πῶς
379 4033 398 4099 ό
415 4032 476 4100 ἀνω
495 4033 567 4111 θεός
584 4032 602 4099 ό
619 4032 679 4101 ῦπό
699 4042 753 4099 σοῦ
774 4034 979 4118 μυθευόμενός
995 4062 1078 4113 τινας
1093 4044 1224 4123 μερικῶς
1239 4040 1338 4119 στίξας

193 4140 234 4201 Et
245 4139 297 4218 μὲν
309 4135 368 4202 ἀπό
382 4145 441 4202 τῶν
455 4136 612 4224 ἀλλοτρίων
623 4136 780 4221 λαμβάνων
792 4137 886 4219 σοίζει,
906 4146 1073 4205 πλεονεκτεῖ
1082 4136 1243 4225 ἀλλοτρίων
1254 4144 1338 4229 ἐρὸτ,

192 4242 218 4303 εί
231 4240 262 4303 δέ
276 4236 312 4304 οῦ
327 4238 450 4321 φάσκεις
464 4244 629 4319 πλεονεξίαν
646 4238 732 4319 εέναι,
755 4238 804 4305 διά
818 4240 851 4307 τό
868 4245 911 4319 είς
925 4240 1043 4329 ἀγαθόν
1056 4240 1091 4309 τό
1104 4244 1192 4329 ἔργον
1203 4248 1340 4331 γίνεσθαι

223 4429 264 4481 83.
282 4431 361 4492 Supra
378 4437 441 4481 ετίοί
457 4428 609 4486 Ἀποστελῶ.
810 4432 852 4485 ξῦν.
868 4431 915 4501 τήν
931 4448 972 4485 nec
987 4449 1062 4499 ευμτσ
1077 4436 1161 4499 Μελ,
1184 4450 1260 4501 mu
1274 4438 1338 4503 ίκῙτι

224 4498 265 4549 8⁴.
283 4498 326 4550 καὶ
342 4514 415 4563 supra
430 4516 476 4551 ιιοιι
492 4504 567 4553 habet.
779 4500 803 4553 ιἰι
818 4505 917 4553 elencho.

810 4570 852 4625 δῦ
868 4572 951 4635 δοντα
965 4572 1104 4627 τελοῦντα.
