3046 5084
400 346 1004 433 ransartcta.r.rost.rr.„aana.xxvr.
1217 336 1276 399 tar

132 468 302 548 iunxerunt,
321 467 417 532 eidem
433 463 565 531 Sabaotb
583 464 706 549 capillos
720 486 786 529 esse
807 466 982 543 muliebrem
1005 466 1079 549 qaod
1096 465 1210 529 seilicet
1224 486 1278 529 vo·

132 592 196 635 cem
213 569 292 635 illam
307 567 441 635 Sabaoth
458 564 604 650 Principis
621 564 744 629 alieuius
759 585 828 629 csse
845 587 951 628 nomeu
969 566 1158 644 arbitrentur,
1181 586 1277 650 aeque

131 673 200 737 illud
216 672 398 755 intelligant,
421 668 597 749 abicumque
616 666 658 728 ita
675 665 800 744 dieitur,
822 671 899 727 llaec
915 672 987 729 dicit
999 672 1127 728 dommus
1139 669 1275 739 Sabaoth,

131 794 190 838 aon
207 773 369 858 cuiuspiam
385 769 414 832 id
433 787 501 831 ease
520 765 670 853 propriam
687 787 811 843 nomeu,
833 767 885 830 sed
906 767 1099 875 praqdicaado
1116 766 1213 851 potins
1226 786 1280 829 aa·

131 875 201 939 mini
218 876 301 939 velut
319 871 461 956 quoddam
479 868 654 932 laudationis
673 867 846 932 vocabulum
862 867 1003 932 adbiberi.
1049 860 1164 952 Quippe
1188 866 1280 929 domi·

131 997 186 1040 aas
202 974 334 1041 Sabaoth
350 972 426 1035 idem
439 968 584 1033 Hebraico
602 969 678 1052 qaod
695 970 876 1032 exercituum
901 969 1058 1053 significat.
1102 967 1144 1032 lit
1163 967 1279 1052 qaidem

130 1078 306 1158 abicumque
325 1094 389 1136 vox
402 1072 453 1136 illa
466 1068 596 1135 Sabaoth
614 1071 762 1135 irrotare
781 1081 956 1134 testamento
973 1070 1093 1153 legitur,
1115 1069 1279 1134 exercitum

132 1187 233 1242 sonat.
279 1172 380 1259 ltaque
396 1194 449 1259 pru
464 1192 500 1235 eo
517 1172 593 1255 qaod
612 1170 759 1236 Hebraico
772 1173 912 1257 scriptam
927 1182 985 1253 est,
1008 1166 1127 1235 Adonai
1140 1173 1277 1246 Sabaoth,

133 1278 240 1361 Aquila
260 1287 417 1361 perpetuo,
437 1277 574 1336 mmmm
587 1277 761 1336 waramum
776 1274 882 1338 reddit.
928 1270 989 1338 Sed
1005 1274 1054 1338 isti
1070 1275 1171 1338 lurore
1192 1284 1279 1357 etque

133 1377 260 1443 amentia
276 1376 378 1463 perciti
395 1376 431 1439 ad
449 1374 557 1438 domiai
581 1375 626 1439 sai
650 1374 785 1439 iniuriam
807 1395 873 1439 cum
890 1376 939 1460 qui
958 1397 1099 1460 nusquam
1118 1385 1166 1438 est
1184 1374 1279 1458 iuqui-

134 1490 220 1558 runt,
242 1490 351 1543 etcum
368 1477 416 1561 qai
435 1486 479 1541 est
493 1479 608 1561 reipsa,
632 1477 681 1541 vel
695 1477 870 1561 semetipsos
883 1478 996 1563 potins,
1021 1477 1220 1562 perdideruat.

216 1579 293 1646 Sunt
310 1590 340 1643 et
359 1579 434 1643 aliae
451 1579 619 1642 eurumdem
635 1578 861 1644 innumerabiles
880 1598 991 1661 uagae,
1021 1600 1076 1643 aec
1093 1578 1159 1641 siae
1181 1578 1277 1642 taedio
1296 1593 1355 1661 cap.
1367 1594 1412 1643 xl.

132 1692 228 1768 polest
246 1681 340 1745 amaia
355 1680 478 1745 istorum
498 1679 614 1743 insania
630 1681 864 1744 commemorari.
911 1677 971 1744 Sed
994 1681 1063 1745 illad
1087 1680 1278 1763 praetermitti

131 1805 190 1848 uon
205 1793 311 1868 polest,
335 1782 475 1866 quosdam
492 1801 534 1844 ex
550 1780 653 1843 borum
672 1802 739 1846 esse
757 1804 892 1860 numero,
916 1783 963 1866 qai
982 1783 1024 1846 ita
1039 1783 1191 1845 mulierum
1208 1804 1278 1846 con-

129 1886 284 1949 suetudine
298 1884 459 1961 abstineut,
482 1892 515 1945 ut
528 1881 643 1965 seipsos
658 1882 792 1945 manibus
806 1884 868 1947 suis
882 1894 1089 1968 compareant,
1104 1884 1199 1968 iisque
1216 1887 1277 1947 loe-

128 1985 280 2050 dissimum
295 1985 424 2050 libidinis
440 1982 523 2047 virus
541 1982 691 2066 excipiant
705 1993 792 2066 atque
816 2005 852 2047 eo
871 1995 1045 2064 vescantur,
1078 1985 1113 2047 ad
1138 1986 1213 2069 quod
1235 1995 1278 2048 te-

130 2088 296 2151 stimonium
325 2087 395 2151 illud
422 2106 475 2169 per
499 2105 641 2148 samaram
664 2084 837 2146 calumniam
859 2085 1048 2168 detorquent:
1079 2090 1184 2147 Manus
1208 2090 1428 2159 emeramni.

131 2195 348 2271 meppedr'tarant
362 2210 418 2251 non
434 2190 506 2248 mr'li
516 2189 618 2260 solum,
640 2190 693 2247 red
706 2197 736 2247 et
749 2190 785 2247 ais
798 2191 851 2266 qui
863 2208 967 2247 mecum
983 2197 1059 2247 suat.
1093 2184 1166 2249 ltcrn
1182 2186 1276 2248 istud:

132 2297 285 2372 aponum
305 2291 432 2352 munibus
452 2293 597 2369 premii,
628 2299 663 2348 art
680 2293 797 2368 possitis
817 2293 853 2350 iis
867 2292 919 2369 qui
932 2310 989 2349 non
1003 2288 1107 2349 babent
1127 2291 1278 2349 commani—
1291 2306 1416 2363 apuam

130 2415 208 2457 core.
252 2391 298 2456 De
316 2391 419 2475 quibas
439 2391 512 2453 adeo
534 2389 605 2452 mibi
621 2400 782 2453 euarruutus
798 2390 913 2453 ridetur
936 2389 966 2452 ia
984 2389 1117 2474 apostolo
1135 2387 1204 2452 luda
1221 2387 1279 2472 spi·

130 2495 205 2560 ritas
221 2505 360 2571 sauctus,
392 2492 447 2555 boc
465 2501 513 2554 est
532 2490 563 2554 ia
585 2490 729 2555 catbolica
750 2492 828 2555 illias
851 2492 973 2576 epistola
1000 2488 1104 2573 (ladas
1123 2491 1171 2552 ille
1191 2509 1280 2573 porro

131 2597 239 2680 estqui
259 2593 372 2673 lucebi,
403 2605 489 2677 atque
511 2595 597 2656 etiam
622 2593 730 2657 domiai
755 2595 845 2657 irater
869 2593 1029 2678 appellatus
1047 2596 1119 2675 est).
1166 2589 1200 2654 la
1223 2611 1280 2675 qua

132 2718 183 2783 per
201 2696 322 2782 apostoli
341 2717 443 2760 vocem
468 2695 604 2781 spiritus,
627 2695 761 2778 inquam,
785 2707 922 2775 sanctus,
955 2705 1107 2780 corruptos
1127 2693 1192 2756 illos
1214 2713 1280 2756 cor·

132 2808 267 2880 ruptores
286 2818 351 2862 esse
369 2800 568 2875 demonstrat,
600 2809 632 2860 at
653 2797 759 2860 ibidem
781 2798 924 2881 loquitar:
959 2801 1036 2876 (lune
1055 2803 1127 2859 enain
1150 2801 1280 2858 nesciunt
1301 2804 1405 2903 spthd.

133 2904 297 2978 ignorantes
318 2904 348 2961 ia
366 2903 425 2961 a'llir
440 2904 610 2980 captantur.-
642 2921 714 2980 quae
729 2922 794 2961 uero
808 2912 928 2973 norant,
953 2905 982 2961 in
999 2906 1035 2961 rib
1053 2912 1183 2981 tunquam
1202 2910 1278 2961 muta
1397 2919 1401 2949 :

132 3002 267 3061 andnim
281 3014 508 3082 comapaamr.
555 2997 706 3084 Siquidem
722 3022 825 3065 cauum
844 3002 938 3064 instar
954 3022 988 3064 ac
1004 3023 1157 3084 porcorum
1176 3023 1231 3065 saa
1244 3020 1278 3063 se

132 3100 301 3185 corruptela
325 3102 510 3184 turpitudinis
532 3101 697 3185 inquinant.
749 3101 814 3166 lloc
838 3103 916 3166 enim
940 3104 1027 3167 modo
1054 3117 1111 3167 tam
1133 3123 1222 3167 canes
1244 3122 1279 3163 ac

131 3201 214 3289 porci
234 3223 318 3287 qaam
340 3214 457 3268 caetera
475 3224 509 3268 se
525 3204 683 3267 animantia
703 3216 906 3289 corrumpunt,
930 3215 960 3268 et
974 3206 1165 3290 prollueatem
1181 3225 1198 3267 e
1213 3222 1279 3264 cor-

132 3305 252 3390 poribus
274 3306 337 3371 saia
353 3306 481 3370 libidinis
496 3305 647 3371 lamonem
666 3305 826 3390 delingant.
868 3308 966 3391 Atque
981 3307 1022 3371 illi
1040 3328 1146 3371 revera
1161 3323 1279 3368 carrraaa

131 3429 214 3472 suana
230 3419 401 3494 erumpente
419 3408 500 3472 velat
522 3429 574 3493 per
590 3407 734 3472 samniam
760 3409 889 3473 barinae
917 3410 1140 3472 commaculant.
1185 3409 1280 3466 [iomi-

131 3515 270 3573 rrntrbaem
288 3522 381 3572 numm
397 3523 551 3591 munt,
574 3515 744 3573 maiestatem
759 3525 852 3573 nutem
867 3514 1076 3591 blasphemant.-
1107 3522 1140 3570 at
1152 3511 1427 3581 Michaelnp.tnt.v.s

131 3614 322 3693 archangelus
339 3634 402 3674 eaor
418 3614 530 3674 dairdolo
544 3616 691 3693 ddpamas
710 3617 745 3676 de
758 3617 856 3694 Moysi
875 3634 993 3692 corpore
1015 3613 1200 3690 blasphemiae
1218 3632 1279 3673 ser·

131 3735 236 3777 meet
251 3736 308 3777 non
325 3717 408 3788 adt,
431 3718 484 3777 aad
499 3718 591 3790 amit,
615 3719 746 3797 Increpet
760 3728 787 3777 te
801 3721 946 3777 atommm:
977 3715 1010 3772 li
1024 3723 1116 3773 nutem
1132 3734 1278 3793 quaecam-

130 3837 184 3896 que
198 3820 334 3897 mr
348 3818 738 3898 mtmnliterblaspdemantr
761 3818 828 3880 dum
847 3813 1044 3880 sacrosanctis
1059 3813 1114 3879 illis
1131 3816 1281 3899 mysteriis

130 3936 206 3999 quae
220 3937 285 3981 cam
303 3915 496 3983 sanctissimis
516 3918 707 4002 religionibus
731 3918 883 3982 uobiscum
906 3914 1155 3982 communicantur
1177 3928 1280 3980 conta·

130 4018 254 4085 meliors
275 4018 416 4099 illudunt,
447 4029 478 4083 et
502 4020 539 4084 ad
560 4021 777 4107 spurcissimam
801 4017 1112 4104 flagitiosissimamque
1130 4019 1277 4083 libidinem

131 4131 318 4187 convertant.
363 4119 447 4184 Haec
463 4132 532 4184 sant
546 4143 621 4205 qaae
643 4123 786 4184 adversus
804 4119 951 4205 apostolos
975 4120 1087 4184 effutire
1112 4119 1277 4200 santensi,

132 4224 372 4305 quemadmodum
393 4222 495 4286 beatas
512 4224 661 4308 apostolas
683 4222 802 4285 scribit:
832 4227 913 4284 Adeo
931 4228 1088 4304 etquidem
1109 4228 1178 4284 baec
1194 4244 1212 4283 c
1228 4245 1277 4284 ao·
1290 4229 1417 4284 samaa

133 4325 175 4384 bis
189 4329 248 4388 diei
260 4331 370 4389 motare
392 4329 530 4399 audeant,
564 4329 713 4387 racanas
732 4328 821 4400 mala,
846 4338 878 4387 at
899 4333 1027 4390 wentam
1043 4329 1131 4403 boao‚·
1162 4348 1279 4407 quorum

133 4429 235 4488 imam
256 4439 302 4490 ert
317 4431 461 4489 abdimum.
508 4423 604 4510 Quam
627 4447 700 4489 vern
722 4428 811 4490 malta
836 4428 1002 4493 testimonia
1023 4438 1180 4513 suppetunt
1204 4447 1280 4511 qaae

133 4536 235 4591 contra
252 4527 436 4614 blasphemos
458 4527 524 4593 illos
548 4531 579 4593 ia
603 4527 728 4595 medium
748 4530 854 4594 afferre
878 4532 1040 4617 possimus!
1088 4527 1147 4594 Sed
1168 4529 1208 4591 illi
1231 4527 1279 4612 qai
