<?xml version="1.0" encoding="UTF-8"?>
<!DOCTYPE html PUBLIC "-//W3C//DTD XHTML 1.0 Transitional//EN"
    "http://www.w3.org/TR/xhtml1/DTD/xhtml1-transitional.dtd">
<html xmlns="http://www.w3.org/1999/xhtml" xml:lang="en" lang="en">
 <head>
  <title>
</title>
<meta http-equiv="Content-Type" content="text/html;charset=utf-8" />
  <meta name='ocr-system' content='tesseract 3.04.00' />
  <meta name='ocr-capabilities' content='ocr_page ocr_carea ocr_par ocr_line ocrx_word'/>
</head>
<body>
  <div class='ocr_page' id='page_1' title='image "./corporishaerese01unkngoog_0224.png"; bbox 0 0 3046 5084; ppageno 0'>
   <div class='ocr_carea' id='block_1_1' title="bbox 397 357 1295 420">
    <p class='ocr_par' dir='ltr' id='par_1_1' title="bbox 397 357 1295 420">
     <span class='ocr_line' id='line_1_1' title="bbox 397 357 1295 420; baseline 0.004 -5"><span class='ocrx_word' id='word_1_1' title='bbox 397 363 531 416; x_wconf 70' lang='lat' dir='ltr'>renuunt</span> <span class='ocrx_word' id='word_1_2' title='bbox 548 364 612 418; x_wconf 69' lang='lat' dir='ltr'>Lm.</span> <span class='ocrx_word' id='word_1_3' title='bbox 625 367 645 418; x_wconf 92' lang='grc' dir='ltr'>Ι.</span> <span class='ocrx_word' id='word_1_4' title='bbox 660 367 741 420; x_wconf 66' lang='grc' dir='ltr'>Τθὶί.</span> <span class='ocrx_word' id='word_1_5' title='bbox 755 367 787 419; x_wconf 87' lang='lat' dir='ltr'>ll.</span> <span class='ocrx_word' id='word_1_6' title='bbox 805 367 904 419; x_wconf 75' lang='grc' dir='ltr'><strong>ΗΔΕΒ.</strong></span> <span class='ocrx_word' id='word_1_7' title='bbox 918 367 1039 420; x_wconf 84' lang='lat' dir='ltr'>xxvttt.</span> <span class='ocrx_word' id='word_1_8' title='bbox 1232 357 1295 419; x_wconf 71' lang='lat'>219</span> 
     </span>
    </p>
   </div>
   <div class='ocr_carea' id='block_1_2' title="bbox 142 479 1296 874">
    <p class='ocr_par' dir='ltr' id='par_1_2' title="bbox 142 479 1296 874">
     <span class='ocr_line' id='line_1_2' title="bbox 145 479 1296 570; baseline 0.001 -20"><span class='ocrx_word' id='word_1_9' title='bbox 145 483 248 550; x_wconf 84' lang='lat' dir='ltr'>eodem</span> <span class='ocrx_word' id='word_1_10' title='bbox 264 482 369 548; x_wconf 88' lang='lat' dir='ltr'>relicto</span> <span class='ocrx_word' id='word_1_11' title='bbox 383 479 483 546; x_wconf 90' lang='lat' dir='ltr'>lesum</span> <span class='ocrx_word' id='word_1_12' title='bbox 497 483 666 548; x_wconf 79' lang='lat' dir='ltr'>revolemus</span> <span class='ocrx_word' id='word_1_13' title='bbox 698 482 797 548; x_wconf 89' lang='lat' dir='ltr'>lesum</span> <span class='ocrx_word' id='word_1_14' title='bbox 812 507 902 570; x_wconf 90' lang='lat' dir='ltr'>porro</span> <span class='ocrx_word' id='word_1_15' title='bbox 924 497 953 549; x_wconf 88' lang='lat' dir='ltr'>et</span> <span class='ocrx_word' id='word_1_16' title='bbox 967 487 1076 550; x_wconf 84' lang='lat' dir='ltr'>obiisse</span> <span class='ocrx_word' id='word_1_17' title='bbox 1091 497 1235 566; x_wconf 82' lang='lat' dir='ltr'>mortem,</span> <span class='ocrx_word' id='word_1_18' title='bbox 1265 498 1296 551; x_wconf 89' lang='lat' dir='ltr'>et</span> 
     </span>
     <span class='ocr_line' id='line_1_3' title="bbox 144 580 1295 673; baseline 0 -21"><span class='ocrx_word' id='word_1_19' title='bbox 144 587 179 652; x_wconf 82' lang='lat' dir='ltr'>sd</span> <span class='ocrx_word' id='word_1_20' title='bbox 203 587 292 652; x_wconf 79' lang='lat' dir='ltr'>vitem</span> <span class='ocrx_word' id='word_1_21' title='bbox 315 584 477 649; x_wconf 86' lang='lat' dir='ltr'>excitatum</span> <span class='ocrx_word' id='word_1_22' title='bbox 500 603 586 648; x_wconf 79' lang='lat' dir='ltr'>essee</span> <span class='ocrx_word' id='word_1_23' title='bbox 617 580 768 648; x_wconf 87' lang='lat' dir='ltr'>Christum</span> <span class='ocrx_word' id='word_1_24' title='bbox 795 605 866 649; x_wconf 83' lang='lat' dir='ltr'>vero</span> <span class='ocrx_word' id='word_1_25' title='bbox 896 588 944 670; x_wconf 83' lang='lat' dir='ltr'>qni</span> <span class='ocrx_word' id='word_1_26' title='bbox 967 587 1159 651; x_wconf 86' lang='lat' dir='ltr'>descenderet</span> <span class='ocrx_word' id='word_1_27' title='bbox 1182 608 1295 673; x_wconf 86' lang='lat' dir='ltr'>poenae</span> 
     </span>
     <span class='ocr_line' id='line_1_4' title="bbox 142 683 1296 773; baseline 0 -21"><span class='ocrx_word' id='word_1_28' title='bbox 142 687 237 753; x_wconf 87' lang='lat' dir='ltr'>omnis</span> <span class='ocrx_word' id='word_1_29' title='bbox 251 697 404 773; x_wconf 87' lang='lat' dir='ltr'>expertem</span> <span class='ocrx_word' id='word_1_30' title='bbox 421 705 458 748; x_wconf 91' lang='lat' dir='ltr'>eo</span> <span class='ocrx_word' id='word_1_31' title='bbox 476 683 552 748; x_wconf 92' lang='lat' dir='ltr'>unde</span> <span class='ocrx_word' id='word_1_32' title='bbox 570 697 694 748; x_wconf 82' lang='lat' dir='ltr'>venerat</span> <span class='ocrx_word' id='word_1_33' title='bbox 709 705 880 764; x_wconf 82' lang='lat' dir='ltr'>reversum,</span> <span class='ocrx_word' id='word_1_34' title='bbox 904 689 952 770; x_wconf 88' lang='lat' dir='ltr'>qui</span> <span class='ocrx_word' id='word_1_35' title='bbox 969 689 1045 751; x_wconf 86' lang='lat' dir='ltr'>idem</span> <span class='ocrx_word' id='word_1_36' title='bbox 1061 689 1110 751; x_wconf 89' lang='lat' dir='ltr'>ille</span> <span class='ocrx_word' id='word_1_37' title='bbox 1124 700 1170 752; x_wconf 91' lang='lat' dir='ltr'>est</span> <span class='ocrx_word' id='word_1_38' title='bbox 1183 691 1232 772; x_wconf 87' lang='lat' dir='ltr'>qui</span> <span class='ocrx_word' id='word_1_39' title='bbox 1245 711 1296 752; x_wconf 91' lang='lat' dir='ltr'>cc·</span> 
     </span>
     <span class='ocr_line' id='line_1_5' title="bbox 142 783 1271 874; baseline -0.003 -19"><span class='ocrx_word' id='word_1_40' title='bbox 142 790 257 855; x_wconf 88' lang='lat' dir='ltr'>lumhee</span> <span class='ocrx_word' id='word_1_41' title='bbox 280 788 379 874; x_wconf 87' lang='lat' dir='ltr'>specie</span> <span class='ocrx_word' id='word_1_42' title='bbox 402 785 538 872; x_wconf 86' lang='lat' dir='ltr'>delapsus</span> <span class='ocrx_word' id='word_1_43' title='bbox 561 787 675 865; x_wconf 80' lang='lat' dir='ltr'>luerat3</span> <span class='ocrx_word' id='word_1_44' title='bbox 697 786 738 850; x_wconf 89' lang='lat' dir='ltr'>ite</span> <span class='ocrx_word' id='word_1_45' title='bbox 759 783 857 850; x_wconf 87' lang='lat' dir='ltr'>lesum</span> <span class='ocrx_word' id='word_1_46' title='bbox 880 788 998 850; x_wconf 86' lang='lat' dir='ltr'>minime</span> <span class='ocrx_word' id='word_1_47' title='bbox 1019 809 1087 851; x_wconf 89' lang='lat' dir='ltr'>esse</span> <span class='ocrx_word' id='word_1_48' title='bbox 1108 786 1271 852; x_wconf 76' lang='lat' dir='ltr'>Christum.</span> 
     </span>
    </p>
   </div>
   <div class='ocr_carea' id='block_1_3' title="bbox 135 886 1441 4430">
    <p class='ocr_par' dir='ltr' id='par_1_3' title="bbox 137 886 1441 3393">
     <span class='ocr_line' id='line_1_6' title="bbox 226 886 1424 972; baseline -0.001 -18"><span class='ocrx_word' id='word_1_49' title='bbox 226 888 339 955; x_wconf 90' lang='lat' dir='ltr'>Verum</span> <span class='ocrx_word' id='word_1_50' title='bbox 359 898 389 951; x_wconf 89' lang='lat' dir='ltr'>et</span> <span class='ocrx_word' id='word_1_51' title='bbox 404 886 450 950; x_wconf 92' lang='lat' dir='ltr'>hic</span> <span class='ocrx_word' id='word_1_52' title='bbox 468 908 525 951; x_wconf 91' lang='lat' dir='ltr'>non</span> <span class='ocrx_word' id='word_1_53' title='bbox 540 887 636 951; x_wconf 89' lang='lat' dir='ltr'>miuus</span> <span class='ocrx_word' id='word_1_54' title='bbox 651 908 735 972; x_wconf 87' lang='lat' dir='ltr'>quam</span> <span class='ocrx_word' id='word_1_55' title='bbox 750 889 855 972; x_wconf 77' lang='lat' dir='ltr'><strong>reliqui</strong></span> <span class='ocrx_word' id='word_1_56' title='bbox 869 909 972 952; x_wconf 89' lang='lat' dir='ltr'>omnes</span> <span class='ocrx_word' id='word_1_57' title='bbox 988 889 1114 967; x_wconf 76' lang='lat' dir='ltr'>excidit,</span> <span class='ocrx_word' id='word_1_58' title='bbox 1139 901 1170 952; x_wconf 92' lang='lat' dir='ltr'>ut</span> <span class='ocrx_word' id='word_1_59' title='bbox 1184 890 1292 954; x_wconf 90' lang='lat' dir='ltr'>intueri</span> <span class='ocrx_word' id='word_1_60' title='bbox 1318 896 1377 962; x_wconf 72' lang='lat' dir='ltr'>cap.</span> <span class='ocrx_word' id='word_1_61' title='bbox 1392 898 1424 947; x_wconf 85' lang='lat'>1¹·</span> 
     </span>
     <span class='ocr_line' id='line_1_7' title="bbox 143 989 1295 1075; baseline -0.001 -19"><span class='ocrx_word' id='word_1_62' title='bbox 143 992 228 1056; x_wconf 84' lang='lat' dir='ltr'>lecilc</span> <span class='ocrx_word' id='word_1_63' title='bbox 242 989 366 1075; x_wconf 88' lang='lat' dir='ltr'>potestis</span> <span class='ocrx_word' id='word_1_64' title='bbox 382 989 553 1073; x_wconf 81' lang='lat' dir='ltr'>quicumque</span> <span class='ocrx_word' id='word_1_65' title='bbox 566 989 700 1053; x_wconf 83' lang='lat' dir='ltr'>veritatis</span> <span class='ocrx_word' id='word_1_66' title='bbox 714 1010 816 1053; x_wconf 88' lang='lat' dir='ltr'>amore</span> <span class='ocrx_word' id='word_1_67' title='bbox 830 989 981 1054; x_wconf 88' lang='lat' dir='ltr'>tenemini.</span> <span class='ocrx_word' id='word_1_68' title='bbox 1025 989 1103 1054; x_wconf 89' lang='lat' dir='ltr'>Nam</span> <span class='ocrx_word' id='word_1_69' title='bbox 1120 1012 1186 1054; x_wconf 91' lang='lat' dir='ltr'>eum</span> <span class='ocrx_word' id='word_1_70' title='bbox 1203 1012 1220 1054; x_wconf 83' lang='lat' dir='ltr'>a</span> <span class='ocrx_word' id='word_1_71' title='bbox 1239 1013 1295 1075; x_wconf 87' lang='lat' dir='ltr'>quo</span> 
     </span>
     <span class='ocr_line' id='line_1_8' title="bbox 143 1090 1295 1176; baseline 0 -20"><span class='ocrx_word' id='word_1_72' title='bbox 143 1094 195 1156; x_wconf 87' lang='lat' dir='ltr'>lex</span> <span class='ocrx_word' id='word_1_73' title='bbox 217 1091 323 1155; x_wconf 86' lang='lat' dir='ltr'>tradite</span> <span class='ocrx_word' id='word_1_74' title='bbox 345 1091 383 1154; x_wconf 91' lang='lat' dir='ltr'>sit</span> <span class='ocrx_word' id='word_1_75' title='bbox 402 1091 509 1154; x_wconf 88' lang='lat' dir='ltr'>honum</span> <span class='ocrx_word' id='word_1_76' title='bbox 531 1100 619 1174; x_wconf 72' lang='lat' dir='ltr'>negat</span> <span class='ocrx_word' id='word_1_77' title='bbox 634 1111 719 1170; x_wconf 88' lang='lat' dir='ltr'>esse,</span> <span class='ocrx_word' id='word_1_78' title='bbox 752 1090 835 1154; x_wconf 92' lang='lat' dir='ltr'>cuins</span> <span class='ocrx_word' id='word_1_79' title='bbox 854 1102 952 1155; x_wconf 91' lang='lat' dir='ltr'>temen</span> <span class='ocrx_word' id='word_1_80' title='bbox 968 1093 1025 1176; x_wconf 76' lang='lat' dir='ltr'>legi</span> <span class='ocrx_word' id='word_1_81' title='bbox 1044 1092 1143 1176; x_wconf 88' lang='lat' dir='ltr'>utique</span> <span class='ocrx_word' id='word_1_82' title='bbox 1161 1104 1295 1176; x_wconf 75' lang='lat' dir='ltr'>tenpuem</span> 
     </span>
     <span class='ocr_line' id='line_1_9' title="bbox 142 1188 1295 1278; baseline 0 -22"><span class='ocrx_word' id='word_1_83' title='bbox 142 1193 239 1256; x_wconf 86' lang='lat' dir='ltr'>honac</span> <span class='ocrx_word' id='word_1_84' title='bbox 262 1193 462 1277; x_wconf 85' lang='lat' dir='ltr'>ohtemperere</span> <span class='ocrx_word' id='word_1_85' title='bbox 483 1191 611 1255; x_wconf 82' lang='lat' dir='ltr'>videtur.</span> <span class='ocrx_word' id='word_1_86' title='bbox 656 1188 715 1274; x_wconf 78' lang='lat' dir='ltr'>Qui</span> <span class='ocrx_word' id='word_1_87' title='bbox 738 1212 811 1256; x_wconf 82' lang='lat' dir='ltr'>vero</span> <span class='ocrx_word' id='word_1_88' title='bbox 834 1192 989 1273; x_wconf 87' lang='lat' dir='ltr'>convenit,</span> <span class='ocrx_word' id='word_1_89' title='bbox 1020 1205 1052 1257; x_wconf 92' lang='lat' dir='ltr'>ut</span> <span class='ocrx_word' id='word_1_90' title='bbox 1074 1194 1122 1278; x_wconf 89' lang='lat' dir='ltr'>qui</span> <span class='ocrx_word' id='word_1_91' title='bbox 1143 1195 1236 1257; x_wconf 89' lang='lat' dir='ltr'>melus</span> <span class='ocrx_word' id='word_1_92' title='bbox 1255 1194 1295 1258; x_wconf 91' lang='lat' dir='ltr'>sit</span> 
     </span>
     <span class='ocr_line' id='line_1_10' title="bbox 143 1291 1293 1378; baseline 0.001 -21"><span class='ocrx_word' id='word_1_93' title='bbox 143 1295 249 1358; x_wconf 87' lang='lat' dir='ltr'>honam</span> <span class='ocrx_word' id='word_1_94' title='bbox 265 1295 358 1378; x_wconf 79' lang='lat' dir='ltr'>legem</span> <span class='ocrx_word' id='word_1_95' title='bbox 375 1292 618 1378; x_wconf 71' lang='lat' dir='ltr'>praescripserit?</span> <span class='ocrx_word' id='word_1_96' title='bbox 659 1291 693 1359; x_wconf 89' lang='lat' dir='ltr'>Si</span> <span class='ocrx_word' id='word_1_97' title='bbox 710 1295 788 1357; x_wconf 88' lang='lat' dir='ltr'>enim</span> <span class='ocrx_word' id='word_1_98' title='bbox 804 1316 862 1358; x_wconf 91' lang='lat' dir='ltr'>nou</span> <span class='ocrx_word' id='word_1_99' title='bbox 879 1296 1053 1375; x_wconf 85' lang='lat' dir='ltr'>adulterari,</span> <span class='ocrx_word' id='word_1_100' title='bbox 1078 1296 1125 1360; x_wconf 87' lang='lat' dir='ltr'>vel</span> <span class='ocrx_word' id='word_1_101' title='bbox 1142 1317 1200 1358; x_wconf 89' lang='lat' dir='ltr'>nou</span> <span class='ocrx_word' id='word_1_102' title='bbox 1215 1295 1293 1358; x_wconf 92' lang='lat' dir='ltr'>occi-</span> 
     </span>
     <span class='ocr_line' id='line_1_11' title="bbox 143 1394 1293 1482; baseline 0.001 -23"><span class='ocrx_word' id='word_1_103' title='bbox 143 1396 214 1459; x_wconf 90' lang='lat' dir='ltr'>dere</span> <span class='ocrx_word' id='word_1_104' title='bbox 229 1406 275 1459; x_wconf 90' lang='lat' dir='ltr'>est</span> <span class='ocrx_word' id='word_1_105' title='bbox 290 1395 461 1474; x_wconf 88' lang='lat' dir='ltr'>honestum,</span> <span class='ocrx_word' id='word_1_106' title='bbox 484 1405 592 1478; x_wconf 78' lang='lat' dir='ltr'>quanto</span> <span class='ocrx_word' id='word_1_107' title='bbox 609 1394 754 1458; x_wconf 89' lang='lat' dir='ltr'>melioris</span> <span class='ocrx_word' id='word_1_108' title='bbox 771 1397 880 1480; x_wconf 85' lang='lat' dir='ltr'>estqui</span> <span class='ocrx_word' id='word_1_109' title='bbox 897 1397 954 1460; x_wconf 89' lang='lat' dir='ltr'>iste</span> <span class='ocrx_word' id='word_1_110' title='bbox 970 1396 1135 1482; x_wconf 84' lang='lat' dir='ltr'>praecepit,</span> <span class='ocrx_word' id='word_1_111' title='bbox 1159 1397 1185 1459; x_wconf 89' lang='lat' dir='ltr'>si</span> <span class='ocrx_word' id='word_1_112' title='bbox 1200 1397 1226 1460; x_wconf 91' lang='lat' dir='ltr'>is</span> <span class='ocrx_word' id='word_1_113' title='bbox 1243 1397 1293 1480; x_wconf 89' lang='lat' dir='ltr'>qui</span> 
     </span>
     <span class='ocr_line' id='line_1_12' title="bbox 144 1496 1292 1584; baseline 0.001 -23"><span class='ocrx_word' id='word_1_114' title='bbox 144 1518 178 1561; x_wconf 87' lang='lat' dir='ltr'>ea</span> <span class='ocrx_word' id='word_1_115' title='bbox 195 1518 252 1561; x_wconf 93' lang='lat' dir='ltr'>non</span> <span class='ocrx_word' id='word_1_116' title='bbox 267 1496 412 1561; x_wconf 90' lang='lat' dir='ltr'>commisit</span> <span class='ocrx_word' id='word_1_117' title='bbox 424 1496 612 1560; x_wconf 76' lang='lat' dir='ltr'>confessione</span> <span class='ocrx_word' id='word_1_118' title='bbox 626 1497 754 1560; x_wconf 90' lang='lat' dir='ltr'>omnium</span> <span class='ocrx_word' id='word_1_119' title='bbox 770 1497 863 1562; x_wconf 88' lang='lat' dir='ltr'>honus</span> <span class='ocrx_word' id='word_1_120' title='bbox 880 1498 1014 1562; x_wconf 89' lang='lat' dir='ltr'>hebetur.</span> <span class='ocrx_word' id='word_1_121' title='bbox 1055 1496 1190 1581; x_wconf 80' lang='lat' dir='ltr'>Quonam</span> <span class='ocrx_word' id='word_1_122' title='bbox 1207 1510 1292 1584; x_wconf 86' lang='lat' dir='ltr'>pecto</span> 
     </span>
     <span class='ocr_line' id='line_1_13' title="bbox 143 1597 1292 1683; baseline -0.001 -20"><span class='ocrx_word' id='word_1_123' title='bbox 143 1599 210 1663; x_wconf 84' lang='lat' dir='ltr'>meli</span> <span class='ocrx_word' id='word_1_124' title='bbox 223 1597 370 1664; x_wconf 81' lang='lat' dir='ltr'>cuiusdam</span> <span class='ocrx_word' id='word_1_125' title='bbox 386 1598 525 1661; x_wconf 79' lang='lat' dir='ltr'>facinoris</span> <span class='ocrx_word' id='word_1_126' title='bbox 539 1599 672 1662; x_wconf 75' lang='lat' dir='ltr'>accusari</span> <span class='ocrx_word' id='word_1_127' title='bbox 688 1609 785 1683; x_wconf 88' lang='lat' dir='ltr'>potest</span> <span class='ocrx_word' id='word_1_128' title='bbox 799 1600 847 1683; x_wconf 88' lang='lat' dir='ltr'>qui</span> <span class='ocrx_word' id='word_1_129' title='bbox 861 1599 938 1663; x_wconf 85' lang='lat' dir='ltr'>hona</span> <span class='ocrx_word' id='word_1_130' title='bbox 955 1600 1092 1677; x_wconf 90' lang='lat' dir='ltr'>consulit,</span> <span class='ocrx_word' id='word_1_131' title='bbox 1116 1621 1152 1663; x_wconf 89' lang='lat' dir='ltr'>ec</span> <span class='ocrx_word' id='word_1_132' title='bbox 1167 1611 1226 1663; x_wconf 92' lang='lat' dir='ltr'>tem</span> <span class='ocrx_word' id='word_1_133' title='bbox 1240 1600 1292 1664; x_wconf 90' lang='lat' dir='ltr'>bo-</span> 
     </span>
     <span class='ocr_line' id='line_1_14' title="bbox 143 1698 1293 1784; baseline 0.001 -20"><span class='ocrx_word' id='word_1_134' title='bbox 143 1721 208 1764; x_wconf 86' lang='lat' dir='ltr'>nam</span> <span class='ocrx_word' id='word_1_135' title='bbox 231 1699 325 1783; x_wconf 74' lang='lat' dir='ltr'>legem</span> <span class='ocrx_word' id='word_1_136' title='bbox 347 1699 512 1762; x_wconf 90' lang='lat' dir='ltr'>hominihus</span> <span class='ocrx_word' id='word_1_137' title='bbox 535 1700 709 1784; x_wconf 72' lang='lat' dir='ltr'>descripsit?</span> <span class='ocrx_word' id='word_1_138' title='bbox 752 1698 912 1764; x_wconf 86' lang='lat' dir='ltr'>Enimvero</span> <span class='ocrx_word' id='word_1_139' title='bbox 930 1703 1059 1766; x_wconf 80' lang='lat' dir='ltr'>furiosus</span> <span class='ocrx_word' id='word_1_140' title='bbox 1081 1713 1111 1766; x_wconf 92' lang='lat' dir='ltr'>et</span> <span class='ocrx_word' id='word_1_141' title='bbox 1127 1723 1229 1765; x_wconf 85' lang='lat' dir='ltr'>amens</span> <span class='ocrx_word' id='word_1_142' title='bbox 1246 1713 1293 1765; x_wconf 89' lang='lat' dir='ltr'>cst</span> 
     </span>
     <span class='ocr_line' id='line_1_15' title="bbox 142 1800 1292 1887; baseline 0.002 -23"><span class='ocrx_word' id='word_1_143' title='bbox 142 1802 189 1887; x_wconf 85' lang='lat' dir='ltr'>qni</span> <span class='ocrx_word' id='word_1_144' title='bbox 205 1822 239 1865; x_wconf 84' lang='lat' dir='ltr'>ea</span> <span class='ocrx_word' id='word_1_145' title='bbox 255 1801 366 1864; x_wconf 85' lang='lat' dir='ltr'>iactare</span> <span class='ocrx_word' id='word_1_146' title='bbox 382 1822 441 1864; x_wconf 86' lang='lat' dir='ltr'>non</span> <span class='ocrx_word' id='word_1_147' title='bbox 458 1809 504 1862; x_wconf 90' lang='lat' dir='ltr'>est</span> <span class='ocrx_word' id='word_1_148' title='bbox 519 1800 642 1864; x_wconf 88' lang='lat' dir='ltr'>veritus.</span> <span class='ocrx_word' id='word_1_149' title='bbox 687 1801 785 1884; x_wconf 74' lang='lat' dir='ltr'>Atque</span> <span class='ocrx_word' id='word_1_150' title='bbox 800 1802 875 1864; x_wconf 89' lang='lat' dir='ltr'>idem</span> <span class='ocrx_word' id='word_1_151' title='bbox 890 1804 949 1882; x_wconf 89' lang='lat' dir='ltr'>ille,</span> <span class='ocrx_word' id='word_1_152' title='bbox 971 1803 1127 1881; x_wconf 80' lang='lat' dir='ltr'>carissimi,</span> <span class='ocrx_word' id='word_1_153' title='bbox 1152 1804 1218 1882; x_wconf 88' lang='lat' dir='ltr'>fuit,</span> <span class='ocrx_word' id='word_1_154' title='bbox 1242 1804 1292 1887; x_wconf 87' lang='lat' dir='ltr'>qui</span> 
     </span>
     <span class='ocr_line' id='line_1_16' title="bbox 140 1902 1292 1989; baseline 0.002 -23"><span class='ocrx_word' id='word_1_155' title='bbox 140 1904 337 1989; x_wconf 86' lang='lat' dir='ltr'>apostolurum</span> <span class='ocrx_word' id='word_1_156' title='bbox 354 1912 485 1986; x_wconf 88' lang='lat' dir='ltr'>tempore</span> <span class='ocrx_word' id='word_1_157' title='bbox 500 1902 651 1964; x_wconf 89' lang='lat' dir='ltr'>tumultum</span> <span class='ocrx_word' id='word_1_158' title='bbox 668 1902 747 1964; x_wconf 90' lang='lat' dir='ltr'>illum</span> <span class='ocrx_word' id='word_1_159' title='bbox 764 1904 923 1980; x_wconf 81' lang='lat' dir='ltr'>excitavit,</span> <span class='ocrx_word' id='word_1_160' title='bbox 946 1926 1011 1967; x_wconf 89' lang='lat' dir='ltr'>cum</span> <span class='ocrx_word' id='word_1_161' title='bbox 1027 1903 1152 1968; x_wconf 87' lang='lat' dir='ltr'>lacobus</span> <span class='ocrx_word' id='word_1_162' title='bbox 1168 1905 1292 1968; x_wconf 87' lang='lat' dir='ltr'>eaeteri-</span> 
     </span>
     <span class='ocr_line' id='line_1_17' title="bbox 140 2001 1441 2090; baseline -0.005 -21"><span class='ocrx_word' id='word_1_163' title='bbox 140 2026 195 2090; x_wconf 87' lang='lat' dir='ltr'>qne</span> <span class='ocrx_word' id='word_1_164' title='bbox 214 2004 339 2090; x_wconf 87' lang='lat' dir='ltr'>apostoli</span> <span class='ocrx_word' id='word_1_165' title='bbox 356 2003 457 2066; x_wconf 83' lang='lat' dir='ltr'>literas</span> <span class='ocrx_word' id='word_1_166' title='bbox 474 2001 661 2065; x_wconf 69' lang='lat' dir='ltr'>Antiochiam</span> <span class='ocrx_word' id='word_1_167' title='bbox 680 2005 861 2088; x_wconf 87' lang='lat' dir='ltr'>scripserunt</span> <span class='ocrx_word' id='word_1_168' title='bbox 878 2004 922 2066; x_wconf 91' lang='lat' dir='ltr'>his</span> <span class='ocrx_word' id='word_1_169' title='bbox 940 2006 1055 2068; x_wconf 80' lang='lat' dir='ltr'>verbiss</span> <span class='ocrx_word' id='word_1_170' title='bbox 1088 2010 1222 2082; x_wconf 81' lang='lat' dir='ltr'>Quom&#39;rsm</span> <span class='ocrx_word' id='word_1_171' title='bbox 1244 2019 1441 2074; x_wconf 77' lang='lat' dir='ltr'>eo-Aet.1e‚at.</span> 
     </span>
     <span class='ocr_line' id='line_1_18' title="bbox 137 2107 1290 2189; baseline 0 -20"><span class='ocrx_word' id='word_1_172' title='bbox 137 2112 302 2189; x_wconf 70' lang='lat' dir='ltr'>gmurhrus,</span> <span class='ocrx_word' id='word_1_173' title='bbox 334 2109 467 2186; x_wconf 82' lang='lat' dir='ltr'>quosdam</span> <span class='ocrx_word' id='word_1_174' title='bbox 483 2107 595 2167; x_wconf 78' lang='lat' dir='ltr'>enodis</span> <span class='ocrx_word' id='word_1_175' title='bbox 611 2109 650 2166; x_wconf 85' lang='lat' dir='ltr'>cd</span> <span class='ocrx_word' id='word_1_176' title='bbox 664 2126 712 2165; x_wconf 91' lang='lat' dir='ltr'>uos</span> <span class='ocrx_word' id='word_1_177' title='bbox 727 2127 788 2165; x_wconf 84' lang='lat' dir='ltr'>esse</span> <span class='ocrx_word' id='word_1_178' title='bbox 796 2108 955 2187; x_wconf 69' lang='lat' dir='ltr'>perissemus,</span> <span class='ocrx_word' id='word_1_179' title='bbox 988 2112 1101 2186; x_wconf 70' lang='lat' dir='ltr'>suasque</span> <span class='ocrx_word' id='word_1_180' title='bbox 1117 2128 1165 2167; x_wconf 87' lang='lat' dir='ltr'>ons</span> <span class='ocrx_word' id='word_1_181' title='bbox 1176 2121 1290 2187; x_wconf 84' lang='lat' dir='ltr'>pertur-</span> 
     </span>
     <span class='ocr_line' id='line_1_19' title="bbox 140 2203 1397 2290; baseline -0.007 -19"><span class='ocrx_word' id='word_1_182' title='bbox 140 2212 220 2271; x_wconf 81' lang='lat' dir='ltr'>dusse</span> <span class='ocrx_word' id='word_1_183' title='bbox 235 2209 426 2281; x_wconf 74' lang='lat' dir='ltr'>sermonibus,</span> <span class='ocrx_word' id='word_1_184' title='bbox 457 2209 558 2287; x_wconf 80' lang='lat' dir='ltr'>qm‘dus</span> <span class='ocrx_word' id='word_1_185' title='bbox 574 2228 630 2268; x_wconf 78' lang='lat' dir='ltr'>non</span> <span class='ocrx_word' id='word_1_186' title='bbox 647 2210 837 2267; x_wconf 71' lang='lat' dir='ltr'>mendavimus</span> <span class='ocrx_word' id='word_1_187' title='bbox 853 2217 911 2268; x_wconf 89' lang='lat' dir='ltr'>etc.</span> <span class='ocrx_word' id='word_1_188' title='bbox 957 2203 1036 2269; x_wconf 90' lang='lat' dir='ltr'>ldem</span> <span class='ocrx_word' id='word_1_189' title='bbox 1056 2227 1170 2290; x_wconf 82' lang='lat' dir='ltr'>quoque</span> <span class='ocrx_word' id='word_1_190' title='bbox 1189 2228 1288 2271; x_wconf 91' lang='lat' dir='ltr'>eorum</span> <span class='ocrx_word' id='word_1_191' title='bbox 1302 2224 1351 2266; x_wconf 78' lang='lat' dir='ltr'>tet.</span> <span class='ocrx_word' id='word_1_192' title='bbox 1365 2221 1397 2264; x_wconf 85' lang='lat' dir='ltr'>rc.</span> 
     </span>
     <span class='ocr_line' id='line_1_20' title="bbox 138 2304 1290 2393; baseline -0.003 -18"><span class='ocrx_word' id='word_1_193' title='bbox 138 2331 215 2375; x_wconf 90' lang='lat' dir='ltr'>uuus</span> <span class='ocrx_word' id='word_1_194' title='bbox 232 2308 342 2392; x_wconf 87' lang='lat' dir='ltr'>estqui</span> <span class='ocrx_word' id='word_1_195' title='bbox 357 2327 390 2371; x_wconf 89' lang='lat' dir='ltr'>se</span> <span class='ocrx_word' id='word_1_196' title='bbox 405 2305 496 2372; x_wconf 90' lang='lat' dir='ltr'>Petro</span> <span class='ocrx_word' id='word_1_197' title='bbox 512 2318 725 2393; x_wconf 86' lang='lat' dir='ltr'>opposuerant,</span> <span class='ocrx_word' id='word_1_198' title='bbox 750 2329 814 2370; x_wconf 91' lang='lat' dir='ltr'>cum</span> <span class='ocrx_word' id='word_1_199' title='bbox 831 2309 866 2371; x_wconf 83' lang='lat' dir='ltr'>ed</span> <span class='ocrx_word' id='word_1_200' title='bbox 882 2318 1013 2371; x_wconf 88' lang='lat' dir='ltr'>sanctum</span> <span class='ocrx_word' id='word_1_201' title='bbox 1031 2304 1201 2371; x_wconf 86' lang='lat' dir='ltr'>Cornelium</span> <span class='ocrx_word' id='word_1_202' title='bbox 1218 2307 1290 2372; x_wconf 87' lang='lat' dir='ltr'>ivis-</span> 
     </span>
     <span class='ocr_line' id='line_1_21' title="bbox 138 2406 1290 2495; baseline -0.003 -19"><span class='ocrx_word' id='word_1_203' title='bbox 138 2424 201 2492; x_wconf 86' lang='lat' dir='ltr'>set,</span> <span class='ocrx_word' id='word_1_204' title='bbox 233 2431 329 2494; x_wconf 85' lang='lat' dir='ltr'>aquo</span> <span class='ocrx_word' id='word_1_205' title='bbox 349 2421 415 2495; x_wconf 91' lang='lat' dir='ltr'>post</span> <span class='ocrx_word' id='word_1_206' title='bbox 434 2409 560 2473; x_wconf 75' lang='lat' dir='ltr'>oblatum</span> <span class='ocrx_word' id='word_1_207' title='bbox 582 2431 635 2495; x_wconf 85' lang='lat' dir='ltr'>per</span> <span class='ocrx_word' id='word_1_208' title='bbox 655 2410 751 2473; x_wconf 87' lang='lat' dir='ltr'>visum</span> <span class='ocrx_word' id='word_1_209' title='bbox 771 2409 906 2494; x_wconf 83' lang='lat' dir='ltr'>angelum</span> <span class='ocrx_word' id='word_1_210' title='bbox 925 2419 988 2472; x_wconf 84' lang='lat' dir='ltr'>erat</span> <span class='ocrx_word' id='word_1_211' title='bbox 1006 2408 1176 2472; x_wconf 86' lang='lat' dir='ltr'>arcessitus.</span> <span class='ocrx_word' id='word_1_212' title='bbox 1222 2406 1290 2491; x_wconf 79' lang='lat' dir='ltr'>Quo</span> 
     </span>
     <span class='ocr_line' id='line_1_22' title="bbox 139 2509 1290 2600; baseline -0.005 -22"><span class='ocrx_word' id='word_1_213' title='bbox 139 2525 271 2600; x_wconf 89' lang='lat' dir='ltr'>tempore</span> <span class='ocrx_word' id='word_1_214' title='bbox 290 2512 438 2575; x_wconf 75' lang='lat' dir='ltr'>dubitante</span> <span class='ocrx_word' id='word_1_215' title='bbox 457 2509 546 2575; x_wconf 90' lang='lat' dir='ltr'>Petro</span> <span class='ocrx_word' id='word_1_216' title='bbox 564 2512 683 2576; x_wconf 90' lang='lat' dir='ltr'>linteum</span> <span class='ocrx_word' id='word_1_217' title='bbox 702 2511 771 2574; x_wconf 89' lang='lat' dir='ltr'>illud</span> <span class='ocrx_word' id='word_1_218' title='bbox 791 2533 856 2574; x_wconf 92' lang='lat' dir='ltr'>cum</span> <span class='ocrx_word' id='word_1_219' title='bbox 875 2512 911 2574; x_wconf 88' lang='lat' dir='ltr'>iis</span> <span class='ocrx_word' id='word_1_220' title='bbox 931 2532 1004 2595; x_wconf 80' lang='lat' dir='ltr'>quac</span> <span class='ocrx_word' id='word_1_221' title='bbox 1023 2509 1192 2574; x_wconf 80' lang='lat' dir='ltr'>conhuehet</span> <span class='ocrx_word' id='word_1_222' title='bbox 1209 2509 1290 2574; x_wconf 91' lang='lat' dir='ltr'>ohie·</span> 
     </span>
     <span class='ocr_line' id='line_1_23' title="bbox 138 2611 1290 2699; baseline -0.004 -20"><span class='ocrx_word' id='word_1_223' title='bbox 138 2627 216 2680; x_wconf 89' lang='lat' dir='ltr'>ctum</span> <span class='ocrx_word' id='word_1_224' title='bbox 233 2624 297 2695; x_wconf 85' lang='lat' dir='ltr'>est,</span> <span class='ocrx_word' id='word_1_225' title='bbox 320 2625 352 2677; x_wconf 91' lang='lat' dir='ltr'>et</span> <span class='ocrx_word' id='word_1_226' title='bbox 367 2635 383 2679; x_wconf 92' lang='lat' dir='ltr'>a</span> <span class='ocrx_word' id='word_1_227' title='bbox 399 2614 516 2677; x_wconf 91' lang='lat' dir='ltr'>domino</span> <span class='ocrx_word' id='word_1_228' title='bbox 531 2615 607 2678; x_wconf 88' lang='lat' dir='ltr'>istud</span> <span class='ocrx_word' id='word_1_229' title='bbox 621 2615 714 2699; x_wconf 89' lang='lat' dir='ltr'>ipsum</span> <span class='ocrx_word' id='word_1_230' title='bbox 731 2614 837 2691; x_wconf 81' lang='lat' dir='ltr'>audiit,</span> <span class='ocrx_word' id='word_1_231' title='bbox 868 2634 905 2677; x_wconf 91' lang='lat' dir='ltr'>ue</span> <span class='ocrx_word' id='word_1_232' title='bbox 921 2614 987 2697; x_wconf 88' lang='lat' dir='ltr'>quid</span> <span class='ocrx_word' id='word_1_233' title='bbox 1003 2633 1156 2677; x_wconf 88' lang='lat' dir='ltr'>commune</span> <span class='ocrx_word' id='word_1_234' title='bbox 1172 2612 1221 2675; x_wconf 91' lang='lat' dir='ltr'>vel</span> <span class='ocrx_word' id='word_1_235' title='bbox 1237 2611 1290 2675; x_wconf 90' lang='lat' dir='ltr'>im-</span> 
     </span>
     <span class='ocr_line' id='line_1_24' title="bbox 139 2712 1289 2802; baseline -0.003 -22"><span class='ocrx_word' id='word_1_236' title='bbox 139 2736 241 2802; x_wconf 90' lang='lat' dir='ltr'>purum</span> <span class='ocrx_word' id='word_1_237' title='bbox 259 2717 427 2802; x_wconf 76' lang='lat' dir='ltr'>appelleret.</span> <span class='ocrx_word' id='word_1_238' title='bbox 473 2712 568 2801; x_wconf 81' lang='lat' dir='ltr'>Igitur</span> <span class='ocrx_word' id='word_1_239' title='bbox 581 2713 742 2780; x_wconf 76' lang='lat' dir='ltr'>cerinthus</span> <span class='ocrx_word' id='word_1_240' title='bbox 758 2715 994 2778; x_wconf 89' lang='lat' dir='ltr'>circumcisorum</span> <span class='ocrx_word' id='word_1_241' title='bbox 1009 2735 1128 2799; x_wconf 83' lang='lat' dir='ltr'>gregem</span> <span class='ocrx_word' id='word_1_242' title='bbox 1146 2715 1289 2780; x_wconf 78' lang='lat' dir='ltr'>adversus</span> 
     </span>
     <span class='ocr_line' id='line_1_25' title="bbox 139 2816 1427 2902; baseline -0.009 -20"><span class='ocrx_word' id='word_1_243' title='bbox 139 2816 258 2882; x_wconf 86' lang='lat' dir='ltr'>Petrum</span> <span class='ocrx_word' id='word_1_244' title='bbox 277 2828 473 2882; x_wconf 86' lang='lat' dir='ltr'>revertentem</span> <span class='ocrx_word' id='word_1_245' title='bbox 491 2819 648 2882; x_wconf 86' lang='lat' dir='ltr'>commovit</span> <span class='ocrx_word' id='word_1_246' title='bbox 666 2816 898 2902; x_wconf 83' lang='lat' dir='ltr'>Hierosolymis,</span> <span class='ocrx_word' id='word_1_247' title='bbox 929 2817 1045 2881; x_wconf 88' lang='lat' dir='ltr'>dicens:</span> <span class='ocrx_word' id='word_1_248' title='bbox 1077 2822 1228 2897; x_wconf 82' lang='lat' dir='ltr'>Ingressus</span> <span class='ocrx_word' id='word_1_249' title='bbox 1245 2829 1289 2879; x_wconf 87' lang='lat' dir='ltr'>est</span> <span class='ocrx_word' id='word_1_250' title='bbox 1301 2832 1347 2874; x_wconf 78' lang='lat' dir='ltr'>set.</span> <span class='ocrx_word' id='word_1_251' title='bbox 1361 2829 1393 2883; x_wconf 88' lang='lat'>11,</span> <span class='ocrx_word' id='word_1_252' title='bbox 1406 2831 1427 2873; x_wconf 88' lang='lat' dir='ltr'>s.</span> 
     </span>
     <span class='ocr_line' id='line_1_26' title="bbox 140 2916 1289 3002; baseline 0.001 -21"><span class='ocrx_word' id='word_1_253' title='bbox 140 2923 179 2981; x_wconf 83' lang='lat' dir='ltr'>ed</span> <span class='ocrx_word' id='word_1_254' title='bbox 191 2926 267 2982; x_wconf 69' lang='lat' dir='ltr'>uiros</span> <span class='ocrx_word' id='word_1_255' title='bbox 279 2925 457 3001; x_wconf 61' lang='lat' dir='ltr'>propenens</span> <span class='ocrx_word' id='word_1_256' title='bbox 470 2923 612 2983; x_wconf 81' lang='lat' dir='ltr'>ludentes.</span> <span class='ocrx_word' id='word_1_257' title='bbox 659 2916 746 3002; x_wconf 79' lang='lat' dir='ltr'>Quod</span> <span class='ocrx_word' id='word_1_258' title='bbox 764 2918 878 3002; x_wconf 87' lang='lat' dir='ltr'>quidem</span> <span class='ocrx_word' id='word_1_259' title='bbox 893 2919 928 2983; x_wconf 92' lang='lat' dir='ltr'>eh</span> <span class='ocrx_word' id='word_1_260' title='bbox 945 2922 1102 2983; x_wconf 85' lang='lat' dir='ltr'>coiectum</span> <span class='ocrx_word' id='word_1_261' title='bbox 1119 2931 1180 2997; x_wconf 88' lang='lat' dir='ltr'>est,</span> <span class='ocrx_word' id='word_1_262' title='bbox 1205 2930 1289 2983; x_wconf 87' lang='lat' dir='ltr'>ente-</span> 
     </span>
     <span class='ocr_line' id='line_1_27' title="bbox 140 3021 1287 3106; baseline 0 -23"><span class='ocrx_word' id='word_1_263' title='bbox 140 3040 224 3106; x_wconf 85' lang='lat' dir='ltr'>quem</span> <span class='ocrx_word' id='word_1_264' title='bbox 240 3041 322 3086; x_wconf 90' lang='lat' dir='ltr'>snum</span> <span class='ocrx_word' id='word_1_265' title='bbox 338 3023 368 3084; x_wconf 89' lang='lat' dir='ltr'>iu</span> <span class='ocrx_word' id='word_1_266' title='bbox 383 3021 459 3085; x_wconf 81' lang='lat' dir='ltr'>Asia</span> <span class='ocrx_word' id='word_1_267' title='bbox 475 3023 580 3105; x_wconf 77' lang='lat' dir='ltr'>dogma</span> <span class='ocrx_word' id='word_1_268' title='bbox 596 3021 795 3106; x_wconf 84' lang='lat' dir='ltr'>praediceret,</span> <span class='ocrx_word' id='word_1_269' title='bbox 826 3041 916 3105; x_wconf 86' lang='lat' dir='ltr'>seque</span> <span class='ocrx_word' id='word_1_270' title='bbox 932 3022 962 3084; x_wconf 90' lang='lat' dir='ltr'>in</span> <span class='ocrx_word' id='word_1_271' title='bbox 979 3023 1063 3086; x_wconf 78' lang='lat' dir='ltr'>exitii</span> <span class='ocrx_word' id='word_1_272' title='bbox 1080 3021 1127 3085; x_wconf 93' lang='lat' dir='ltr'>sui</span> <span class='ocrx_word' id='word_1_273' title='bbox 1142 3022 1287 3106; x_wconf 80' lang='lat' dir='ltr'>gurgitem</span> 
     </span>
     <span class='ocr_line' id='line_1_28' title="bbox 138 3121 1289 3209; baseline -0.002 -23"><span class='ocrx_word' id='word_1_274' title='bbox 138 3122 308 3209; x_wconf 77' lang='lat' dir='ltr'>profundius</span> <span class='ocrx_word' id='word_1_275' title='bbox 326 3123 506 3187; x_wconf 90' lang='lat' dir='ltr'>immitteret.</span> <span class='ocrx_word' id='word_1_276' title='bbox 552 3121 628 3186; x_wconf 89' lang='lat' dir='ltr'>Nem</span> <span class='ocrx_word' id='word_1_277' title='bbox 645 3144 711 3185; x_wconf 91' lang='lat' dir='ltr'>cum</span> <span class='ocrx_word' id='word_1_278' title='bbox 727 3123 917 3186; x_wconf 89' lang='lat' dir='ltr'>circumcisus</span> <span class='ocrx_word' id='word_1_279' title='bbox 935 3124 980 3187; x_wconf 82' lang='lat' dir='ltr'>liic</span> <span class='ocrx_word' id='word_1_280' title='bbox 996 3135 1093 3203; x_wconf 89' lang='lat' dir='ltr'>esset,</span> <span class='ocrx_word' id='word_1_281' title='bbox 1124 3135 1155 3186; x_wconf 94' lang='lat' dir='ltr'>ut</span> <span class='ocrx_word' id='word_1_282' title='bbox 1171 3143 1222 3185; x_wconf 87' lang='lat' dir='ltr'>eos</span> <span class='ocrx_word' id='word_1_283' title='bbox 1239 3122 1289 3205; x_wconf 89' lang='lat' dir='ltr'>qui</span> 
     </span>
     <span class='ocr_line' id='line_1_29' title="bbox 137 3223 1289 3311; baseline -0.005 -21"><span class='ocrx_word' id='word_1_284' title='bbox 137 3233 254 3290; x_wconf 80' lang='lat' dir='ltr'>retento</span> <span class='ocrx_word' id='word_1_285' title='bbox 271 3225 422 3311; x_wconf 83' lang='lat' dir='ltr'>praeputio</span> <span class='ocrx_word' id='word_1_286' title='bbox 438 3224 539 3289; x_wconf 89' lang='lat' dir='ltr'>ddeles</span> <span class='ocrx_word' id='word_1_287' title='bbox 557 3235 643 3288; x_wconf 81' lang='lat' dir='ltr'>eraut</span> <span class='ocrx_word' id='word_1_288' title='bbox 661 3225 870 3305; x_wconf 88' lang='lat' dir='ltr'>ulcisceretur,</span> <span class='ocrx_word' id='word_1_289' title='bbox 901 3226 1086 3290; x_wconf 82' lang='lat' dir='ltr'>occasionem</span> <span class='ocrx_word' id='word_1_290' title='bbox 1104 3246 1121 3287; x_wconf 87' lang='lat' dir='ltr'>e</span> <span class='ocrx_word' id='word_1_291' title='bbox 1137 3223 1289 3287; x_wconf 86' lang='lat' dir='ltr'>circumci-</span> 
     </span>
     <span class='ocr_line' id='line_1_30' title="bbox 137 3327 428 3393; baseline -0.014 0"><span class='ocrx_word' id='word_1_292' title='bbox 137 3327 222 3393; x_wconf 87' lang='lat' dir='ltr'>sione</span> <span class='ocrx_word' id='word_1_293' title='bbox 243 3337 348 3391; x_wconf 88' lang='lat' dir='ltr'>uactus</span> <span class='ocrx_word' id='word_1_294' title='bbox 369 3338 428 3391; x_wconf 90' lang='lat' dir='ltr'>est.</span> 
     </span>
    </p>

    <p class='ocr_par' dir='ltr' id='par_1_4' title="bbox 135 3426 1425 4430">
     <span class='ocr_line' id='line_1_31' title="bbox 220 3426 1425 3515; baseline -0.009 -21"><span class='ocrx_word' id='word_1_295' title='bbox 220 3426 282 3494; x_wconf 88' lang='lat' dir='ltr'>Sed</span> <span class='ocrx_word' id='word_1_296' title='bbox 299 3451 364 3492; x_wconf 88' lang='lat' dir='ltr'>eum</span> <span class='ocrx_word' id='word_1_297' title='bbox 382 3428 515 3492; x_wconf 87' lang='lat' dir='ltr'>dominus</span> <span class='ocrx_word' id='word_1_298' title='bbox 530 3427 648 3493; x_wconf 84' lang='lat' dir='ltr'>humaui</span> <span class='ocrx_word' id='word_1_299' title='bbox 667 3429 785 3513; x_wconf 84' lang='lat' dir='ltr'>generis</span> <span class='ocrx_word' id='word_1_300' title='bbox 804 3451 901 3493; x_wconf 89' lang='lat' dir='ltr'>curam</span> <span class='ocrx_word' id='word_1_301' title='bbox 920 3440 1060 3515; x_wconf 90' lang='lat' dir='ltr'>perpetuo</span> <span class='ocrx_word' id='word_1_302' title='bbox 1076 3437 1179 3510; x_wconf 86' lang='lat' dir='ltr'>gerat,</span> <span class='ocrx_word' id='word_1_303' title='bbox 1209 3438 1239 3490; x_wconf 91' lang='lat' dir='ltr'>et</span> <span class='ocrx_word' id='word_1_304' title='bbox 1255 3426 1285 3490; x_wconf 90' lang='lat' dir='ltr'>iu</span> <span class='ocrx_word' id='word_1_305' title='bbox 1304 3433 1363 3500; x_wconf 83' lang='lat' dir='ltr'>Cap.</span> <span class='ocrx_word' id='word_1_306' title='bbox 1376 3435 1425 3503; x_wconf 78' lang='grc' dir='ltr'>ιιι.Ι</span> 
     </span>
     <span class='ocr_line' id='line_1_32' title="bbox 137 3527 1287 3597; baseline -0.002 -1"><span class='ocrx_word' id='word_1_307' title='bbox 137 3532 271 3596; x_wconf 84' lang='lat' dir='ltr'>veritetis</span> <span class='ocrx_word' id='word_1_308' title='bbox 285 3531 448 3597; x_wconf 85' lang='lat' dir='ltr'>amantibus</span> <span class='ocrx_word' id='word_1_309' title='bbox 463 3531 529 3595; x_wconf 83' lang='lat' dir='ltr'>liliis</span> <span class='ocrx_word' id='word_1_310' title='bbox 543 3543 651 3595; x_wconf 89' lang='lat' dir='ltr'>certem</span> <span class='ocrx_word' id='word_1_311' title='bbox 665 3554 699 3596; x_wconf 89' lang='lat' dir='ltr'>ec</span> <span class='ocrx_word' id='word_1_312' title='bbox 714 3544 896 3596; x_wconf 78' lang='lat' dir='ltr'>constantem</span> <span class='ocrx_word' id='word_1_313' title='bbox 911 3533 988 3595; x_wconf 90' lang='lat' dir='ltr'>illius</span> <span class='ocrx_word' id='word_1_314' title='bbox 1007 3531 1090 3593; x_wconf 85' lang='lat' dir='ltr'>tidem</span> <span class='ocrx_word' id='word_1_315' title='bbox 1110 3527 1239 3593; x_wconf 86' lang='lat' dir='ltr'>stabilire</span> <span class='ocrx_word' id='word_1_316' title='bbox 1251 3551 1287 3594; x_wconf 90' lang='lat' dir='ltr'>cc</span> 
     </span>
     <span class='ocr_line' id='line_1_33' title="bbox 137 3631 1285 3719; baseline 0 -21"><span class='ocrx_word' id='word_1_317' title='bbox 137 3635 309 3698; x_wconf 87' lang='lat' dir='ltr'>eoulirmare</span> <span class='ocrx_word' id='word_1_318' title='bbox 330 3635 441 3713; x_wconf 82' lang='lat' dir='ltr'>soleat,</span> <span class='ocrx_word' id='word_1_319' title='bbox 474 3656 539 3698; x_wconf 89' lang='lat' dir='ltr'>oum</span> <span class='ocrx_word' id='word_1_320' title='bbox 559 3634 744 3699; x_wconf 84' lang='lat' dir='ltr'>sanctissimo</span> <span class='ocrx_word' id='word_1_321' title='bbox 763 3634 896 3719; x_wconf 87' lang='lat' dir='ltr'>apostolo</span> <span class='ocrx_word' id='word_1_322' title='bbox 914 3631 1003 3696; x_wconf 89' lang='lat' dir='ltr'>Petro</span> <span class='ocrx_word' id='word_1_323' title='bbox 1023 3631 1190 3695; x_wconf 80' lang='lat' dir='ltr'>confutandi</span> <span class='ocrx_word' id='word_1_324' title='bbox 1208 3631 1285 3698; x_wconf 87' lang='lat' dir='ltr'>illius</span> 
     </span>
     <span class='ocr_line' id='line_1_34' title="bbox 136 3730 1284 3816; baseline -0.001 -17"><span class='ocrx_word' id='word_1_325' title='bbox 136 3735 303 3800; x_wconf 80' lang='lat' dir='ltr'>iacuhetem</span> <span class='ocrx_word' id='word_1_326' title='bbox 330 3737 533 3802; x_wconf 82' lang='lat' dir='ltr'>serationem</span> <span class='ocrx_word' id='word_1_327' title='bbox 559 3737 704 3816; x_wconf 89' lang='lat' dir='ltr'>dedisset,</span> <span class='ocrx_word' id='word_1_328' title='bbox 739 3736 894 3800; x_wconf 85' lang='lat' dir='ltr'>manileste</span> <span class='ocrx_word' id='word_1_329' title='bbox 921 3733 1053 3797; x_wconf 87' lang='lat' dir='ltr'>omnihus</span> <span class='ocrx_word' id='word_1_330' title='bbox 1080 3744 1126 3796; x_wconf 89' lang='lat' dir='ltr'>est</span> <span class='ocrx_word' id='word_1_331' title='bbox 1150 3730 1284 3798; x_wconf 81' lang='lat' dir='ltr'>Cerimhi</span> 
     </span>
     <span class='ocr_line' id='line_1_35' title="bbox 137 3836 1421 3924; baseline -0.003 -22"><span class='ocrx_word' id='word_1_332' title='bbox 137 3848 288 3924; x_wconf 87' lang='lat' dir='ltr'>comperte</span> <span class='ocrx_word' id='word_1_333' title='bbox 300 3839 455 3904; x_wconf 86' lang='lat' dir='ltr'>stoliditas.</span> <span class='ocrx_word' id='word_1_334' title='bbox 485 3836 530 3903; x_wconf 88' lang='lat' dir='ltr'>lte</span> <span class='ocrx_word' id='word_1_335' title='bbox 544 3839 622 3903; x_wconf 87' lang='lat' dir='ltr'>enim</span> <span class='ocrx_word' id='word_1_336' title='bbox 635 3838 785 3924; x_wconf 80' lang='lat' dir='ltr'>spostolus</span> <span class='ocrx_word' id='word_1_337' title='bbox 799 3838 914 3901; x_wconf 89' lang='lat' dir='ltr'>locutus</span> <span class='ocrx_word' id='word_1_338' title='bbox 928 3846 991 3900; x_wconf 82' lang='lat' dir='ltr'>est:</span> <span class='ocrx_word' id='word_1_339' title='bbox 1009 3841 1073 3917; x_wconf 77' lang='lat' dir='ltr'>ligo</span> <span class='ocrx_word' id='word_1_340' title='bbox 1085 3858 1160 3900; x_wconf 73' lang='lat' dir='ltr'>mam</span> <span class='ocrx_word' id='word_1_341' title='bbox 1173 3842 1202 3899; x_wconf 82' lang='lat' dir='ltr'>in</span> <span class='ocrx_word' id='word_1_342' title='bbox 1217 3843 1285 3899; x_wconf 72' lang='lat' dir='ltr'>caci·</span> <span class='ocrx_word' id='word_1_343' title='bbox 1299 3847 1345 3889; x_wconf 72' lang='lat' dir='ltr'>aa.</span> <span class='ocrx_word' id='word_1_344' title='bbox 1360 3845 1393 3897; x_wconf 79' lang='lat'>¹¹.</span> <span class='ocrx_word' id='word_1_345' title='bbox 1408 3846 1421 3887; x_wconf 81' lang='lat'>⁵</span> 
     </span>
     <span class='ocr_line' id='line_1_36' title="bbox 137 3910 1383 4023; baseline -0.002 -21"><span class='ocrx_word' id='word_1_346' title='bbox 137 3951 195 4003; x_wconf 81' lang='lat' dir='ltr'>tute</span> <span class='ocrx_word' id='word_1_347' title='bbox 203 3946 307 4023; x_wconf 79' lang='lat' dir='ltr'>Ioppe:</span> <span class='ocrx_word' id='word_1_348' title='bbox 328 3954 356 4004; x_wconf 89' lang='lat' dir='ltr'>et</span> <span class='ocrx_word' id='word_1_349' title='bbox 365 3945 425 4002; x_wconf 82' lang='lat' dir='ltr'>cciii</span> <span class='ocrx_word' id='word_1_350' title='bbox 435 3945 525 4003; x_wconf 74' lang='lat' dir='ltr'>media</span> <span class='ocrx_word' id='word_1_351' title='bbox 538 3945 600 4004; x_wconf 76' lang='lat' dir='ltr'>luce</span> <span class='ocrx_word' id='word_1_352' title='bbox 612 3946 690 4004; x_wconf 69' lang='lat' dir='ltr'>ethna</span> <span class='ocrx_word' id='word_1_353' title='bbox 703 3945 799 4002; x_wconf 82' lang='lat' dir='ltr'>loram</span> <span class='ocrx_word' id='word_1_354' title='bbox 812 3950 920 4000; x_wconf 78' lang='lat' dir='ltr'>scetem</span> <span class='ocrx_word' id='word_1_355' title='bbox 934 3941 1046 4001; x_wconf 67' lang='lat' dir='ltr'>linteum</span> <span class='ocrx_word' id='word_1_356' title='bbox 1063 3953 1184 4021; x_wconf 81' lang='lat' dir='ltr'>quatuor</span> <span class='ocrx_word' id='word_1_357' title='bbox 1196 3944 1285 4002; x_wconf 77' lang='lat' dir='ltr'>ries&#39;tis&#39;s</span> <span class='ocrx_word' id='word_1_358' title='bbox 1335 3910 1383 3952; x_wconf 59' lang='lat' dir='ltr'><strong>&#39;qq&#39;</strong></span> 
     </span>
     <span class='ocr_line' id='line_1_37' title="bbox 137 4045 1288 4124; baseline -0.002 -18"><span class='ocrx_word' id='word_1_359' title='bbox 137 4048 276 4106; x_wconf 68' lang='lat' dir='ltr'>summitti</span> <span class='ocrx_word' id='word_1_360' title='bbox 293 4049 327 4106; x_wconf 83' lang='lat' dir='ltr'>de</span> <span class='ocrx_word' id='word_1_361' title='bbox 348 4047 440 4118; x_wconf 81' lang='lat' dir='ltr'>coelo,</span> <span class='ocrx_word' id='word_1_362' title='bbox 474 4048 503 4105; x_wconf 84' lang='lat' dir='ltr'>in</span> <span class='ocrx_word' id='word_1_363' title='bbox 527 4065 582 4124; x_wconf 83' lang='lat' dir='ltr'>quc</span> <span class='ocrx_word' id='word_1_364' title='bbox 603 4055 688 4105; x_wconf 71' lang='lat' dir='ltr'>munt</span> <span class='ocrx_word' id='word_1_365' title='bbox 706 4047 798 4104; x_wconf 78' lang='lat' dir='ltr'>omnic</span> <span class='ocrx_word' id='word_1_366' title='bbox 819 4045 1010 4122; x_wconf 69' lang='lat' dir='ltr'>quadrupedia</span> <span class='ocrx_word' id='word_1_367' title='bbox 1029 4056 1064 4104; x_wconf 88' lang='lat' dir='ltr'>et·</span> <span class='ocrx_word' id='word_1_368' title='bbox 1077 4045 1200 4123; x_wconf 74' lang='lat' dir='ltr'>reptilis.</span> <span class='ocrx_word' id='word_1_369' title='bbox 1246 4046 1288 4104; x_wconf 82' lang='lat' dir='ltr'>Et</span> 
     </span>
     <span class='ocr_line' id='line_1_38' title="bbox 135 4147 1282 4226; baseline -0.002 -19"><span class='ocrx_word' id='word_1_370' title='bbox 135 4148 212 4207; x_wconf 69' lang='lat' dir='ltr'>dhet</span> <span class='ocrx_word' id='word_1_371' title='bbox 228 4149 311 4221; x_wconf 80' lang='lat' dir='ltr'>mr’dr&#39;,</span> <span class='ocrx_word' id='word_1_372' title='bbox 345 4151 445 4209; x_wconf 80' lang='lat' dir='ltr'>Occide</span> <span class='ocrx_word' id='word_1_373' title='bbox 465 4158 495 4208; x_wconf 87' lang='lat' dir='ltr'>et</span> <span class='ocrx_word' id='word_1_374' title='bbox 509 4151 654 4208; x_wconf 76' lang='lat' dir='ltr'>munduca.</span> <span class='ocrx_word' id='word_1_375' title='bbox 699 4148 772 4206; x_wconf 76' lang='lat' dir='ltr'>Dici</span> <span class='ocrx_word' id='word_1_376' title='bbox 786 4156 895 4218; x_wconf 82' lang='lat' dir='ltr'>eutem,</span> <span class='ocrx_word' id='word_1_377' title='bbox 925 4147 1124 4226; x_wconf 77' lang='lat' dir='ltr'>Nequaquam,</span> <span class='ocrx_word' id='word_1_378' title='bbox 1157 4147 1282 4218; x_wconf 72' lang='lat' dir='ltr'>demulce,-</span> 
     </span>
     <span class='ocr_line' id='line_1_39' title="bbox 135 4250 1283 4331; baseline -0.003 -21"><span class='ocrx_word' id='word_1_379' title='bbox 135 4253 202 4329; x_wconf 79' lang='lat' dir='ltr'>que’n</span> <span class='ocrx_word' id='word_1_380' title='bbox 217 4252 294 4311; x_wconf 76' lang='lat' dir='ltr'>ns’ds&#39;l</span> <span class='ocrx_word' id='word_1_381' title='bbox 309 4270 430 4331; x_wconf 83' lang='lat' dir='ltr'>unquum</span> <span class='ocrx_word' id='word_1_382' title='bbox 445 4257 586 4310; x_wconf 75' lang='lat' dir='ltr'>comune</span> <span class='ocrx_word' id='word_1_383' title='bbox 602 4250 649 4308; x_wconf 84' lang='lat' dir='ltr'>vel</span> <span class='ocrx_word' id='word_1_384' title='bbox 665 4250 1022 4310; x_wconf 62' lang='lat' dir='ltr'>concedereconcidere</span> <span class='ocrx_word' id='word_1_385' title='bbox 1036 4271 1068 4309; x_wconf 90' lang='lat' dir='ltr'>os</span> <span class='ocrx_word' id='word_1_386' title='bbox 1087 4268 1185 4308; x_wconf 86' lang='lat' dir='ltr'>meum.</span> <span class='ocrx_word' id='word_1_387' title='bbox 1232 4251 1283 4308; x_wconf 89' lang='lat' dir='ltr'>lle·</span> 
     </span>
     <span class='ocr_line' id='line_1_40' title="bbox 136 4351 1283 4430; baseline -0.003 -17"><span class='ocrx_word' id='word_1_388' title='bbox 136 4354 249 4430; x_wconf 75' lang='lat' dir='ltr'>spondit</span> <span class='ocrx_word' id='word_1_389' title='bbox 261 4364 353 4415; x_wconf 84' lang='lat' dir='ltr'>cutem</span> <span class='ocrx_word' id='word_1_390' title='bbox 373 4355 444 4413; x_wconf 82' lang='lat' dir='ltr'>mr‘dr&#39;</span> <span class='ocrx_word' id='word_1_391' title='bbox 459 4373 515 4412; x_wconf 78' lang='lat' dir='ltr'>voc</span> <span class='ocrx_word' id='word_1_392' title='bbox 532 4354 567 4412; x_wconf 84' lang='lat' dir='ltr'>de</span> <span class='ocrx_word' id='word_1_393' title='bbox 584 4352 678 4423; x_wconf 88' lang='lat' dir='ltr'>coelo,</span> <span class='ocrx_word' id='word_1_394' title='bbox 704 4351 781 4427; x_wconf 80' lang='lat' dir='ltr'>Quae</span> <span class='ocrx_word' id='word_1_395' title='bbox 797 4352 865 4411; x_wconf 82' lang='lat' dir='ltr'>deus</span> <span class='ocrx_word' id='word_1_396' title='bbox 880 4354 1039 4424; x_wconf 79' lang='lat' dir='ltr'>mundarit,</span> <span class='ocrx_word' id='word_1_397' title='bbox 1064 4360 1095 4409; x_wconf 84' lang='lat' dir='ltr'>tu</span> <span class='ocrx_word' id='word_1_398' title='bbox 1113 4371 1149 4410; x_wconf 83' lang='lat' dir='ltr'>ne</span> <span class='ocrx_word' id='word_1_399' title='bbox 1164 4371 1283 4410; x_wconf 84' lang='lat' dir='ltr'>commu-</span> 
     </span>
    </p>
   </div>
   <div class='ocr_carea' id='block_1_4' title="bbox 136 4455 1286 4538">
    <p class='ocr_par' dir='ltr' id='par_1_5' title="bbox 136 4455 1286 4538">
     <span class='ocr_line' id='line_1_41' title="bbox 136 4455 1286 4538; baseline -0.001 -26"><span class='ocrx_word' id='word_1_400' title='bbox 136 4455 184 4515; x_wconf 86' lang='lat' dir='ltr'>nr&#39;u</span> <span class='ocrx_word' id='word_1_401' title='bbox 199 4457 317 4517; x_wconf 63' lang='lat' dir='ltr'>deheres.</span> <span class='ocrx_word' id='word_1_402' title='bbox 364 4459 404 4517; x_wconf 82' lang='lat' dir='ltr'>Et</span> <span class='ocrx_word' id='word_1_403' title='bbox 418 4455 562 4538; x_wconf 75' lang='lat' dir='ltr'>consessor</span> <span class='ocrx_word' id='word_1_404' title='bbox 582 4473 645 4514; x_wconf 86' lang='lat' dir='ltr'>eece</span> <span class='ocrx_word' id='word_1_405' title='bbox 661 4455 716 4514; x_wconf 86' lang='lat' dir='ltr'>duo</span> <span class='ocrx_word' id='word_1_406' title='bbox 733 4456 791 4514; x_wconf 79' lang='lat' dir='ltr'>oiri</span> <span class='ocrx_word' id='word_1_407' title='bbox 804 4458 957 4516; x_wconf 81' lang='lat' dir='ltr'>astiterunt</span> <span class='ocrx_word' id='word_1_408' title='bbox 972 4458 1002 4515; x_wconf 82' lang='lat' dir='ltr'>in</span> <span class='ocrx_word' id='word_1_409' title='bbox 1019 4456 1109 4514; x_wconf 85' lang='lat' dir='ltr'>domo.</span> <span class='ocrx_word' id='word_1_410' title='bbox 1155 4456 1195 4514; x_wconf 76' lang='lat' dir='ltr'>Et</span> <span class='ocrx_word' id='word_1_411' title='bbox 1211 4455 1286 4513; x_wconf 65' lang='lat' dir='ltr'>dreit</span> 
     </span>
    </p>
   </div>
   <div class='ocr_carea' id='block_1_5' title="bbox 0 0 1528 5084">
    <p class='ocr_par' dir='ltr' id='par_1_6' title="bbox 0 0 1528 5084">
     <span class='ocr_line' id='line_1_42' title="bbox 0 0 1528 5084; baseline 0 2"><span class='ocrx_word' id='word_1_412' title='bbox 0 0 1528 5084; x_wconf 95' lang='lat' dir='ltr'> </span> 
     </span>
    </p>
   </div>
  </div>
 </body>
</html>
