3046 5084
392 343 797 397 subauscultemus.
814 341 1004 395 aaauxnu.
1213 327 1275 392 687

126 461 242 529 lleiode
260 464 286 529 si
303 476 337 529 nt
356 475 494 530 servaret
510 463 659 529 hominnm
679 483 773 548 genus
797 461 966 546 unigenitus
987 461 1037 525 ille
1056 459 1223 540 descendit,
1246 472 1276 524 st

126 568 318 633 colatronem
334 567 364 630 in
381 563 552 631 Paradisum
572 566 786 645 introduceret,
810 584 845 627 ac
862 563 1046 646 publicanum
1060 582 1077 626 c
1095 562 1204 626 telonio
1224 583 1275 625 vo·

127 681 208 735 caret
223 671 260 734 ad
277 669 505 756 poenitentiam,
529 691 565 733 ac
586 658 860 747 meretricis'illins,
883 687 959 750 quae
975 665 1064 750 pedes
1086 686 1156 729 suos
1179 664 1274 742 unxit,

125 783 249 837 sanaret·
262 770 440 857 nequitiamc
464 782 618 858 praeterea
634 771 660 835 si
675 770 861 835 commodare
877 768 1010 833 omnibns
1026 769 1123 832 studet
1135 768 1212 831 idem
1226 767 1276 831 ille

125 875 174 960 qui
198 875 294 939 honus
312 875 472 964 deusest,
496 896 531 938 ac
554 874 723 938 misericors
745 883 779 937 ‘et
793 873 955 957 benignus,
980 871 1069 935 malm
1091 869 1184 954 magis
1206 891 1276 953 erga

126 988 276 1064 parantem
295 975 458 1041 adhibenda
477 976 677 1041 misericordia
702 976 772 1054 fnit,
795 986 827 1040 nt
848 974 925 1038 hunc
941 973 1062 1061 primum
1081 974 1208 1037 omnium
1230 994 1277 1037 re·

127 1092 248 1146 vocaret
262 1081 297 1144 ad
312 1079 448 1159 salntem,
467 1099 561 1164 eoque
578 1100 647 1165 prae
663 1080 773 1143 ceteris
784 1078 821 1141 ad
836 1076 957 1140 meliora
971 1088 1117 1141 converso
1130 1078 1276 1163 perlectae

126 1181 265 1246 bonitatis
287 1181 436 1269 specimen
460 1181 631 1267 praeberet,
657 1182 724 1247 dom
746 1181 876 1267 parentis
896 1179 943 1243 sui
967 1179 1156 1244 miseratione
1178 1201 1278 1244 move·

127 1295 224 1363 retur,
249 1285 489 1369 quemadmodum
514 1285 653 1370 scriptum
680 1294 745 1347 est:
777 1285 968 1364 benefacere
989 1285 1115 1345 omnebus
1136 1295 1273 1364 operm
1290 1307 1341 1351 oar.
1356 1310 1382 1362 a,
1399 1311 1428 1353 u.
1496 1271 1499 1277 ²

127 1392 247 1449 mathae
264 1410 329 1449 uero
344 1392 502 1450 dommta'ea's
514 1391 608 1468 fidei.-
633 1397 742 1471 quanto
758 1387 849 1470 igitur
865 1386 959 1470 magis
975 1395 1127 1470 parentum
1144 1385 1277 1449 misereri

127 1490 285 1554 convenit?
329 1486 389 1554 Sed
413 1490 489 1554 aliud
511 1501 557 1554 cst
576 1489 651 1574 quod
669 1490 705 1552 ad
723 1489 798 1553 hanc
815 1485 978 1552 Marcionis
999 1487 1204 1553 refutationem
1227 1490 1278 1552 ad-

128 1592 252 1656 dendum
268 1591 394 1656 videtur.
440 1590 518 1656 Nam
534 1593 579 1670 si,
601 1613 665 1655 cum
681 1592 802 1656 alterins
821 1601 902 1654 esset
917 1590 965 1653 ille
982 1589 1075 1669 lilius,
1099 1610 1166 1655 sese
1182 1592 1218 1655 ad
1236 1591 1278 1654 al·

128 1705 223 1757 terum
248 1693 422 1774 contulerit,
451 1715 489 1758 ne
513 1694 580 1758 huic
605 1693 660 1779 ipsi
684 1693 799 1778 quidem
824 1694 908 1758 hdem
934 1692 1128 1777 praestiturus
1148 1694 1275 1758 videtur.

129 1794 189 1879 Qui
208 1795 284 1860 enim
308 1797 422 1861 fidelem
447 1817 481 1860 se
503 1817 573 1880 erga
596 1806 747 1883 parentem
770 1794 889 1859 minime
912 1795 1060 1881 praebuit,
1084 1817 1123 1860 ex
1146 1796 1277 1881 iis-quae

128 1909 216 1963 antea
240 1899 351 1982 gessit,
381 1920 418 1963 nc
440 1899 515 1985 apud
539 1899 662 1963 alterum
681 1897 795 1983 quidem
818 1899 873 1962 hde
897 1898 1001 1981 dignus
1022 1898 1185 1962 habebitur.
1231 1899 1277 1963 Ad

128 2001 200 2065 haec
215 2001 272 2064 alio
289 2000 357 2064 licet
372 2012 546 2086 argomento
564 2022 696 2065 errorem
711 2012 804 2080 tuum,
822 1998 951 2080 Marcio,
971 2000 1160 2079 convincere,
1184 2022 1225 2065 ex
1242 2021 1277 2064 eo

128 2103 267 2169 videlicet
286 2103 399 2188 capito,
423 2105 498 2188 qnod
516 2104 553 2168 ob
571 2103 693 2168 alicuius
711 2103 758 2187 qni
776 2103 941 2168 mitteretur
959 2103 1086 2189 inopiam
1107 2125 1197 2187 negas
1213 2125 1277 2167 ser-

128 2227 200 2270 vare
218 2203 332 2269 Bonum
347 2207 431 2271 deum
449 2207 514 2271 illos
532 2207 664 2293 potuisse
678 2228 752 2291 quos
767 2206 880 2270 servari
897 2206 1036 2291 oportuit,
1061 2205 1210 2290 atquibus
1228 2227 1280 2291 per

130 2305 280 2373 Christum
300 2309 530 2373 misericordiam
550 2308 662 2374 tribuit.
707 2307 776 2373 Nisi
800 2307 877 2371 enim
897 2304 1033 2372 Christus
1056 2308 1090 2371 ad
1114 2330 1279 2394 supremum

128 2410 208 2475 illum
225 2411 310 2476 deum
326 2433 366 2474 es
377 2408 542 2477 Marcionis
557 2411 704 2477 sententia
719 2411 911 2496 confugisset,
935 2431 1019 2496 qoem
1035 2410 1084 2474 illc
1096 2407 1196 2474 Bonus
1215 2410 1279 2474 nnit-

129 2524 223 2594 teret,
247 2513 398 2577 habuisset
416 2514 579 2593 nemiuem,
603 2515 628 2578 si
651 2536 710 2579 noo
734 2514 812 2578 inter
830 2525 941 2599 patrem
964 2534 999 2576 ac
1021 2513 1111 2577 lilium
1129 2509 1278 2577 Christum

129 2615 299 2680 offensionis
315 2615 422 2700 aliquid
437 2617 658 2682 intervenisset.
689 2613 807 2681 Deinde
818 2617 843 2680 si
855 2613 1010 2680 Crantoris
1025 2625 1070 2679 est
1084 2616 1171 2694 lilius,
1189 2615 1280 2679 idem·

129 2739 186 2803 que
205 2718 347 2783 creationi
368 2720 423 2805 ipsi
444 2740 479 2783 ac
501 2718 632 2805 paternis
655 2718 792 2806 operibus
809 2729 856 2783 cst
874 2718 1026 2797 inimicus,
1054 2717 1228 2803 simulatque
1249 2718 1279 2781 in

130 2820 207 2885 hone
223 2821 324 2886 orbem
337 2822 477 2907 delapsus
493 2835 556 2901 est,
582 2823 736 2886 homanum
751 2821 883 2908 inprimis
900 2841 994 2906 genus
1012 2818 1210 2885 exterminare
1230 2821 1279 2884 de-

129 2922 208 3003 buit,
233 2936 265 2988 ot
283 2925 430 2989 conditum
452 2924 521 2989 illud
543 2946 647 3011 opusa
666 2935 747 3010 qaue
765 2925 894 2990 funditus
909 2924 1039 3004 deleret,
1064 2933 1161 3009 utpote
1183 2932 1280 3009 pater-

130 3047 234 3090 narum
251 3025 432 3091 molitionum
448 3026 540 3091 hostis
556 3027 729 3093 acerrimus.
775 3026 836 3091 Aut
855 3039 885 3092 ut
906 3027 1080 3113 persanandi
1103 3047 1138 3090 ac
1159 3026 1279 3089 curandi

129 3129 325 3212 servandique
341 3130 399 3193 vim
416 3151 560 3216 usurpare
575 3131 680 3209 uellet,
705 3130 761 3194 hoo
779 3131 871 3217 ipsum
887 3129 1074 3194 humanitatis
1091 3126 1214 3192 officium
1229 3148 1280 3213 pa·

131 3231 208 3294 renti
225 3241 293 3295 ante
315 3243 431 3297 ceteros
453 3254 556 3297 omnes
573 3232 770 3297 exhibendum
790 3234 903 3310 inerat,
927 3233 1011 3317 eique
1034 3231 1279 3317 persuadendum,

128 3332 181 3397 lilii
202 3345 234 3397 nt
259 3326 452 3399 esse‘simttts
469 3336 584 3415 rnallet,
608 3346 720 3400 uttam
746 3336 807 3419 ipse
830 3334 887 3398 sibi
910 3356 995 3419 qnam
1019 3333 1095 3419 patri
1113 3333 1225 3413 bonus,
1250 3345 1280 3396 et

130 3434 255 3499 humano
274 3438 375 3522 generi
393 3438 530 3503 salutaris
552 3448 648 3518 esset,
672 3449 760 3523 atquc
778 3438 818 3501 ita
841 3458 898 3501 una
917 3447 947 3500 et
963 3437 1065 3500 eadent
1082 3436 1198 3503 bonitas
1215 3436 1280 3500 exi·

130 3549 235 3603 steret.
281 3539 372 3624 Atqui
388 3541 476 3625 longe
492 3541 549 3606 ista
567 3562 635 3606 sese
653 3541 739 3606 aliter
756 3539 864 3605 habam
881 3561 965 3625 quam
985 3538 1062 3602 illius
1081 3541 1137 3603 lert
1156 3540 1279 3603 conficta

130 3661 166 3704 ac
181 3641 313 3706 lahulosa
330 3644 472 3707 narratio.
517 3641 625 3728 Neque
643 3643 720 3708 enim
738 3643 793 3707 tria
810 3641 1049 3728 sunt‘priocipia,
1073 3663 1129 3705 neo
1143 3642 1217 3706 alius
1234 3653 1281 3705 est

131 3739 244 3808 Christi
260 3755 359 3830 pater,
384 3767 439 3809 nec
460 3746 507 3810 ille
525 3746 670 3832 nequitiae
693 3745 811 3811 soboles
831 3744 946 3827 extitit3
971 3743 1048 3808 absit
1062 3755 1094 3808 ut
1110 3744 1137 3808 id
1154 3766 1280 3830 unquam

130 3846 344 3912 existimemus.
366 3908 368 3913 ,
390 3846 435 3913 lta
455 3849 532 3913 enim
552 3849 616 3933 ipse
635 3859 775 3914 testator:
798 3853 863 3929 ago
882 3854 911 3910 in
924 3859 1025 3929 patre,
1049 3860 1080 3909 et
1091 3859 1175 3929 poter
1190 3853 1218 3909 ia
1236 3839 1373 3947 raefffssq

130 3961 183 4011 eat.
230 3946 317 4032 Quod
332 3950 358 4013 si
372 3951 566 4016 adulterinum
581 3951 662 4016 illurn
680 3961 831 4038 parentem
849 3950 1043 4036 intelligeret,
1068 3972 1126 4014 non
1142 3959 1238 4034 potest
1254 3950 1279 4014 is

131 4051 179 4136 qui
193 4052 374 4117 adulterinos
389 4063 472 4139 pater
489 4055 595 4118 dicitnr
609 4054 639 4118 in
654 4054 705 4119 illo
721 4075 801 4134 esse,
825 4074 881 4118 uec
896 4053 945 4117 ille
958 4053 989 4116 in
1006 4064 1101 4139 patre.
1136 4049 1196 4118 Sed
1213 4072 1278 4117 cum

131 4174 301 4239 germanum
318 4154 398 4219 illum
412 4177 496 4222 sunm
511 4179 546 4221 ac
562 4157 722 4221 naturalem
738 4168 889 4242 parentem
902 4175 1019 4240 semper
1030 4155 1138 4219 bonum
1150 4176 1279 4241 seraper·

131 4277 188 4343 que
205 4259 290 4323 doum
305 4257 491 4344 omniumque
508 4259 701 4341 conditorem,
725 4268 812 4344 atque
828 4270 858 4324 et
872 4259 948 4346 apnd
964 4259 1151 4344 semetipsum
1168 4268 1198 4323 et
1213 4280 1278 4324 com

131 4361 191 4425 filio
208 4361 385 4426 existentem
402 4362 556 4428 verissime
572 4362 687 4442 doceat,
709 4360 788 4426 idem
798 4359 984 4428 Marcionem
1001 4363 1104 4427 horum
1122 4361 1279 4427 verborum

131 4496 216 4580 potnit
237 4514 364 4566 supnmos
383 4498 443 4551 dens
465 4499 626 4582 salvareocoa
643 4499 687 4568 qni
752 4498 778 4554 3.
796 4494 876 4554 crisci
894 4502 1030 4564 ducamus,
1044 4497 1204 4565 wiuodtab
1213 4497 1277 4567 ipso.

132 4566 389 4689 fflffissffi'
403 4578 553 4689 aquom
568 4583 622 4637 tpse
639 4585 684 4637 per
719 4565 778 4690 ug:
796 4571 887 4636 Sciant
902 4586 931 4624 τι
947 4584 991 4634 pro
1009 4565 1040 4624 db
1057 4570 1121 4634 quod
1141 4571 1196 4622 tort
1208 4581 1279 4633 proc
