3046 5084
348 357 484 410 rnuann
499 335 563 410 urs
576 359 596 409 r.
613 357 694 411 rou.
706 358 750 410 nr.
767 357 866 410 eren.
877 357 969 410 xciv.
1171 344 1232 409 tue

87 475 211 540 bominis
237 487 340 540 natura
362 488 478 541 constet
497 477 709 563 perlectissime
734 498 836 542 rursus
859 477 1026 563 assumpsit.
1077 472 1170 556 Cum,
1200 485 1232 539 ut

87 579 234 663 apostolus
251 579 395 662 loquitur,
426 580 608 659 consederit,
633 581 879 666 qnandoquidem,
902 586 978 642 Item
995 582 1075 640 illem
1091 583 1364 648 reuocareturque.

84 685 124 743 ed
137 687 237 756 ortem,
269 687 343 743 ereb
358 685 678 758 coelestidercoesedr‘t‚
709 682 738 746 id
756 684 832 767 quod
849 682 934 747 ambo
949 683 1007 761 illi,
1038 681 1085 766 qui
1104 680 1133 743 iu
1147 690 1230 744 veste

85 784 234 868 splendida
254 786 393 869 apostolis
412 784 554 850 videndos
576 806 642 851 sese
666 785 876 871 praebuerant,
909 785 988 848 bisce
1010 783 1110 847 verbis
1133 782 1231 845 testati

85 899 168 951 sunt:
205 891 269 948 Viri
290 891 425 962 Geb'lcer’,
459 892 528 969 quid
547 893 630 950 stetis
650 893 815 969 representes
836 893 865 950 in
889 890 1017 950 eoelum?
1059 890 1108 948 Sr'e
1128 889 1227 959 cenot,
1244 903 1290 945 rer.
1305 901 1323 954 r,
1339 902 1368 944 rr.

84 993 307 1071 quemadmodum
329 994 438 1052 mdtbtr's
458 1013 520 1052 enm
541 995 742 1053 ascendentem.

169 1092 267 1175 Atque
285 1103 317 1156 ut
332 1093 426 1156 omnis
443 1092 494 1156 tibi
510 1093 730 1157 calumniandae
748 1093 880 1157 veritatis
895 1090 1011 1155 occasio
1027 1088 1229 1175 praecludere·
1247 1091 1306 1158 cap.
1323 1092 1364 1141 vt.

86 1206 149 1274 tur,
172 1194 223 1258 din
238 1205 305 1279 post
320 1195 522 1259 ascensionem
540 1194 648 1258 domini
664 1206 782 1260 sanctus
798 1194 849 1258 ille
864 1194 910 1257 dei
925 1203 1037 1279 martyr
1051 1190 1228 1279 Stephanus,

85 1318 149 1361 cum
172 1318 191 1361 a
215 1294 329 1361 ludaeis
352 1297 493 1384 lapidibus
515 1297 706 1378 obrueretur,
736 1297 777 1361 ita
797 1297 909 1361 locutus
928 1306 989 1360 est:
1023 1300 1106 1357 litteo
1124 1298 1228 1357 coelum
1241 1314 1290 1354 nec
1303 1311 1323 1364 r,
1336 1310 1368 1353 ss.
1464 1347 1467 1352 ὅ

86 1412 224 1482 opertum,
249 1403 380 1481 etfilr'am
393 1403 511 1463 tommo
525 1412 673 1464 rtuntcme
687 1405 797 1464 daetrdr
807 1405 912 1481 pomis,
937 1409 968 1462 ut
982 1400 1151 1463 ostenderet
1165 1419 1230 1461 cor·

85 1525 137 1589 pus
154 1504 248 1588 ipsum
268 1504 453 1582 surrexisse,
485 1503 602 1567 varein
621 1502 751 1589 spiritale
768 1514 924 1581 mutatum,
956 1523 990 1567 ac
1008 1524 1072 1565 cum
1090 1500 1230 1585 unigeniti

85 1605 236 1669 divinitate
250 1606 447 1670 coniunctum.
479 1603 565 1687 Quod
578 1605 654 1669 idem
669 1617 887 1669 sacrosanctum
903 1605 931 1668 in
948 1604 1031 1667 coelo
1044 1625 1150 1689 corpus
1165 1625 1229 1667 cnm

84 1709 147 1792 ipsa
165 1707 315 1771 divinitate
331 1718 409 1771 totus
427 1708 578 1785 deusest,
609 1718 638 1769 et
658 1728 732 1771 nnus
747 1719 922 1791 sanctusque
940 1707 986 1770 dei
1004 1707 1098 1786 lilius,
1129 1706 1163 1770 ad
1181 1726 1230 1791 pa·

85 1811 137 1874 tris
155 1812 286 1874 dextram
306 1811 479 1888 considens,
509 1810 747 1893 quemadmodum
770 1820 827 1872 tam
844 1807 941 1872 Marci
963 1830 1048 1893 quam
1066 1819 1228 1880 ceterorum

85 1913 237 1997 evangelia
257 1923 417 1976 testantur:
448 1917 489 1974 Et
500 1916 628 1974 aseendit
639 1918 668 1974 in
684 1915 791 1987 coelos,
816 1923 846 1973 et
859 1916 933 1972 sedit
948 1917 976 1973 in
991 1916 1108 1973 dextere
1120 1915 1223 1991 patrem
1234 1926 1379 1983 oraremus.

85 2012 127 2078 lta
146 2027 193 2079 tua
210 2015 258 2079 illa
273 2026 445 2101 tuorumque
462 2014 615 2080 falsissima
630 2014 776 2080 sententia
795 2014 926 2078 exomni
945 2024 1025 2100 parte
1043 2013 1226 2078 convellitur.
1242 1995 1337 2052 ¹²⁰⁰·”’
1349 1997 1379 2041 ⁵¹·

168 2320 254 2406 Quod
282 2343 353 2388 vero
379 2333 558 2387 mortuorum
580 2324 616 2387 nd
640 2323 887 2387 resurrectionem
910 2331 1040 2407 spectat,
1070 2320 1136 2385 andi
1161 2321 1228 2406 quid

84 2426 232 2511 apostolus
250 2425 342 2489 dicat:
368 2431 497 2507 Oportet,
522 2426 630 2510 inquit,
653 2428 835 2506 emmrptibr'le
849 2429 901 2486 doe
915 2429 1030 2486 abducre
1042 2429 1379 2504 abromum-nonnemo.

83 2551 161 2603 nem,
187 2515 219 2589 et'
228 2530 345 2590 mortale
358 2531 411 2590 doc
424 2533 539 2591 ebduere
553 2532 798 2591 t'rnmortnlr'tstem.
843 2525 911 2591 Nisi
925 2526 1001 2600 enim
1016 2527 1092 2611 quod
1109 2526 1230 2589 mortale

84 2640 130 2694 est
145 2629 391 2694 immortalitatem
414 2631 549 2695 indueret
566 2631 737 2716 aliquando,
771 2642 801 2694 et
818 2629 1063 2715 incorruptionem
1086 2630 1160 2713 quod
1184 2638 1230 2692 est

84 2733 288 2818 corruptibile,
313 2755 458 2819 nunqnam
476 2736 512 2797 ad
530 2734 691 2797 obeundum
710 2744 832 2797 mortem
851 2730 1022 2796 immortalis
1042 2732 1227 2810 accessisset,

84 2844 116 2898 ut
131 2856 254 2921 corpore
273 2857 327 2900 suo
347 2858 456 2922 poenas
474 2838 671 2922 expenderet,
703 2858 737 2901 ac
757 2836 909 2900 defunctus
925 2836 1011 2900 tertia
1029 2835 1075 2899 die
1093 2853 1229 2917 resurge·

83 2948 145 3017 ret,
169 2949 279 3003 etcum
297 2938 448 3003 divinitate
466 2961 520 3004 sua
538 2961 573 3004 ac
588 2939 700 3024 gloriae
716 2939 872 3024 splendore
890 2940 999 3024 pariter
1013 2938 1082 3002 illud
1099 2935 1228 3015 efferret,

84 3051 115 3103 ut
130 3061 170 3104 ex
186 3041 313 3125 benigno
326 3041 377 3105 illo
393 3042 529 3106 convicto
547 3041 768 3129 praesentiaque
786 3063 856 3120 sua,
888 3063 972 3126 quam
990 3041 1073 3105 nobis
1090 3040 1229 3103 hactenus

83 3144 279 3228 impertierat,
304 3165 402 3208 veram
422 3166 501 3231 spem
520 3145 699 3230 solidamque
716 3145 953 3228 conciperemus,
977 3166 1042 3207 oum
1060 3163 1127 3206 sese
1144 3140 1228 3205 nobis

83 3245 117 3307 ad
136 3266 199 3309 eam
218 3246 296 3310 vitae
315 3246 595 3333 immortalitatisque
615 3245 747 3312 fiduciam
767 3246 1010 3310 corroborandam
1030 3246 1110 3309 velut
1126 3265 1227 3309 exem·

84 3347 145 3431 plar
167 3359 196 3412 et
217 3348 409 3414 arrhabonem
432 3350 625 3436 praebuisset.

168 3449 249 3515 llaec
267 3473 329 3516 cum
348 3453 386 3516 ita
403 3474 470 3518 sese
488 3454 629 3531 babeant,
653 3464 747 3536 eoque
761 3473 778 3515 a
794 3451 877 3515 uobis
896 3451 980 3513 modo
996 3450 1138 3535 disputata
1156 3449 1226 3528 sint,
1247 3461 1367 3529 capvtt.

82 3553 148 3637 qnid
167 3554 270 3618 attinet
288 3556 317 3618 in
334 3555 473 3621 vilissimo
489 3556 538 3620 illo
555 3555 710 3636 crabrone,
734 3576 819 3639 quem
834 3574 975 3639 zopyrum
989 3562 1107 3630 vocant,
1131 3550 1228 3638 proili-

81 3657 196 3739 gando‚
229 3658 276 3721 vel
297 3659 383 3722 aliter
403 3659 569 3744 occupando
587 3658 706 3743 iugenio
727 3657 849 3721 baerere
867 3643 993 3720 diutins?
1036 3653 1127 3719 Suum
1149 3655 1226 3747 enim

82 3779 133 3842 per
152 3780 218 3823 sese
238 3761 370 3825 aculeum
390 3761 530 3847 perdidit,
563 3782 598 3824 ac
614 3761 770 3825 confictum
790 3759 869 3822 velut
886 3779 902 3822 a
920 3758 1093 3823 circulatore
1109 3757 1225 3841 dogma,

81 3881 136 3923 nce
164 3861 199 3925 ab
226 3863 348 3927 aliorum
374 3862 494 3928 somniis
518 3863 651 3929 diversus
679 3883 765 3927 error
788 3861 901 3925 abunde
925 3862 1139 3925 demonstratus
1168 3868 1224 3922 est.

81 3959 193 4028 Ferunt
208 3966 284 4029 enim
302 3966 536 4032 molestissimum
552 3966 621 4030 illud
636 3964 786 4029 crabronis
800 3985 905 4047 gerens,
925 3967 1161 4056 qnod'zopyrnm
1176 3982 1226 4046 ap-

83 4067 205 4151 pellant,
237 4069 338 4132 acideo
358 4069 482 4153 quodam
500 4079 639 4132 armatum
663 4088 748 4146 esse,
780 4066 990 4148 venenatoillo
1009 4066 1143 4151 quidem,
1174 4063 1225 4127 sed

82 4169 209 4254 exiguo,
233 4169 338 4256 quique
355 4172 427 4234 baud
445 4171 564 4236 multum
580 4170 688 4234 doloris
702 4169 840 4249 incutiet,
865 4180 895 4233 et
913 4190 951 4233 ex
968 4191 1022 4232 suo
1040 4166 1226 4231 nibilominus

81 4292 191 4354 genere
213 4271 252 4337 sit
274 4283 447 4339 venenatus.
493 4274 539 4338 dc
559 4273 584 4338 si
603 4273 667 4359 quis
682 4273 758 4337 lorte
775 4271 988 4361 praetereundo
1004 4270 1131 4336 latebras
1148 4268 1225 4334 illius

82 4373 237 4459 nidumque
255 4375 368 4456 diruat,
392 4397 476 4462 quem
493 4376 571 4440 inter
587 4376 707 4441 lrudces
721 4397 755 4441 ac
773 4375 925 4441 densiores
941 4373 1046 4439 herbas
1060 4372 1118 4438 lavi
1132 4370 1226 4437 instar

113 4521 264 4583 2e'uoordu
287 4497 430 4603 &lette
463 4524 564 4586 ἀνιστᾶν
588 4533 641 4582 tort
705 4529 729 4583 3.
748 4527 817 4598 αὐτῷ
835 4532 871 4581 ed
887 4533 967 4582 Peleo.

80 4597 142 4647 rdttt
325 4608 328 4612 ·
520 4620 524 4633 ·
708 4600 767 4652 cm.
781 4600 834 4651 Vll.
852 4627 884 4638 -
904 4600 932 4650 1..
942 4595 1043 4664 τάμνοις
1058 4597 1095 4648 ed
1108 4597 1183 4660 princ.
