3046 5084
367 326 1013 381 ransartma.r.rott.1t.ntsa.xxx1n.
1207 316 1269 381 409

117 459 180 529 est3
214 467 290 534 quae
309 469 375 513 num
396 446 427 511 in
448 448 556 513 ceteris
577 447 614 511 ad
633 447 781 532 antiquam
800 447 935 511 haeresin
955 447 1128 527 ascribitur,
1161 459 1220 513 tum
1239 449 1269 512 iu

118 550 154 615 iis
175 571 249 637 quaa
273 551 345 614 deus
367 549 449 614 bisce
469 548 568 613 verbis
590 549 710 615 statuite
743 552 801 627 (lui
818 534 996 612 muledr'aerit
1014 556 1095 631 patri
1109 555 1156 613 vel
1169 557 1264 624 mni,
1282 565 1407 620 uenena

117 666 205 717 morte
222 659 370 717 rnnratrtar.
417 651 464 716 Ad
487 651 557 715 illud
583 672 655 715 vero
679 671 773 735 genus
794 652 870 734 quod
890 653 1015 737 typicum
1033 654 1096 715 sire
1116 633 1422 717 inumbra-Ml‘l‘l’l

119 767 177 821 tum
197 757 319 832 dicitur,
352 755 379 818 id
399 775 485 818 amne
503 753 647 839 pertinet,
678 752 754 837 quod
771 752 941 837 spiritalium
960 764 1046 838 atque
1064 754 1270 818 excellentium

117 879 215 923 rerum
233 859 340 943 figuras
357 858 505 938 continet3
528 855 689 920 cuiusmodi
705 865 773 919 aunt
788 876 937 919 sacrorum
955 856 1171 920 offerendorum
1189 878 1271 921 eene-

119 962 247 1039 moniae,
271 959 467 1038 circumcisio,
490 958 659 1036 sabbatum,
682 956 838 1036 ieiunium,
863 958 985 1042 pascha,
1010 980 1132 1044 azyma,
1156 959 1270 1044 aliaque

118 1063 223 1127 similia
240 1063 303 1146 lege
320 1061 509 1148 praescripta.
556 1056 642 1143 Quae
655 1060 751 1124 omunia
768 1082 832 1124 cum
850 1059 919 1124 nibil
937 1061 1013 1125 aliud
1028 1071 1146 1147 praeter
1162 1062 1270 1146 figuras

120 1177 207 1249 atque
227 1164 371 1248 imagines
391 1165 505 1242 terent,
537 1164 679 1248 patclncta
700 1161 826 1226 veritate
847 1162 985 1226 translata
1005 1174 1091 1242 suunt,
1122 1164 1180 1226 imo
1199 1184 1271 1227 vern

119 1268 194 1352 quud
217 1267 251 1330 ad
276 1277 429 1330 externam
453 1265 580 1353 speeiem
602 1266 725 1345 attinet,
756 1286 897 1349 usumque
922 1286 1111 1350 corporeum,
1142 1265 1268 1344 sublata,

119 1369 241 1454 spiritali
257 1369 379 1454 quadam
396 1368 509 1432 ratione
523 1378 637 1432 retenta
651 1379 731 1432 sunt.
774 1365 880 1431 lisdem
897 1368 1003 1453 quippe
1019 1368 1203 1433 manentibus
1219 1370 1269 1431 ad·

120 1472 176 1534 buc
192 1471 355 1535 nominibus
374 1490 471 1534 rerum
489 1481 535 1535 est
554 1471 629 1533 lacta
650 1469 783 1535 mutatio.
829 1468 906 1534 Nam
926 1471 1032 1535 ollerre
1052 1472 1167 1556 quidem
1185 1491 1270 1534 sacra

119 1572 252 1637 dominus
265 1564 406 1638 instituit:
430 1583 461 1636 at
473 1594 531 1635 nnn
548 1582 693 1635 mutarum
711 1572 869 1658 pecudum,
894 1585 944 1636 aut
957 1575 984 1636 id
1001 1595 1094 1657 genus
1111 1574 1267 1651 suffusum,

118 1676 170 1739 sed
189 1674 329 1761 spiritalis
348 1674 444 1760 potins
461 1673 553 1738 laudis
571 1696 606 1738 ac
625 1673 850 1759 praedicationis
871 1687 901 1739 rt
919 1676 1129 1756 eucharistiae,
1161 1687 1220 1739 tum
1240 1676 1269 1738 in

117 1777 263 1842 hominnm
278 1798 372 1860 gertus
390 1776 573 1840 liberalitatis
588 1797 622 1840 ac
638 1776 859 1840 beneticentiae.
904 1775 983 1841 ldem
1000 1779 1168 1842 circumcidi
1185 1799 1269 1863 praa·

117 1890 197 1944 terea
214 1901 274 1944 nnn
288 1881 438 1965 corporis,
462 1881 513 1944 sed
529 1879 626 1943 cordis
641 1878 787 1963 animique
803 1881 982 1965 praeputium
999 1879 1090 1945 iubet.
1138 1877 1267 1964 ltcmque

115 1981 228 2046 servari
247 1982 416 2061 sabbatum,
449 1993 480 2045 ut
499 2002 515 2045 a
535 1982 632 2068 pravis
651 1981 793 2045 duntaxat
810 1982 974 2045 actionibus
994 1983 1144 2046 feriemur.
1191 1979 1268 2046 leiu-

116 2105 187 2148 uare
204 2105 293 2170 ponru
309 2106 374 2148 aum
388 2084 522 2170 imperat,
548 2105 606 2147 uun
620 2082 699 2146 illam
714 2084 846 2168 corporis
862 2084 1000 2162 inediam,
1024 2085 1074 2148 sed
1091 2083 1180 2147 animi
1197 2093 1269 2148 tem·

117 2186 278 2273 parantium
295 2188 444 2266 decernit,
468 2197 500 2250 ut
516 2207 532 2249 a
548 2183 667 2270 llagitiis
680 2185 814 2248 omnibus
830 2186 1039 2251 abstineamus.
1085 2183 1267 2270 Quamquam

116 2311 133 2352 a
150 2288 260 2353 nostris
275 2289 427 2352 exercitiis
444 2288 512 2353 illud
529 2308 645 2373 qunque
660 2287 799 2351 ieiunium
816 2288 978 2367 adhibetur,
998 2298 1141 2372 quatenus
1156 2290 1190 2352 ad
1208 2289 1270 2352 ani·

116 2412 229 2456 murum
246 2392 399 2455 utilitatem
415 2392 528 2455 ccnlert
545 2389 671 2475 aliquid,
695 2391 720 2454 si
737 2413 801 2454 curn
821 2392 934 2455 ratione
950 2392 1105 2475 suscipias,
1131 2413 1188 2454 nun
1206 2391 1269 2454 inti·

116 2494 195 2559 tandi
213 2494 382 2578 cuiusquam
399 2494 513 2571 studio,
538 2515 596 2557 nnn
612 2493 835 2573 cousuetudine,
860 2516 917 2558 nun
935 2506 1080 2558 certarum
1096 2494 1207 2557 dierum
1223 2514 1270 2557 re·

116 2598 238 2682 ligium,
262 2597 309 2660 rel
326 2596 444 2660 definito
459 2597 555 2681 alique
570 2610 719 2681 tempure3
744 2598 915 2681 praesertim
933 2619 997 2660 cum
1015 2596 1078 2660 veri
1095 2597 1195 2660 ieiunii
1212 2617 1271 2659 me-

116 2699 238 2763 moriam
256 2697 393 2776 refricet,
419 2699 515 2784 utqui
534 2699 660 2763 nundum
678 2698 748 2763 illud
767 2700 893 2763 assecuti
916 2701 1041 2777 luerint,
1066 2700 1102 2763 ab
1119 2700 1270 2763 exteriore

115 2800 341 2866 rcmmnnclanti
355 2801 476 2866 alterius
492 2802 696 2865 recordentur.
743 2797 885 2865 Similiter
900 2812 929 2865 et
943 2802 1049 2889 pascha
1065 2802 1219 2886 animaque
1235 2803 1267 2866 ll·

114 2924 203 2990 guras
219 2905 354 2968 extitisse
365 2905 505 2988 quasdam
520 2902 626 2968 l'aulns
638 2904 701 2989 ipsc
717 2903 863 2969 declarat:
880 2910 999 2979 Pnsctu,
1018 2906 1122 2991 inquit,
1140 2919 1267 2968 nonnam
1282 2921 1299 2963 1.
1310 2919 1393 2976 coss,
1404 2922 1424 2965 r-

115 3011 274 3070 abamolutur
288 3019 331 3070 ast
345 3010 491 3069 Cdrrbtur:
516 3017 563 3084 et,
589 3011 627 3070 Ut
638 3010 717 3080 sctit,
742 3007 800 3085 ait,
823 3014 921 3088 azymi
933 3031 988 3071 nnn
1000 3011 1132 3071 tarentas
1140 3012 1270 3093 sermen-

117 3123 174 3172 nnn
196 3111 384 3195 (termentum
407 3129 479 3173 vero
502 3109 640 3173 malitiam
662 3109 819 3195 appellat),
849 3115 1073 3174 redacturum
1095 3117 1265 3193 conspersio.

202 3311 360 3400 sicigitur
378 3314 429 3378 lex
447 3315 529 3400 ipsa,
553 3336 639 3399 quam
660 3336 677 3378 a
697 3315 753 3380 deu
771 3337 907 3380 manasse
929 3319 1054 3381 latentur
1073 3338 1192 3396 omues,
1218 3316 1268 3379 tri·
1289 3317 1406 3384 C¹¹1³·V1·

116 3418 219 3483 fariam
237 3419 385 3482 dividitur.
418 3416 451 3481 ln
468 3438 529 3481 eam
548 3427 659 3503 partam
675 3439 759 3503 quam
775 3419 905 3484 salvator
920 3421 1060 3507 implevit.
1096 3419 1178 3483 llaec
1194 3419 1271 3483 enim

115 3521 231 3598 omnia,
260 3526 326 3584 Non
341 3525 465 3595 caralim,
493 3523 558 3584 Nun
574 3524 778 3597 moechaberis,
803 3526 867 3585 Nnn
879 3526 1036 3604 percrudis,
1062 3523 1089 3585 in
1109 3522 1180 3587 iisse
1198 3543 1268 3585 cun·
1282 3537 1351 3632 εἰῇ.
1365 3540 1399 3595 un,

115 3624 257 3702 timentur,
281 3628 346 3687 Non
360 3629 505 3699 irasceris,
529 3626 595 3686 Non
608 3630 796 3706 mnmpnces.
845 3623 878 3689 lu
897 3647 961 3689 cam
976 3646 1050 3711 quae
1067 3625 1182 3711 penitus
1198 3625 1267 3689 sub·
1280 3603 1366 3703 mhi,
1379 3661 1399 3704 5,

114 3728 173 3793 lata
189 3739 246 3791 est.
291 3726 346 3792 ttts
362 3727 438 3792 enim
454 3726 635 3813 praereptis,
660 3732 776 3791 Oculum
787 3752 843 3810 pru
860 3732 958 3802 oculu,
983 3733 1089 3792 dentem
1102 3751 1158 3810 pro
1172 3733 1263 3804 dente,
1273 3744 1420 3802 uetaretque.

115 3850 191 3917 quae
212 3851 277 3894 rum
302 3828 443 3894 iniustitia
464 3830 605 3915 permista
626 3844 712 3910 sunt,
741 3833 862 3917 eiusque
885 3853 986 3895 secum
1009 3831 1114 3917 aliquid
1138 3832 1267 3913 trahunt,

114 3932 270 3998 casuariis
297 3933 409 4016 legibus
433 3933 602 4018 derogatur.
655 3931 813 3999 Contraria
839 3956 927 4020 porro
950 3956 1017 3999 sese
1042 3936 1166 3999 invicem
1193 3935 1268 4020 peri·

114 4047 207 4101 munt.
251 4040 316 4117 Ego
332 4039 404 4097 entire
425 4039 488 4097 driu
504 4038 582 4099 andra
599 4042 710 4100 curarim
730 4060 786 4099 non
805 4043 937 4100 restitere
954 4042 1036 4100 malo.
1083 4042 1142 4101 Sed
1158 4044 1187 4101 si
1201 4043 1418 4121 quantitatem.

149 4172 189 4227 16.
201 4173 383 4242 ttqnnreposct
393 4174 499 4224 racudd.
511 4175 583 4224 l'utr'c.
600 4176 672 4224 tenet
706 4189 759 4225 cum
776 4176 838 4225 nlta'r.

116 4246 189 4307 Vulqn
205 4249 270 4293 catut
286 4240 393 4308 λέγεται.
740 4242 765 4292 2.
783 4240 940 4310 ἐπιθυμῆσαι
953 4246 1020 4295 codd.
1031 4247 1103 4298 l'utte.
1116 4250 1190 4297 Vener.
1215 4243 1267 4299 dnt-

149 4312 187 4365 17.
207 4313 263 4362 cm.
279 4312 354 4361 umas.
371 4311 420 4377 τῆς
439 4304 529 4374 ζύμης.
707 4309 834 4378 θυμήσιις
852 4314 902 4363 con.
916 4315 1013 4376 amasa.
1031 4319 1052 4363 er
1067 4317 1123 4365 easta·
1138 4317 1199 4365 rrnrs.

148 4381 188 4432 18.
202 4376 234 4433 dl
250 4383 334 4442 emtpsi
347 4394 391 4443 pro
407 4394 450 4443 τι,
474 4379 536 4440 quod
551 4378 605 4428 rnna
619 4380 674 4428 retr·-
740 4381 765 4431 ³.
783 4378 851 4446 μηδὲ
868 4375 963 4446 ὀμόσαι
978 4384 1056 4432 adieci·
1069 4397 1099 4433 er
1111 4385 1180 4434 cnud.
1196 4386 1267 4434 tatic.

111 4455 174 4501 nent
710 4451 785 4499 Venet
818 4451 845 4501 ln
860 4452 1022 4512 adtulimus,
1046 4455 1072 4500 ut
1088 4455 1159 4502 ettam
1174 4454 1200 4505 tn
1216 4454 1266 4507 tud.

148 4515 188 4570 19.
207 4518 264 4568 llud.
282 4518 358 4567 Vena.
375 4513 463 4584 λέγω.
708 4518 821 4582 ltbedr'p„
838 4532 866 4568 en
883 4522 955 4570 antu
971 4520 1141 4571 deddnuntar.

148 4584 206 4641 Car.
218 4585 260 4638 Vl.
273 4611 309 4625 -
323 4584 346 4636 1.
360 4578 452 4645 Οὕτως
464 4586 555 4636 acutat
565 4586 676 4648 Gratus,
742 4581 766 4636 4.
785 4588 842 4638 cod.
858 4589 934 4639 Vener.
950 4584 1026 4641 duali.
