3046 5084
359 285 495 337 rsunuu
513 285 589 338 auv.
604 285 775 339 samem
791 287 853 340 cru.
872 291 890 340 ι.
908 289 988 340 rou.
1006 291 1037 340 u.
1211 276 1267 339 tsi

122 425 164 466 me
178 408 303 485 rupert.
350 401 411 469 Sed
425 403 527 468 etalio
546 404 754 488 quamplurima
770 415 839 470 sunt
856 428 929 491 quse
947 408 1090 472 adversus
1107 409 1269 472 contrarias

123 505 358 590 praestigiatoris
376 506 453 569 illins
475 504 606 568 rationes
624 525 772 588 opponere
792 527 956 589 possumus.
1001 508 1046 572 Ao
1068 509 1123 572 uisi
1139 509 1179 572 illi
1203 511 1271 573 dae·

125 627 241 670 monum
260 628 367 672 sensns
383 615 481 686 esset,
504 605 649 689 quomodo
671 605 755 667 loeda
775 605 824 667 illa
842 610 991 690 turpiaque
1011 607 1166 671 conciliare
1183 611 1269 673 vitam

122 719 261 790 possent,
286 731 350 772 cum
367 708 396 769 iu
414 705 568 789 evangelio
587 704 721 768 dominus
736 705 799 789 ipse
823 705 859 768 iis
874 707 920 790 qui
936 709 1090 786 dixerant,
1122 713 1208 770 Stitn
1229 724 1273 771 eet
1308 727 1391 771 uranu.

122 831 224 872 causon
240 815 299 871 os'rr'
320 830 382 869 eum
399 829 506 880 wore,
536 829 592 870 non
610 809 858 887 minoem,
890 807 934 871 bis
956 806 1056 870 verbis
1077 812 1269 893 respoudeat:
1310 780 1341 834 η’
1356 779 1386 823 η’

118 915 298 985 Nomomnes
315 913 433 988 cupiunt
448 912 540 969 r'stud:
569 919 639 970 runt
652 913 724 969 curin
743 912 867 970 eunuchi
879 915 931 990 qui
951 915 1058 989 seipsos
1076 923 1273 973 castraverunt

117 1025 239 1094 propter
253 1032 372 1090 regnum
388 1013 550 1072 coelorum?
572 1008 687 1092 Quibus
697 1010 796 1074 verbis
808 1012 936 1074 ostendit
951 1032 968 1074 a
984 1013 1193 1076 consuetudine
1209 1036 1270 1076 mu-

119 1114 203 1178 lieris
217 1113 367 1176 abstinere
382 1131 486 1176 munus
499 1132 565 1175 esse
580 1132 598 1175 a
613 1111 734 1175 coelesti
748 1133 842 1195 regno
857 1113 1031 1175 derivatum.
1063 1111 1180 1176 Rursus
1194 1117 1269 1179 idem

121 1214 180 1278 alio
198 1215 226 1276 in
246 1215 312 1276 loco
330 1215 369 1276 ita
389 1215 424 1278 de
444 1213 574 1277 honestis
590 1213 699 1298 nuptiis
711 1213 852 1298 loquitur,
876 1236 947 1298 quas
963 1215 1067 1299 impius
1087 1211 1189 1279 Simon
1206 1219 1269 1280 vio·

120 1317 186 1380 lans
210 1315 334 1399 turpiter
356 1314 465 1379 lvbrdrnr
485 1335 559 1379 snae
580 1315 658 1380 viam
680 1336 716 1378 ac
737 1317 880 1380 rationem
900 1326 1068 1400 praeparat:
1104 1322 1179 1395 (tuos
1199 1323 1267 1381 deur
1303 1334 1385 1430 pppis

120 1422 270 1478 cunehnm't
288 1420 367 1478 tono
387 1439 443 1480 nou
463 1429 583 1498 separet.
1330 1419 1336 1440 '
1362 1416 1367 1427 '

203 1516 449 1600 Quemadmodum
471 1538 544 1581 vero
567 1539 709 1602 nugarum
732 1541 850 1583 suarum
870 1519 976 1582 oblitus
997 1520 1156 1604 impostor,
1187 1522 1267 1585 velut
1286 1540 1344 1609 cap.
1359 1544 1400 1593 vt.

119 1641 219 1684 eorum
248 1640 322 1704 quae
349 1629 436 1684 antea
462 1619 579 1683 dixerat
602 1622 739 1703 ignarus,
775 1622 903 1705 seipsum
927 1622 1049 1684 refellit!
1099 1620 1177 1684 Nam
1201 1645 1265 1686 cum

118 1721 242 1785 dixisset
254 1721 392 1805 Angelos
409 1743 425 1784 a
445 1741 479 1783 se
497 1741 549 1806 per
565 1720 786 1805 intelligentiam
803 1743 885 1784 suam
903 1735 1073 1805 procreatos
1088 1744 1173 1803 esse,
1197 1725 1266 1788 snb·

115 1823 185 1886 iecit
200 1833 319 1908 postea,
350 1833 384 1887 nt
401 1822 519 1886 eosdem
539 1820 604 1884 illos
621 1821 714 1884 latere
730 1823 932 1885 descendendo
949 1837 1066 1907 posset,
1098 1826 1217 1908 figuram
1234 1827 1265 1889 in

114 1944 289 2009 unoquoque
311 1925 396 1988 coelo
419 1934 562 1987 mutasse.
607 1919 701 2006 lgitnr
718 1922 828 1986 latebat
843 1923 910 1986 ideo
929 1926 1004 2007 quod
1023 1926 1089 1988 illos
1106 1938 1262 1992 metueret.

113 2026 204 2110 Atqui
222 2026 290 2110 qnid
306 2047 359 2089 eos
376 2045 450 2108 qnos
467 2024 529 2110 ipse
544 2024 716 2104 condiderat
732 2023 865 2106 Angelos
880 2023 1022 2108 impostor
1037 2025 1085 2088 ille
1101 2031 1265 2092 metuebat?

112 2126 222 2192 Nonne
244 2128 332 2191 etiam
355 2127 493 2190 convictu
515 2125 609 2188 facilis
630 2125 765 2209 prudenti
786 2123 905 2187 cuilibet
922 2126 1035 2187 occulte
1053 2131 1264 2210 proseminatus

113 2250 198 2293 error
226 2229 275 2292 ille
297 2228 403 2307 luerit,
436 2249 500 2292 oum
524 2227 670 2311 scriptura
692 2237 787 2290 teste:
821 2229 855 2287 ln
874 2230 1016 2306 pnireipio
1039 2235 1177 2290 creaverat
1197 2236 1265 2293 deus
1278 2255 1334 2300 neo.
1350 2259 1367 2301 ι,

112 2335 218 2393 coetum
235 2342 264 2392 et
278 2335 407 2391 terrum?
449 2328 564 2412 Quibus
580 2337 809 2391 consentaneum
826 2328 962 2410 estquod
979 2328 1112 2391 dominus
1127 2330 1157 2392 in
1175 2353 1263 2395 evan-

112 2433 190 2517 gelio
212 2433 299 2495 deum
321 2441 433 2516 patrem
457 2431 609 2514 alloquens
630 2428 714 2492 dicit:
744 2433 846 2503 Pater,
878 2433 987 2491 monins
1008 2433 1082 2491 coeli
1099 2453 1134 2491 ne
1156 2445 1258 2495 temne.
1275 2456 1413 2516 melun.

112 2531 198 2617 Quod
221 2533 248 2597 si
268 2533 345 2596 coeli
367 2543 521 2616 terraeque
543 2531 678 2595 eonditor
699 2541 746 2593 est
766 2531 838 2594 dens
855 2541 938 2614 pater
957 2529 1066 2594 domini
1083 2534 1175 2597 nostri
1197 2532 1264 2597 lesu

112 2633 241 2714 Christi,
266 2637 375 2700 trustra
389 2635 486 2698 omnia
501 2655 518 2698 a
535 2632 714 2720 sycophanta
729 2629 850 2696 Simone
868 2633 1030 2714 iactantur,
1054 2637 1190 2700 mundum
1206 2638 1263 2699 sci-

110 2737 181 2801 lieet
205 2737 241 2799 ab
264 2735 390 2819 Angelis
419 2758 484 2799 enm
509 2736 624 2800 deiectu
646 2733 834 2813 lubricatum,
867 2746 1040 2819 caeteraque
1065 2739 1163 2802 omnia
1187 2759 1261 2823 quae

111 2838 256 2902 fanaticus
276 2848 427 2902 veterator
452 2835 645 2901 fraudulentis
669 2836 855 2900 sermonibus
877 2837 907 2899 iu
932 2836 1032 2900 orbem
1054 2839 1168 2903 invexit
1189 2863 1261 2904 rion-

112 2939 266 3023 nullosquc
287 2960 303 3003 a
324 2960 358 3004 se
379 2942 516 3022 deceptos
537 2939 640 3002 iisdem
663 2938 823 3001 mendaciis
845 2937 1048 3002 circumvenit.

194 3040 293 3124 Atque
315 3041 388 3104 haec
409 3041 614 3126 compendiose
636 3060 653 3102 a
675 3038 761 3102 nohis
782 3039 924 3104 adversus
946 3041 1024 3104 illius
1046 3043 1180 3108 haeresin
1202 3046 1260 3108 dis·
1281 3063 1403 3129 eapvtt.

109 3153 208 3230 putata
229 3142 332 3207 leetori
353 3128 514 3220 suthhieot,
544 3140 648 3225 quibus
671 3140 781 3205 veritas
800 3140 863 3226 ipsa
882 3162 916 3205 ac
940 3144 1007 3206 mali
1027 3147 1156 3209 remedia
1179 3168 1260 3209 mon-

108 3257 254 3326 strentur,
285 3245 559 3329 redarguunturque
577 3242 598 3305 ii
620 3243 669 3326 qui
690 3243 808 3306 immani
830 3243 878 3306 illa
895 3245 1059 3330 corruptela
1079 3246 1189 3329 ignaris
1209 3247 1260 3308 bo-

107 3347 233 3413 minibus
251 3348 383 3413 lraudem
399 3349 497 3410 lacere
516 3355 671 3410 conantur.
716 3343 804 3410 Nunc
820 3345 879 3409 alio
895 3348 1100 3410 transferenda
1118 3347 1199 3409 etad
1219 3349 1261 3410 al·

106 3459 199 3514 terem
225 3451 362 3514 haeresin
384 3449 614 3513 convincendam
636 3447 812 3511 reflectenda
834 3459 881 3511 est
903 3449 1010 3511 oratio.
1056 3445 1113 3509 Est
1134 3469 1207 3511 vero
1229 3451 1258 3512 iu

106 3550 253 3615 haeretico
277 3553 328 3616 illo
351 3550 463 3616 varium
488 3550 623 3634 quiddam
648 3560 734 3635 atque
755 3549 881 3634 duplex,
914 3551 960 3633 qui
983 3547 1098 3610 tametsi
1118 3549 1259 3634 impostor

104 3653 204 3732 fuerit,
229 3650 340 3717 Christi
355 3653 411 3716 sihi
429 3673 534 3716 nomeu
554 3651 653 3737 speeie
670 3663 755 3716 tenus
770 3652 918 3736 imposuit,
943 3649 1181 3732 quemadmodum
1198 3655 1256 3716 uri·

103 3755 150 3819 uis
176 3776 216 3817 ex
241 3755 372 3839 aspidum
399 3775 434 3817 ac
456 3753 623 3840 viperarum
649 3755 714 3818 ovis
737 3752 862 3816 ohortivi
887 3750 1066 3836 serpentium
1090 3753 1166 3817 letus
1191 3776 1256 3819 cor-

102 3855 238 3939 ruptique
258 3857 437 3936 lormantur3
467 3855 495 3918 id
514 3858 589 3940 quod
607 3854 644 3918 iis
665 3854 764 3919 verbis
785 3875 802 3916 a
820 3853 960 3937 propheta
980 3852 1084 3916 dictum
1104 3866 1165 3920 est:
1198 3862 1254 3919 Ouo
1268 3876 1372 3934 secuso,
1384 3881 1403 3923 o.

102 3961 230 4039 aspellam
238 3958 405 4039 fregerunt,
431 3963 525 4037 etqui
538 3980 590 4019 oon
605 3960 657 4019 ella
671 3961 812 4018 comedere
829 3958 927 4029 uellet,
951 3959 1046 4018 chunia
1061 3964 1176 4038 reperet,
1201 3962 1253 4020 r'dv‘·

103 4064 217 4141 demque
235 4060 376 4139 regulum.
422 4054 534 4121 Verum
557 4070 745 4144 posteaquam
768 4053 896 4134 Christi,
920 4059 960 4120 uti
983 4058 1127 4137 diximus,
1152 4071 1253 4144 poten-

102 4161 145 4227 tio
166 4160 300 4226 veritatis
322 4159 403 4223 illum
425 4159 610 4224 sermonibus
631 4157 806 4244 impetiimus
824 4156 945 4243 eiusque
962 4162 1120 4246 perniciem
1137 4182 1253 4226 omnem

103 4262 312 4343 restiuximus,
336 4262 457 4348 gradum
480 4261 517 4325 ad
539 4260 665 4344 reliquus
688 4260 827 4324 haereses
849 4262 997 4327 laniamus.

989 4572 1038 4636 9*
