3046 5084
398 346 534 400 nannum
550 348 613 400 um.
624 349 644 401 1.
660 349 799 402 ’1011111
816 351 914 402 naun.
929 352 1009 402 xuni.
1220 343 1281 404 619

127 489 196 534 rore
214 478 353 533 versetur
368 465 555 549 ⁴Abratamus,
578 468 638 554 logi
651 466 770 556 dloysis
786 493 820 534 ao
837 470 985 557 prophetis
1002 474 1200 538 testimonium
1217 498 1282 560 per·

128 571 218 649 tinet,
244 592 299 635 uec
314 572 358 634 sie
372 582 509 656 tanquam
525 592 559 636 ea
576 591 651 656 quae
670 573 767 636 lutera
783 583 884 658 postea
901 585 970 639 sunt
982 575 1110 658 ignoret,
1135 579 1186 640 sed
1204 588 1282 662 post·

128 694 248 758 capuam
270 675 431 738 uuiusnrodi
454 675 536 758 quies
557 677 607 739 illa
626 677 701 740 lorct
720 677 901 761 experientia
923 677 1033 739 didicit.
1080 676 1154 742 Post
1173 679 1281 743 obitum

127 777 204 841 enim
223 777 353 841 salvator
369 779 397 842 in
417 779 694 863 parabolntestatnr
709 779 789 842 illunr
810 800 862 865 per
881 778 954 863 legis
975 779 1126 864 dogmata,
1158 783 1281 868 proplie-

128 891 231 964 taaque
249 881 371 945 salntem
390 901 456 944 erse
475 892 683 959 consecutum,
716 882 832 945 tametsi
851 893 918 946 ante
938 883 1031 965 legem
1055 884 1104 946 illa
1125 885 1209 950 lactis
1228 907 1281 949 ex-

129 984 297 1068 pressisset.
345 980 487 1048 Similiter
508 1005 561 1048 eos
581 984 630 1069 oui
652 985 746 1068 legent
766 995 867 1070 postea
885 997 1057 1049 servassent
1079 1008 1113 1050 ac
1133 987 1282 1072 prophetis

128 1087 380 1172 obtemperassent
394 1087 422 1150 in
442 1087 508 1151 sinu
526 1086 591 1153 eiua
607 1087 795 1171 acquiescere
812 1099 841 1151 et
857 1089 891 1151 ad
907 1088 995 1152 vitam
1013 1111 1077 1152 cum
1096 1090 1160 1175 ipso
1178 1110 1281 1175 perve-

128 1189 203 1254 nire.
250 1186 383 1271 Quorum
407 1211 423 1253 e
446 1210 568 1255 numero
590 1187 726 1254 Lazarus
750 1189 821 1269 luit,
853 1191 900 1274 qui
923 1191 997 1275 legis
1020 1192 1282 1277 prophetarumque

127 1291 270 1355 lteneliciu
288 1292 319 1356 in
337 1293 454 1359 vitalem
471 1292 658 1358 beatitudinis
671 1293 766 1372 illius,
791 1315 847 1377 qua
864 1294 1030 1358 Abraamns
1046 1295 1162 1372 fruitur,
1188 1295 1282 1358 sinum

129 1406 267 1480 receptus
288 1405 346 1460 est.

214 1495 315 1562 Schol.
335 1496 465 1562 XLVII.
500 1497 581 1563 llaec
594 1499 686 1563 verba
701 1498 912 1584 praetermisit:
937 1504 1045 1574 Dicite,
1071 1504 1157 1562 Serri
1167 1504 1281 1563 :nuclea
1294 1517 1348 1561 nuc.
1358 1520 1390 1572 11,
1404 1523 1434 1564 m.

128 1624 241 1665 ramus:
265 1605 340 1684 quod
360 1603 503 1664 &duamur
515 1606 633 1686 secere,
650 1604 783 1685 secrlncs.

212 1702 315 1767 Relut.
335 1701 464 1767 XLVII.
498 1703 595 1768 Etiam
611 1704 700 1784 illam,
724 1725 810 1788 quarn
826 1704 958 1767 doctriua
972 1705 1080 1767 domini
1096 1705 1280 1790 praescribit,

129 1807 294 1872 cantionem
317 1807 459 1891 repudiat.
506 1804 622 1870 Etenim
641 1802 779 1871 Christus
802 1818 903 1870 cautos
926 1828 960 1869 au
982 1809 1140 1891 prudentes
1160 1810 1283 1872 reddere

129 1910 284 1994 discipulos
302 1910 439 1988 studens,
475 1929 512 1972 ne
531 1909 567 1973 ob
585 1909 751 1994 superbiam
769 1909 867 1993 operis
886 1909 947 1971 suis
966 1911 1100 1973 mercede
1117 1909 1280 1994 priventur,

129 2015 163 2078 ad
190 2012 379 2077 humilitatem
403 2012 566 2076 erudiebat.
613 2009 700 2094 Quod
722 2010 778 2074 iste
804 2012 1007 2075 documentum
1034 2013 1148 2091 reiicit,
1184 2025 1283 2096 utpote

129 2118 224 2182 elatus
247 2115 434 2200 arrogantia,
459 2136 517 2177 non
540 2115 663 2178 veritate
683 2113 838 2177 subnisus.

214 2216 316 2283 Schol.
333 2216 478 2282 XLVIII.
513 2216 638 2301 Quando
658 2227 850 2280 occurrerunt
871 2217 971 2280 decern
993 2215 1112 2301 leprosi.
1161 2216 1229 2301 Quo
1252 2219 1281 2280 in

130 2324 195 2387 loco
212 2322 301 2385 multa
320 2330 453 2398 resecat,
478 2320 575 2404 itaque
592 2319 710 2383 scribit:
734 2324 774 2382 Et
790 2325 865 2381 natat
880 2341 926 2380 cos
941 2323 1051 2392 dalens,
1078 2324 1220 2382 ostendite
1234 2340 1350 2383 oos1uru.
1366 2343 1396 2385 11.

128 2427 337 2488 :mardonium
361 2444 395 2486 ao
413 2444 466 2508 pro
483 2424 548 2486 alim
565 2423 622 2486 alia
636 2422 806 2508 supposuit,
831 2423 871 2484 ita
887 2421 1072 2506 concipiens:
1097 2427 1188 2484 Multi
1200 2437 1283 2485 mont
1297 2392 1403 2446 cml

129 2532 239 2610 leprosi
249 2533 279 2589 air
294 2529 392 2589 diebus
407 2530 518 2589 Elascct'
530 2529 699 2609 prophetae,
724 2537 754 2587 et
767 2547 846 2587 nemo
860 2536 977 2586 curetur
994 2537 1051 2598 est,
1076 2529 1135 2586 πίει·
1146 2529 1282 2588 Naamurn

130 2636 233 2711 Syrus.

214 2731 317 2796 Relnt.
336 2731 480 2796 XLVIII.
514 2730 580 2796 lloo
596 2731 627 2793 in
643 2731 709 2794 loco
727 2730 893 2816 prophetam
909 2730 1044 2792 dominus
1058 2727 1209 2794 Elisacurn
1230 2754 1282 2794 no-

130 2836 235 2912 minat,
266 2855 357 2920 seque
381 2835 455 2898 adeo
477 2835 713 2898 demonstratos
735 2852 810 2918 quae
832 2832 867 2895 ab
890 2832 940 2896 illo
959 2833 1052 2917 sIgnis
1072 2843 1103 2895 et
1121 2834 1281 2897 involucris

129 2937 292 3023 aequaliter
314 2936 481 3001 adumbrata
507 2939 638 3014 inerant,
671 2935 768 3020 reipsa
791 2936 971 3020 complesse,
1004 2957 1061 3019 quo
1083 2933 1279 3014 Marcionem,

129 3062 164 3106 ac
186 3053 302 3105 ceteros
324 3060 427 3104 omncs
449 3038 654 3125 prophetarunt
677 3047 894 3122 contemptores
917 3038 1077 3102 refelleret.

216 3140 317 3208 Schol.
336 3141 457 3206 XLIX.
492 3147 609 3204 tentent
628 3145 703 3215 dt'es,
736 3146 847 3222 quando
867 3145 1061 3209 desiderabitis
1083 3147 1176 3204 vuilere
1198 3164 1281 3203 atatem
1296 3163 1351 3218 cap.
1360 3166 1391 3218 11,
1403 3165 1435 3208 aa.

129 3270 166 3308 ec
187 3249 284 3309 deabus
295 3249 363 3326 fito·
381 3250 511 3308 lomenti.

213 3346 315 3412 llelut.
336 3347 454 3412 XLIX.
488 3343 564 3412 Cum
583 3356 613 3409 et
631 3345 693 3409 dies
712 3357 861 3424 numeret,
896 3357 925 3409 et
945 3357 1055 3410 certum
1076 3357 1189 3431 tempus
1209 3346 1282 3409 indi-

129 3461 192 3529 cet,
224 3462 254 3513 et
273 3451 360 3515 utiam
378 3471 411 3514 sc
429 3449 555 3514 hominis
574 3448 715 3534 appellat,
743 3469 815 3513 sana
833 3469 999 3512 mensuram
1017 3448 1159 3533 quandam
1177 3448 1282 3511 aetatis

128 3553 273 3639 significat
295 3575 330 3616 au
357 3551 583 3639 praedicationis
607 3572 677 3616 suae
701 3551 847 3614 definitum
876 3552 951 3614 diem
974 3552 1135 3614 constituit.
1181 3549 1282 3635 Quare

128 3677 187 3720 non
214 3677 324 3742 expers
347 3657 445 3720 earnis
468 3667 514 3720 est
535 3655 674 3734 verbum,
705 3656 757 3718 sed
774 3654 803 3717 in
820 3674 944 3739 corpore
961 3653 1135 3718 benevolum
1151 3652 1220 3717 illud
1238 3665 1283 3718 est

129 3759 174 3824 dei
198 3758 352 3823 eonsilium
376 3760 549 3844 perlectum.

213 3859 315 3927 Schul.
334 3863 372 3926 L.
404 3867 489 3924 Ducit
508 3865 680 3944 siquidum,
711 3865 852 3940 Magister
872 3861 957 3933 done,
989 3862 1180 3942 quailsccrens
1196 3865 1279 3921 uitem
1294 3882 1390 3940 capre,
1404 3886 1436 3927 te.

127 3977 268 4028 nemmem
280 3968 450 4047 possrldebo?
491 3970 535 4026 At
551 3968 609 4040 ille,
634 3967 731 4025 Nolito
745 3984 788 4024 me
801 3966 894 4024 ducere
908 3964 1025 4024 donam:
1050 3985 1122 4024 unus
1138 3975 1180 4025 eat
1195 3964 1282 4025 donus

128 4072 205 4130 deca.
251 4068 369 4132 Adiecit
388 4067 454 4145 ille,
477 4072 573 4130 Pater.
619 4064 681 4131 Sed
698 4077 728 4128 et
743 4086 796 4151 pro
817 4086 853 4128 co
871 4067 945 4149 quod
969 4075 1032 4145 est,
1056 4069 1193 4128 Mandata
1207 4073 1284 4128 noan·

128 4171 246 4258 scripsit
266 4171 333 4250 ille,
358 4174 495 4232 Mandata
517 4175 590 4231 noui.

209 4272 312 4339 Ilelut.
334 4273 370 4337 L.
403 4270 452 4335 Ne
469 4272 603 4336 mandata
621 4282 708 4336 antea
724 4269 885 4357 perscripta
906 4271 996 4335 luisse
1012 4281 1201 4349 monstraret,
1225 4271 1279 4334 ista

162 4461 200 4514 17.
218 4466 286 4514 Atat
301 4461 361 4516 ἰδεῖν
376 4465 430 4511 ont:
444 4459 519 4528 paler,
537 4464 599 4526 prod
612 4431 686 4526 supro
756 4458 796 4512 19.
813 4457 827 4514 ὁ
842 4455 903 4520 led<
919 4475 992 4524 supro
1009 4461 1161 4511 decideretur.

127 4533 221 4595 cuidem
237 4534 326 4596 tcpttrtr.
754 4528 794 4580 20.
813 4532 893 4592 supro
908 4527 1059 4596 Προςέθηκε
1071 4526 1101 4582 τὸ
1116 4523 1168 4592 ὅτι,
1186 4525 1217 4580 ‘0
1232 4545 1279 4582 nu·

162 4599 202 4652 18.
219 4595 232 4653 o‘
251 4597 281 4654 ol
295 4613 369 4663 cupro
383 4601 535 4651 claudamur.
721 4593 779 4665 erip.
923 4619 925 4627 ·
