3046 5084
339 338 474 393 Pdedll
492 340 568 393 dliv.
586 340 756 393 manases
772 340 836 394 Lte.
850 344 869 392 l.
885 341 966 393 Tom.
982 341 1000 390 l.
1204 327 1245 387 35

95 468 216 543 praeter
237 454 371 523 Sanum.
416 454 521 525 Cuius·
535 458 623 525 noina
645 460 755 545 prolem
778 460 916 544 deinceps
939 457 1242 524 commemorabimus.

97 556 192 643 lgitur
212 556 321 625 Scmua
342 560 553 644 Arpbaxcdum
578 560 691 646 gennit.
736 558 800 624 lstc
824 555 965 640 Caiuam,
995 555 1104 625 Caiuas
1128 556 1240 639 Salam,

96 658 184 725 Salas
204 660 351 740 liberum,
375 661 423 725 bic
443 659 612 724 Pbalerum.

179 760 269 827 Nulla
291 763 390 849 perid
415 772 529 846 tempus
550 761 581 824 iu
605 761 694 826 terris
713 760 862 839 haeresis,
892 762 1060 845 opinionum
1082 761 1162 826 nulla
1184 764 1243 826 dis·
1260 776 1321 845 cap,
1338 781 1368 832 v.

96 864 213 944 sensio,
237 884 303 929 cnm
324 862 455 927 universi
480 863 542 925 sola
564 862 690 926 bominis
712 863 905 947 appellatione
927 873 1138 941 censerentur,
1167 864 1243 928 labio

96 986 156 1029 uno
177 986 294 1049 unaque
313 965 411 1048 lingua
427 964 560 1047 praediti.
604 961 706 1028 Pictas
729 984 817 1049 porro
836 974 924 1048 atquc
942 964 1074 1049 impietas
1095 965 1159 1029 sola
1181 979 1245 1030 erat

96 1077 220 1132 naturae
235 1068 318 1148 lege,
342 1074 393 1129 aut
407 1064 636 1150 uniuscuiusque
653 1064 690 1129 ad
707 1076 840 1129 uatumm
861 1066 1078 1129 accommodata
1091 1067 1244 1132 voluntate

96 1166 233 1245 delinita,
258 1166 397 1229 necdum
417 1186 502 1229 error
519 1177 682 1231 emerserat
698 1166 762 1230 sive
784 1166 934 1250 disciplina
954 1179 1155 1251 comparatus,
1179 1168 1244 1233 sive

96 1267 293 1333 monumentis
314 1267 487 1352 scriptorum
514 1268 651 1331 traditus.
694 1266 803 1352 Neque
828 1269 919 1353 igitur
934 1266 1117 1346 Iudaismus,
1149 1290 1244 1353 uequc

97 1371 152 1434 alia
175 1368 234 1433 ulla
258 1378 340 1433 secta
360 1368 524 1454 prodiemt,
553 1369 622 1447 sed,
647 1379 680 1433 ut
700 1368 743 1433 ita
764 1369 876 1448 dicam,
899 1369 948 1433 illa
969 1370 1072 1434 cadem
1095 1371 1245 1436 obtinebat

97 1490 172 1555 quac
188 1468 273 1533 bodie
288 1471 319 1534 iu
333 1480 435 1535 sancta
451 1471 497 1534 dei
514 1469 640 1534 ecclesia
655 1491 690 1533 ae
708 1469 852 1535 catbolioa
869 1472 1146 1556 perseverabimus,
1170 1494 1244 1557 quac

97 1593 163 1636 cum
177 1570 214 1635 ab
227 1570 299 1657 ipsis
313 1592 412 1637 rerum
427 1571 594 1657 primordiis
608 1572 763 1657 viguisset,
787 1593 890 1635 rursus
907 1582 953 1636 est
969 1584 1071 1658 postea
1087 1576 1242 1657 patefacta.

96 1673 213 1738 Etenim
235 1674 261 1736 si
283 1674 347 1757 quis
368 1673 424 1736 ista
443 1674 509 1737 solo
528 1673 664 1736 veritatis
686 1674 782 1737 studio
805 1673 947 1758 impulsus
965 1676 1038 1738 velit
1061 1677 1242 1761 expendero,

97 1796 154 1839 non
177 1773 319 1840 dubitabit
337 1785 468 1839 sanctam
491 1784 578 1858 atque
599 1774 771 1838 catholicam
794 1775 948 1838 eeclesiam
971 1776 1093 1859 primam
1115 1778 1244 1842 omnium

95 1876 243 1955 extitisse,
266 1877 422 1940 dummodo
438 1896 556 1959 scopum
573 1874 667 1959 ipsum
685 1876 863 1940 consideret.
892 1876 987 1940 Adam
1003 1879 1080 1941 enim
1095 1878 1244 1943 bominum

94 1978 232 2063 prinecps
256 2000 274 2041 a
298 1979 354 2041 deo
375 1977 511 2041 conditus
534 1997 593 2039 uoo
614 1976 821 2055 circumcisus,
850 1979 902 2041 scd
920 1980 1071 2064 praeputio
1096 1980 1244 2064 praeditus

96 2081 160 2145 luit.
190 2079 298 2166 Neque
314 2091 411 2143 tamcu
426 2078 504 2143 idola
518 2088 673 2164 propterea
687 2077 788 2154 coluit,
814 2089 844 2140 et
858 2080 941 2141 deum
960 2091 1070 2163 patrem
1090 2103 1155 2143 cum
1172 2082 1242 2159 filio,

94 2202 130 2247 ac
145 2182 249 2267 spiritu
264 2190 379 2261 saneto,
402 2190 502 2265 utpote
517 2179 668 2265 propbeta,
692 2179 841 2263 coguovit.
875 2177 1074 2262 Quamobrem
1091 2183 1167 2265 quod
1186 2183 1244 2245 eir·

94 2282 274 2348 eumcisionc
291 2282 403 2360 caruit,
428 2279 553 2345 ludaeos
572 2301 641 2345 esse
658 2301 717 2343 uon
734 2281 844 2364 potuit3
867 2280 1020 2345 idololatra
1036 2303 1108 2345 vero
1125 2284 1244 2350 minime

95 2385 161 2463 luit,
185 2406 250 2449 cum
269 2404 365 2467 neque
378 2383 535 2447 simulacra
549 2402 644 2467 neque
659 2382 718 2447 alia
735 2383 762 2446 id
777 2404 871 2467 genus
886 2383 1034 2447 adoraret.
1079 2382 1149 2448 Fuit
1165 2387 1244 2450 euim

94 2487 144 2551 illc
160 2487 318 2572 propbeta,
342 2494 374 2549 et
388 2485 443 2548 boc
460 2484 520 2547 lilio
534 2494 648 2569 epatre
664 2483 770 2547 dictum
790 2504 856 2547 esse
873 2483 1002 2547 sciebat:
1026 2490 1175 2549 Faenum
1193 2491 1244 2549 dc

94 2594 204 2651 mabam.
250 2585 395 2670 Quidnam
415 2585 506 2671 igitur
527 2589 612 2650 creti
653 2582 783 2651 Omnino
801 2607 897 2669 neque
915 2586 1123 2668 circumcisus,
1147 2597 1395 2674 ueqnch.1,es.

94 2691 180 2755 idolis
197 2689 328 2754 addictus
341 2685 529 2753 Christianae
545 2688 698 2772 religionis
712 2688 869 2771 imaginem
884 2688 1044 2752 referebat.
1075 2687 1137 2754 l'ar
1153 2690 1245 2755 idem·

94 2812 151 2876 que
169 2792 205 2854 dc
222 2790 337 2870 Abelo,
360 2788 472 2869 Setino,
495 2788 590 2867 Eros,
614 2786 736 2867 Enoch,
760 2787 946 2870 Metlosedo,
970 2787 1100 2870 Noemo,
1123 2790 1244 2857 Habere

94 2894 130 2957 ad
144 2891 293 2955 Abrabam
314 2912 406 2978 usque
422 2892 560 2956 iudicium
578 2912 645 2955 esse
662 2891 758 2955 debet.
805 2890 884 2954 'l'um
904 2892 979 2955 enim
1001 2892 1105 2977 religio
1123 2895 1243 2979 perinde

93 3006 181 3078 atquc
202 2994 354 3077 impietas,
378 2995 450 3059 lidos
468 2995 538 3057 item
562 3003 593 3057 et
609 2992 767 3057 infidelitas
785 2993 933 3057 bominum
956 3015 1051 3078 genus
1070 2998 1241 3082 occupabat.

93 3094 227 3179 Quarum
244 3095 316 3160 lidcs
330 3092 518 3160 Christianae
532 3104 632 3158 sectae
645 3094 772 3182 speciem
788 3095 995 3177 adumbrabat,
1018 3097 1174 3162 iulidelitas
1189 3098 1244 3161 im·

93 3198 210 3284 pietatis
226 3218 262 3261 ac
279 3197 403 3262 sceleris
420 3207 487 3261 erat
501 3197 579 3261 notis
593 3196 751 3281 insignita,
775 3197 935 3281 eademque
955 3209 1078 3262 naturae
1099 3199 1165 3283 lege
1183 3200 1243 3261 dis·

91 3298 216 3364 sidebat.
261 3300 361 3384 Atque
376 3299 424 3362 bio
439 3317 539 3363 rerum
553 3308 648 3362 status
663 3299 700 3362 ad
715 3298 785 3363 illud
801 3321 893 3384 usque
913 3310 1038 3386 tempus,
1062 3300 1138 3383 quod
1157 3300 1242 3362 modo

91 3402 334 3487 significavimus,
357 3401 497 3486 deinceps
513 3400 670 3485 perductus
685 3412 743 3465 est.
789 3397 949 3466 Caeterum
966 3402 1065 3485 quinta
1082 3411 1149 3485 post
1169 3400 1243 3464 dilu-

91 3503 171 3567 rium
194 3514 308 3584 aetate,
323 3524 403 3567 ¹cum
426 3522 444 3566 a
470 3503 564 3567 tribus
582 3501 692 3567 Nouoi
712 3503 779 3568 liliis
798 3504 954 3589 propagari
978 3522 1073 3585 genus
1093 3501 1241 3565 homiuum

92 3603 249 3687 coepisset,
272 3606 443 3671 continuata
456 3604 569 3669 sobolis
586 3604 775 3670 successione
791 3607 847 3668 duo
864 3626 899 3667 ac
915 3602 1099 3688 septuaginta
1118 3625 1241 3671 numero

91 3703 173 3767 velut
193 3706 340 3793 principes
354 3728 389 3772 ac
404 3708 506 3793 stirpis
522 3707 616 3793 capita
633 3708 815 3792 prodierunt.
862 3704 884 3767 li
902 3726 967 3767 cum
986 3704 1103 3788 longius
1120 3727 1239 3791 proces-

90 3805 217 3883 sissent,
245 3817 277 3869 et
299 3829 318 3871 a
340 3822 440 3875 moute
455 3807 559 3874 Lnbar
576 3808 795 3892 Armeniaeque
816 3807 939 3881 finibus,
969 3806 1024 3869 boc
1046 3816 1092 3869 est
1116 3808 1237 3893 regione

89 3907 218 3987 Acarna,
243 3908 383 3975 ulteriora
410 3920 637 3997 peragrassent,
666 3907 809 3974 Senaaris
831 3909 860 3970 iu
884 3927 1016 3991 eampum
1042 3908 1129 3972 delati
1154 3923 1234 3989 suut,
1250 3924 1376 3980 cenna.

90 4030 175 4095 quem
191 4008 286 4072 locum
303 4008 429 4096 sibiipsi
445 4014 629 4097 delegerunt.
674 4007 832 4075 Caeterum
852 4006 968 4073 Seuaer
984 4008 1069 4073 bodie
1087 4012 1116 4073 iu
1130 4009 1237 4075 Persa-

88 4133 154 4176 rum
169 4111 291 4196 regione
306 4109 364 4174 sita
380 4122 444 4194 est,
467 4134 552 4200 quam
576 4112 644 4178 olim
660 4112 779 4197 Assyrii
795 4121 959 4175 tenuerant.
1004 4108 1099 4198 lgitur
1119 4134 1184 4177 cum
1205 4112 1236 4176 iu

88 4284 139 4333 cod.
155 4285 209 4333 Vara
242 4280 294 4335 cdo
310 4277 423 4345 mbos,
448 4284 538 4341 midae
552 4287 646 4344 Meua
714 4280 753 4333 10.
773 4277 871 4349 Δουβδρ
897 4283 948 4332 cod.
974 4285 1028 4333 Vsa.
1071 4278 1159 4350 Δοβᾶρ
1184 4285 1235 4334 cod.

87 4350 164 4401 editae
177 4353 242 4401 libar-
274 4348 373 4403 amidam
389 4350 480 4409 παῖδες
501 4351 569 4400 codd
585 4350 645 4399 llbe-
677 4350 774 4414 namo.

87 4417 136 4479 dig.
151 4424 173 4468 et
183 4420 260 4470 Puris.
712 4416 752 4470 11.
768 4416 879 4483 Περσίδι
894 4420 947 4468 cod
962 4420 1038 4469 Vocet.

124 4483 149 4535 9.
170 4481 301 4551 γεγόνασιν
325 4488 377 4537 cod.
403 4488 457 4537 Vct.
499 4478 644 4551 dpspducma
711 4484 751 4537 12
769 4480 947 4546 samosate<
978 4487 1014 4552 (le
1030 4500 1050 4536 e.
1082 4483 1234 4541 coroadam·

85 4554 170 4615 rationi
185 4556 246 4605 dart
676 4553 730 4621 τις)
747 4555 799 4605 cod
813 4554 889 4605 Vocat.

986 4643 1005 4704 3
1018 4634 1032 4668 it
