3046 5084
255 308 296 370 96
677 314 797 366 ειινστι
814 313 983 365 οειευιωιι
1053 350 1056 356 .
1172 382 1176 392 ,

254 433 371 501 τοάτου.
404 435 512 518 Γέγονε
524 433 557 497 δέ
574 423 661 507 οὗτος
675 429 694 497 ά
708 430 871 516 άνθρωπος
885 429 1105 511 πεπλανημένος
1120 426 1171 494 τάν
1184 427 1307 514 τρόπον,
1328 422 1409 493 άπα.

254 535 342 619 τηλάς
354 534 407 618 τήν
419 533 548 620 γνώμην,
564 531 622 598 άπδ
636 531 792 598 Ἰουδαίων
806 529 978 616 ὁρμώμενος
990 534 1042 596 καί
1053 529 1089 596 τά
1104 529 1262 597 Ἰουδαίων
1275 537 1410 615 φρονῶν,

253 635 329 704 κατά
347 636 441 719 νόμον
458 637 490 700 δέ
506 634 548 718 μή
565 633 804 717 πολιτευόμενος,
834 637 917 719 έτερα
935 634 967 698 δέ
985 629 1053 698 άνθ’
1069 634 1175 716 ἐτέρων
1191 635 1409 719 παρειςφέρων,

253 737 373 820 καλιήν
391 741 469 802 ἰδίαν
485 735 578 802 αάεοῦ
594 739 706 820 αἵρεσιν
727 734 907 818 8πλανήσας.
941 734 1050 813 Ἅλυς,
1079 737 1131 799 καί
1146 733 1244 817 ὕδωρ,
1273 737 1325 799 κοιλ
1341 740 1409 820 γῆν,

253 842 305 906 καί
318 837 410 925 άρτον
425 841 476 904 καί
493 836 637 923 οάρανδν,
665 839 716 901 καί
733 838 857 922 αἰθέρα,
886 839 937 902 καί
955 835 1064 919 άνεμον
1078 835 1169 922 ὅρκον
1185 834 1288 912 αάτοῖς
1302 839 1344 913 εἰς
1358 845 1409 901 λα-

253 946 350 1028 τρείαν
369 938 541 1026 δρισάμενος
561 938 770 1024 παραδέδωκε,
800 939 871 1003 ποτὲ
887 939 920 1002 δέ
937 940 1025 1002 πάλιν
1043 937 1147 1014 άλλους
1165 938 1315 1023 μάρτυρας
1333 936 1410 1004 ἐπτά

254 1040 440 1128 ὁρισάμενος,
461 1039 513 1107 τδν
527 1038 673 1126 οάρανδν,
696 1041 790 1121 φημὶ,
811 1042 863 1103 καὶ
879 1038 912 1104 τά
930 1038 1023 1124 ὕδωρ,
1044 1042 1095 1104 καί
1112 1038 1280 1122 πνεύματα,
1303 1041 1409 1122 φησίν,

254 1146 306 1209 καί
324 1141 426 1228 άγίους
441 1141 510 1217 τοάς
528 1140 666 1227 άγγέλους
684 1146 736 1222 της
754 1145 929 1224 προςευχής,
951 1142 1003 1206 καί
1020 1139 1052 1206 τά
1073 1144 1186 1220 ἐλαιον,
1208 1144 1259 1207 καλ
1273 1140 1306 1205 τά
1323 1141 1409 1220 άλας,

253 1246 305 1310 καί
322 1244 377 1326 τήν
394 1248 455 1328 γήν.
496 1241 706 1326 Ἀπεχθάνεται
725 1243 757 1307 δέ
773 1248 809 1331 τη
823 1247 988 1330 παρθενίᾳ,
1016 1251 1095 1326 μισεῖ
1108 1244 1141 1308 δέ
1155 1242 1210 1325 τήν
1225 1242 1407 1329 ἐγκράτειαν,

254 1343 408 1430 ἀναγκάζει
431 1345 464 1412 δέ
482 1344 586 1429 γάμον.
632 1343 829 1425 Φαντασιοίδη
849 1345 883 1408 δέ
899 1371 979 1423 τινα,
1011 1342 1050 1420 άς
1066 1348 1160 1426 δήθεν
1176 1343 1407 1426 ἀποκαλύψεως,

254 1449 449 1532 παρειςφέρει.
478 1444 654 1530 ’Τποκριτάς
669 1446 701 1510 δὲ
715 1444 882 1525 εδιδάσκει,
896 1444 995 1527 φήσας
1010 1444 1050 1529 μή
1067 1443 1144 1510 εἰναι
1156 1444 1300 1532 άμαρτίαν
1316 1450 1344 1511 εἰ
1353 1450 1408 1512 καλ

253 1548 449 1634 παρατύχοιεν
462 1552 567 1612 εἰδωλα
579 1553 778 1632 προςκυνήσαι
792 1551 899 1632 καιροῦ
914 1546 1067 1622 ἐνστάντος
1083 1552 1225 1634 διωγμοῦ,
1248 1547 1301 1614 ἐάν
1311 1548 1409 1631 μόνον

254 1653 287 1716 έν
300 1656 336 1739 τῇ
352 1649 515 1730 συνειδήσει
531 1649 572 1732 μή
586 1647 786 1739 προςκυνήση,
808 1652 860 1714 καί
876 1652 905 1714 εί
914 1676 942 1714 τι
956 1647 983 1714 δ’
996 1647 1032 1713 άν
1045 1647 1213 1738 ὁμολογήσῃ
1229 1653 1260 1716 ἐν
1272 1649 1405 1734 στόματι,

254 1753 287 1819 έν
311 1752 343 1816 δέ
362 1756 399 1840 τη
419 1755 525 1838 καρδίᾳ
548 1750 596 1832 μή.

120 1862 186 1929 Κεφ.
206 1856 237 1930 β’.
340 1851 491 1936 Μάρτυρα
506 1854 538 1917 δέ
552 1880 618 1917 τινα
632 1854 836 1938 παρειςφέρων
850 1852 906 1920 οάκ
922 1852 1084 1935 αἰσχύνεται
1101 1848 1118 1918 ά
1134 1851 1286 1934 άπατεαλν,
1314 1856 1407 1940 λέγων

258 1956 362 2030 Φινεές
374 1981 439 2018 τινα
454 1956 533 2037 ἰερέα
547 1959 605 2018 τῶν
620 1952 679 2020 άπδ
696 1957 800 2040 γένους
815 1959 893 2020 Λευί
906 1981 936 2021 τε
951 1957 1002 2020 καλ
1016 1952 1131 2040 Ἀαροδν
1145 1958 1197 2019 καί
1213 1961 1265 2021 τοῦ
1280 1955 1405 2041 άρχαίου

258 2056 361 2132 Φινεές
378 2059 409 2121 ἐν
422 2061 458 2145 σή
472 2059 626 2138 Βαβυλῶνι
642 2059 690 2122 ἐπὶ
706 2063 757 2140 τῆς
772 2062 968 2140 αἰχμαλωσίας
981 2055 1223 2140 προςκυνήσαντα
1242 2057 1296 2140 τήν
1304 2057 1407 2145 ’Ἀρτε-

255 2185 306 2243 μιν
321 2160 353 2224 ἐν
368 2156 497 2233 Σοάσοις
511 2162 736 2244 διαπεφευγέναι
753 2159 878 2245 ὄλεθρον
892 2160 1028 2224 θανάτου
1044 2160 1095 2224 ἐπὶ
1110 2163 1240 2244 Δαρείου
1256 2165 1310 2225 τοῦ
1323 2165 1407 2243 βασι-

254 2264 342 2336 λέως·
371 2258 443 2337 άςτε
459 2257 532 2325 εἰναι
550 2260 642 2328 αὐτοῦ
657 2259 694 2326 τά
710 2260 806 2326 πάντα
822 2264 922 2343 ψευδή
937 2263 989 2325 καί
1005 2259 1122 2343 μάταια.
1169 2253 1265 2337 Οὗτος
1282 2263 1335 2344 μέν
1350 2255 1408 2328 οὖν

256 2361 317 2428 άνισ
333 2367 478 2444 συνῆπται
492 2368 527 2452 τη
541 2364 739 2451 προειρημένῃ
756 2364 863 2447 αίρέσει
876 2368 912 2450 τῇ
926 2367 985 2426 τῶν
999 2360 1148 2445 Ὀσσηνῶν
1162 2365 1344 2452 καλουμένη,
1368 2357 1408 2446 ἧς
1465 2448 1468 2452 ι

256 2467 298 2531 ἐτι
314 2469 440 2546 λείψανα
454 2467 505 2530 καί
521 2469 607 2548 δεῦρο
623 2463 746 2548 άπάρχει
760 2466 792 2529 ἐν
804 2469 841 2552 σή
855 2462 930 2552 αὐτῇ
948 2468 1144 2546 ιΝαβατίτιδι
1158 2469 1206 2554 μή,
1228 2470 1264 2554 τῇ
1278 2468 1329 2530 καὶ
1346 2473 1405 2531 Πε-

147 2599 198 2643 m.
209 2586 241 2630 ει.
256 2571 325 2655 ραίμ
340 2564 414 2650 πράς
428 2571 465 2655 τή
479 2569 666 2648 Μωαβίτιδι,
687 2564 760 2648 ὅπερ
776 2566 860 2650 γένος
873 2567 942 2630 νυνί
959 2568 1128 2648 2Σεμψέων
1143 2575 1280 2632 καλεῖται.
1326 2573 1406 2633 Φαν-

255 2667 389 2744 τάζονται
404 2667 435 2731 δὲ
451 2670 546 2748 δῆθεν
563 2674 660 2730 καλεῖν
673 2671 777 2732 τοῦτον
794 2667 930 2750 Δάναμιν
947 2670 1206 2751 3κειιαλυμμένην,
1229 2668 1280 2735 διά
1294 2668 1327 2736 τά
1344 2667 1408 2753 Ἰήλ

255 2776 411 2833 καλεῖσθαι
432 2764 572 2848 δύναμιν,
601 2769 661 2837 Eat
680 2770 712 2834 δέ
731 2771 959 2853 κεκαλυμμένον.
1000 2768 1144 2855 Ἠλέγχθη
1166 2772 1198 2836 δέ
1219 2770 1252 2837 τά
1275 2777 1334 2837 πᾶν
1355 2777 1409 2838 τοῦ

257 2865 487 2949 ἐπιτηδεύματος
502 2866 658 2955 φρύαγμα,
686 2874 737 2935 καὶ
753 2875 794 2949 εἰς
811 2870 937 2956 μεγάλην
952 2871 1092 2954 αἰσχάνην
1105 2869 1234 2938 άπέπεσε
1248 2872 1329 2959 παρά
1344 2883 1407 2951 τοῖς

257 2970 431 3051 δυναμένοις
452 2969 487 3033 τά
505 2969 603 3054 άληθή
619 2982 773 3038 κατανοεῖν
793 2999 824 3038 τε
840 2975 891 3038 καλ
907 2969 1059 3056 άκριβοῦν.
1092 2971 1160 3038 Ἔτι
1174 2973 1231 3059 γάρ
1250 2978 1301 3041 καί
1318 2980 1406 3060 δεῦρο

257 3069 317 3137 άπδ
333 3075 391 3136 τῶν
407 3067 524 3157 ήμερῶν
543 3080 770 3140 4Κωνσταντίου
792 3101 822 3141 τε
843 3077 893 3140 καλ
910 3081 969 3140 τῶν
983 3080 1038 3140 νῦν
1054 3077 1196 3157 βασιλέων
1211 3084 1314 3158 σαφῶς
1330 3080 1405 3162 my·

255 3201 361 3260 χονται.
396 3171 477 3249 Ἕως
496 3175 549 3255 μέν
568 3173 623 3262 γάρ
641 3181 847 3241 Κωνσταντίου
869 3180 902 3243 ἐκ
920 3182 973 3242 τοῦ
993 3179 1100 3263 γένους
1118 3174 1211 3243 αάτοῦ
1233 3184 1408 3264 ὅΜαρθοῦς

255 3303 300 3354 τις
321 3277 372 3341 καὶ
386 3273 547 3361 Μαρθάνα
566 3276 622 3344 δάυ
639 3275 763 3360 άδελφαλ
782 3281 814 3344 ἐν
831 3307 865 3369 τη
881 3276 977 3343 αὐτῶν
991 3279 1072 3368 χάργι
1088 3276 1153 3344 άντί
1166 3286 1247 3345 θεοῖν
1262 3305 1404 3364 προςειιυ.

256 3383 377 3457 νοῦντο,
400 3377 447 3444 ὅτι
459 3381 553 3461 δῆθεν
567 3382 600 3445 ἐκ
615 3385 669 3444 τοῦ
681 3382 847 3465 σπέρματος
861 3386 915 3445 τοῦ
928 3383 1140 3467 προειρημένου
1153 3380 1255 3461 Ἠλξαί
1264 3378 1404 3465 άπῆρχον.

262 3483 392 3563 Τέθνηκε
413 3482 446 3546 δὲ
466 3478 488 3564 ή
502 3487 656 3566 Μαρθοῦς
677 3479 736 3567 πρά
753 3481 853 3567 σ’λίγου
869 3488 923 3549 τοῦ
937 3482 1060 3568 χρόνον,
1090 3483 1246 3571 Μαρθάνα
1259 3484 1291 3547 δέ
1308 3485 1350 3559 εἰς
1363 3485 1407 3548 ἐτι

257 3584 345 3665 δεῦρο
365 3580 508 3670 άπῆρχεν,
539 3576 582 3648 οἷν
602 3586 653 3648 καλ
674 3581 711 3647 τά
725 3582 880 3666 πτάσματα
898 3588 950 3650 καὶ
967 3584 1004 3650 τά
1018 3583 1089 3650 άλλα
1105 3594 1159 3651 τοῦ
1175 3585 1309 3670 νάματος
1324 3588 1406 3670 ράπη

258 3677 439 3765 άπεφέροντο
454 3691 485 3750 οί
496 3687 711 3770 πεπλανημένοι
727 3689 869 3770 αἰρετικοί
887 3690 917 3753 ἐν
931 3691 1027 3778 ἐκείνη
1044 3696 1081 3777 τῇ
1096 3688 1191 3776 χάριγ,
1220 3691 1315 3772 δῆθεν
1331 3689 1408 3775 πρδς

258 3777 390 3864 άλέξησιν
402 3788 584 3871 νοσημάτων.
631 3785 676 3853 Οά
688 3787 747 3872 μήν
761 3789 914 3875 ἐνήργουν,
937 3787 1008 3855 άλλά
1026 3788 1059 3856 τά
1077 3793 1302 3876 πεπλανημένον
1318 3797 1406 3876 σοβα-

255 3966 383 4053 Ἐσσαῖον
395 3971 439 4035 (εἰς
451 3983 585 4055 Ιεοιιωοιιιιν
601 3984 705 4043 appellat
722 3985 814 4033 Νίσαιαν
847 3980 929 4035 Ξενίαν
944 3982 1033 4047 μισῶν,
1047 3980 1195 4049 ἐγκράτειαν
1205 3982 1407 4052 βδελυττόμενος,

256 4056 314 4103 quos
337 4042 484 4103 Εριμλσκιυε
508 4048 617 4112 Οιετιιοε)
647 4045 712 4102 κατά
738 4048 813 4116 νόμον
846 4050 891 4102 καὶ
914 4054 1003 4115 γαμεῖν
1022 4084 1125 4101 ......
1142 4045 1240 4113 'meat
1258 4046 1340 4118 τούτῳ
1361 4048 1406 4102 καλ

255 4104 337 4161 πάντα
351 4107 493 4175 τελοῦντες,
509 4108 546 4191 95<
561 4111 624 4180 ίφην
637 4110 742 4178 ἄνωθεν,
761 4116 814 4169 hi·
846 4112 956 4182 ἀδελφὸν
974 4112 1036 4169 εἶναι
1050 4112 1156 4179 Ἰεζαῖον
1173 4114 1338 4183 καλούμενον,
1360 4115 1406 4168 καὶ

258 4192 313 4242 ραις
336 4193 401 4243 μετα
424 4172 466 4258 ξίν
489 4196 562 4244 νομον
579 4179 688 4263 έχριῇντο
704 4202 752 4251 γρα
773 4191 813 4245 αῖς
846 4178 949 4249 ὕστερον
972 4183 1014 4237 ἐπεὶ
1036 4186 1086 4237 τῶν
1104 4184 1204 4268 χρόνον
1226 4185 1271 4238 τοῦ
1294 4179 1406 4269 μεγάλην

255 4280 376 4376 τινα
391 4243 813 4385 ινιτιαλ,
846 4250 1157 4380 ἔξω
1170 4246 1408 4385 {afim

257 4374 344 4461 φῖλῖηε
360 4378 409 4459 ,καὶ
430 4377 584 4464 διαφθορεὺς
600 4416 675 4435 ·····
690 4403 770 4440 αινετε
786 4386 813 4439 έν
846 4389 952 4455 γεσθαι,
967 4336 1070 4456 λίαρδιλ
1089 4387 1132 4441 καλ
1148 4384 1301 4454 Μαρεάνην,
1324 4383 1366 4447 αίε
1383 4389 1407 4440 οἱ

255 4461 309 4527 τοξς
321 4462 418 4514 mm<
429 4446 558 4531 βασιλέως
576 4448 703 4516 Ρωμαίων
717 4454 814 4521 Τραῐα-
845 4456 1013 4522 πεπλασμένον
1028 4456 1182 4523 προςέκειντο
1198 4484 1290 4508 ...·..
1304 4494 1328 4508 ..
1343 4450 1407 4509 Ἠλ-

257 4528 311 4582 m,
326 4509 391 4580 μετὰ
405 4530 453 4583 τοι
464 4512 576 4583 xpectat·
589 4519 735 4589 εεεννσίυ»
749 4536 814 4589 σαι·
846 4521 905 4590 ξεῖ,
929 4517 959 4584 ὃς
981 4522 1146 4591 umnam
1167 4517 1274 4591 δίνεον
1295 4540 1408 4592 εοεαε·
