3046 5084
255 333 316 393 344
682 337 801 388 SANCTI
820 334 990 386 EPIPHANII

258 466 349 548 πολλῇ
364 459 414 523 καλ
432 455 576 542 όμηχανίηι
593 463 747 541 γεγονυῖαν
764 454 814 518 καί
831 453 994 537 ίδρωκέναι.
1017 534 1022 547 .
1037 448 1194 518 Ἐντεῦθεν
1211 451 1248 536 δη
1266 453 1341 520 κατό
1354 454 1412 537 τὴν

258 560 404 627 όπόθεσιν
425 557 523 623 αὐτοῖν
543 556 762 640 ὑπολαμβάνειν
783 560 831 620 δεῖ
847 553 944 640 πηγός
964 556 1015 619 καὶ
1034 552 1203 637 ποταμοός,
1232 559 1284 622 καλ
1303 560 1332 622 εί
1344 584 1412 623 τινα

259 663 329 729 iiiia
353 663 458 748 γλυκέα
479 659 573 725 όδατα
590 658 728 744 όπόρχει,
760 657 813 740 τήν
828 659 938 743 γένεσιν
953 655 993 739 μή
1012 659 1162 741 ἐσχηκέναι
1179 655 1238 725 όπό
1255 667 1316 725 τοῖν
1332 665 1411 726 ida-

258 765 358 853 κρόων
379 762 478 846 αὐτῆς.
519 762 683 828 Ἀπέθανον
705 760 774 847 γδρ,
804 768 872 843 μιᾶς
893 758 1050 843 ποιότητος
1070 759 1161 842 σι’ίσης
1180 767 1240 827 τοῖν
1259 763 1410 849 δακρόων,

258 866 294 933 τό
312 870 365 951 μέν
384 865 514 951 όλμυρολ,
546 864 581 930 τό
599 866 630 930 δὲ
646 867 753 949 γλυκέα
770 863 863 928 iidata
881 865 937 939 ῖέξ
953 860 1051 928 αὐτῶν
1067 872 1238 949 προελθεῖν·
1270 873 1356 932 τοῦτο
1379 867 1413 932 δέ

261 969 478 1054 πιθανιότερον,
499 966 534 1032 τό
549 969 602 1050 μὲν
616 965 690 1032 είναι
706 965 765 1031 όιτό
780 974 841 1030 τοῖν
855 964 1002 1049 δακρόων,
1025 964 1061 1030 τό
1076 967 1108 1031 δέ
1122 965 1182 1033 όπό
1196 975 1255 1033 τοῖν
1268 969 1411 1054 ἱδρώτων.

265 1072 368 1137 θἘπεὶ
383 1073 415 1136 δέ
430 1073 480 1136 καλ
496 1070 595 1153 θερμό
611 1072 662 1135 καλ
675 1071 779 1152 δριμέα
794 1067 882 1134 9τιυιλ
897 1066 991 1132 όδατό
1006 1072 1082 1134 ἐστιν
1097 1072 1128 1135 ἐν
1142 1077 1183 1158 τηῖ
1197 1068 1309 1159 κόσμῳ,
1330 1080 1414 1136 νοεῖν

262 1174 399 1255 ὀφείλεις,
430 1177 458 1237 τί
480 1172 627 1255 πριήσασα
647 1174 698 1236 καλ
720 1175 753 1237 ἐκ
770 1176 859 1236 ποίου
877 1175 983 1256 μορίου
1000 1170 1150 1257 προήκατο
1165 1179 1265 1237 ταῦτα.
1306 1170 1413 1258 ‘Adpo'-

265 1286 346 1356 ζουσι
367 1273 422 1360 γόρ
444 1282 576 1340 τοιοῦτοι
596 1277 706 1360 καρποὶ
727 1281 763 1363 τῇ
784 1271 927 1338 ὑποθέσει
950 1271 1057 1339 αὐταῖν.

128 1497 195 1565 Κεφ.
207 1493 249 1548 ιδ’.
348 1479 553 1546 Διοδεόσασαν
567 1472 622 1545 οὖν
635 1486 694 1544 πᾶν
708 1476 810 1554 πόθος
823 1478 876 1561 τήν
890 1481 1016 1564 Μητέρα
1030 1477 1138 1559 αὐτοῖν,
1157 1482 1214 1545 καλ,
1224 1479 1310 1566 μόγις
1324 1477 1413 1567 όπερ-

262 1583 417 1665 κόψασαυ,
441 1585 491 1648 ἐπὶ
509 1586 620 1647 ῖκεσίαν
637 1589 783 1667 τραπῆναι
800 1588 853 1647 τοῦ
869 1580 1080 1658 καταλιπόντος
1095 1579 1187 1666 αότην
1205 1582 1323 1664 φωτός,
1344 1609 1414 1649 του-

262 1688 338 1751 τέστι
351 1693 404 1752 τοῦ
422 1693 563 1771 Χριστοῦ,
582 1687 728 1769 λέγουσιν·
751 1683 784 1759 δς
799 1681 932 1749 όνελθιόν
950 1685 1023 1767 ιμέν
1036 1687 1077 1761 είς
1090 1685 1122 1750 τό
1140 1684 1304 1771 Πλήρωμα,
1323 1683 1417 1764 αότδς

264 1791 317 1872 μέν
334 1787 413 1864 είκός
427 1787 473 1854 ότι
487 1787 617 1870 οῖκνησεν
632 1791 664 1853 ἐκ
679 1789 816 1872 δευτέρου
832 1795 995 1865 κατελθεῖν,
1017 1785 1068 1854 τόν
1083 1786 1280 1873 Παρόκλητον
1294 1788 1327 1852 δέ
1343 1791 1416 1867 δέξ-

265 1894 396 1974 έπεμψεν
417 1888 530 1980 Βαὕτη,
552 1892 682 1955 τουτέστι
698 1889 751 1955 τόν
767 1896 908 1974 Σωτῆρα,
932 1888 1067 1966 ἐνδόντος
1083 1889 1164 1981 αότρῖ
1180 1899 1278 1957 πᾶσαν
1293 1889 1348 1974 την
1364 1891 1417 1958 δό-

264 2021 351 2077 ναμιν
369 2002 421 2060 τοῦ
440 1992 577 2079 Πατρός,
608 1995 657 2058 καὶ
673 2001 733 2057 πᾶν
749 1990 799 2057 ὑπ’
815 1996 949 2070 ἐξουσίαν
965 1992 1169 2078 παραδόντος,
1191 1997 1244 2060 καλ
1257 2002 1317 2060 τοῖν
1332 1995 1415 2063 Αἰνό-

265 2124 324 2163 νων
337 2099 368 2162 δέ
385 2094 529 2179 έόμοίως,
544 2096 626 2172 ὅπως
640 2099 671 2162 ἐν
685 2094 763 2183 αὐτῷ
776 2094 812 2160 τό
826 2094 923 2160 πάντα
937 2103 1046 2186 κτισθῇ
1058 2094 1094 2161 τό
1107 2094 1199 2182 όρατό
1212 2099 1261 2163 καλ
1275 2097 1312 2163 τό
1324 2096 1416 2185 όόρα-

264 2228 316 2279 τα,
338 2199 462 2284 θρόνοι,
484 2198 639 2282 θεότητες,
661 2198 836 2284 κυριότητες.
878 2196 1074 2280 Ἐκπέμπεται
1089 2200 1122 2264 δέ
1137 2199 1214 2286 πρός
1231 2197 1326 2284 αότήυ
1342 2201 1417 2284 μιτολ

265 2310 323 2368 τοῖν
345 2291 505 2384 ἡλικιωτῶν
531 2300 622 2367 αὐτοῦ
644 2309 704 2366 τῶν
725 2300 874 2387 Ἀγγέλων.
924 2300 985 2384 Την
1010 2302 1042 2366 δέ
1062 2299 1203 2386 Ἀχαμοῖθ
1223 2306 1417 2389 ἐντραπεῖσαν

266 2402 357 2470 αὐτόν
371 2407 501 2490 λέγουσι,
523 2412 642 2489 πρῶτον
657 2405 709 2487 μέν
724 2403 860 2486 κάλυμμα
875 2406 1036 2470 ἐπιθέσθαι
1049 2402 1087 2470 δι’
1103 2409 1194 2485 αἰδοῖ,
1216 2408 1366 2490 μετέπειτα
1380 2408 1416 2473 δέ

267 2511 388 2572 ίδοῦσαν
402 2505 492 2572 αὐτόν
506 2506 560 2572 σόν
576 2505 629 2595 όλη
645 2513 681 2596 τῇ
695 2510 885 2594 καρποφορίηι
901 2504 1009 2587 αότοῦ,
1031 2512 1230 2594 πρυςδραμεῖν
1245 2506 1338 2598 αότηῖ,
1359 2508 1414 2575 δό-

268 2636 355 2692 ναμιν
372 2614 521 2692 λαβοῦσαν
539 2612 572 2675 ἐκ
590 2616 642 2692 τῆς
660 2611 833 2690 ἐπιφανείας
851 2607 960 2688 αὐτοῦ,
989 2607 1127 2677 κάκεῖνον
1145 2618 1301 2697 μορφοῖσαι
1320 2608 1415 2696 ου’τὴν

267 2711 421 2798 μόρφωσιν
438 2710 492 2794 τὴν
508 2711 583 2777 κατό
599 2718 724 2797 γνυῖσιν,
756 2713 806 2777 καί
821 2715 899 2777 ἰάσιν
913 2720 973 2778 τοῖν
990 2721 1100 2779 παθεῖν
1113 2713 1297 2798 ποιήσασθαι
1310 2711 1416 2799 αότῆς,

269 2818 453 2898 θχωρίσαντα
469 2812 544 2878 αότό
562 2812 670 2896 αὐτῆς,
701 2813 741 2897 μή
761 2811 942 2897 όμελησαντα
959 2816 991 2881 δέ
1004 2813 1102 2882 αότυῖν
1116 2814 1164 2895 (τό
1181 2815 1236 2903 γόρ
1252 2810 1291 2900 ἦν
1304 2816 1418 2885 δυνατοί

266 2914 470 2998 όφανισθῆναι
486 2914 526 2992 τῖς
539 2915 575 2981 τό
589 2924 640 2999 τῆς
653 2919 806 3002 προτέρας,
829 2916 878 2982 διό
892 2916 925 2983 τό
940 2917 1040 2984 έκτικιλ
1054 2917 1113 3002 ἤδη
1126 2921 1178 2985 καλ
1192 2917 1304 2986 δυνατδ
1316 2916 1419 3001 εἶναι),

147 3057 197 3103 ηις.
212 3044 255 3089 lii.
269 3016 326 3084 ἄλλ’
351 3017 547 3104 ἀποκρίναντα
572 3024 710 3106 6χωρίσει
730 3027 784 3084 τοῦ
804 3022 922 3105 συγχέαι
945 3023 996 3086 καὶ
1018 3025 1108 3104 πῆξαι
1129 3023 1181 3087 καλ
1203 3024 1233 3100 ἐξ
1256 3020 1419 3107 οῖσωμότου

266 3122 386 3198 πόθους
403 3125 444 3198 είς
462 3119 619 3204 όσοῖματον
634 3121 688 3206 την
704 3123 778 3204 ιῖλην
796 3127 966 3206 μεταβαλεῖν
984 3122 1068 3188 αότό.
1112 3120 1186 3189 Εἶθ’
1203 3124 1298 3203 οὕτως
1316 3127 1417 3211 έττιτη-

267 3228 401 3308 δειότητα
419 3228 470 3291 καλ
488 3223 580 3306 φύσιν
602 3228 856 3308 Ὶέμπεποιηκέναι
874 3225 974 3304 αὐτοῖς
980 3278 988 3307 ,
1019 3225 1090 3303 οῖςτε
1109 3230 1150 3304 είς
1166 3237 1349 3313 συγκρίματα
1365 3234 1420 3297 ιιαλ

266 3328 386 3411 σώματα
403 3331 501 3394 ἐλθεῖν
516 3327 590 3412 πρός
604 3326 636 3394 τό
654 3331 792 3413 γενέσθαι
809 3328 865 3394 iio
880 3327 997 3408 οὐσίας,
1020 3327 1075 3412 τὴν
1088 3327 1206 3414 φαόλην
1218 3336 1279 3396 τοῖν
1294 3338 1418 3413 παθεῖν,

265 3430 319 3514 τήν
335 3458 365 3496 τε
384 3439 435 3514 τῆς
454 3434 634 3517 ἐπιστροφῆς
651 3434 783 3516 ἐμπαθῆ.
829 3434 889 3497 Καὶ
906 3431 956 3499 διδ
972 3438 1059 3499 τοῦτο
1078 3432 1202 3516 δυνόμει
1217 3431 1270 3499 τόν
1287 3440 1419 3521 Σωτῆρα

267 3537 545 3620 δεδημιουργηκέναι
561 3533 727 3617 φόσκουσι,
758 3533 813 3617 τήν
831 3560 862 3599 τε
877 3532 1017 3619 Ἀχαμσίθ
1035 3532 1120 3611 ἐκτός
1138 3532 1286 3615 εῖποίθους
1300 3540 1419 3623 γενομέ-

268 3662 323 3716 νην
340 3640 391 3702 καὶ
406 3642 607 3720 συλλαβοῦσαν
622 3645 657 3727 τῇ
671 3643 746 3724 χαρᾷ
759 3644 819 3702 τοῖν
836 3641 892 3705 λέν
905 3635 985 3727 αότρῖ
998 3637 1109 3721 φοίτων
1121 3635 1177 3722 τήν
1186 3643 1329 3725 θεωρίαν,
1349 3666 1420 3708 σου·

268 3740 344 3804 τέστι
359 3746 418 3804 ταῖν
432 3739 573 3826 Ἀγγέλων
587 3748 647 3807 τοῖν
663 3737 721 3825 μετ’
736 3737 839 3821 αὐτοῦ,
862 3746 914 3807 καὶ
926 3740 1139 3828 ἐγκισσήσασαν
1155 3738 1265 3820 αότοός
1277 3744 1417 3828 urum!-

299 3925 323 3979 6.
342 3926 457 3993 δακρύων
471 3935 534 3993 quod
545 3949 590 3983 om.
603 3936 722 3995 rdprind
737 3937 758 3982 rt
771 3934 822 3985 cod.
889 3934 913 3984 λ.
931 3932 1068 4000 ἐκπέμψειν
1088 3936 1140 3985 ινδ.
1159 3936 1215 3986 Veri.

268 4000 362 4057 Parii,
379 4000 459 4047 Petav.
472 4003 575 4059 primum
593 4004 686 4051 addidit
700 4014 729 4050 ιτ
743 4003 823 4064 aliquo
890 4001 914 4054 3.
932 4006 968 4053 ita
992 4004 1091 4053 correrii
1113 4005 1204 4054 Biiiirrt.
1245 4004 1311 4055 Libri
1332 4006 1421 4058 inim

266 4070 310 4114 υο.
332 4069 398 4114 diro.
438 4069 521 4116 οιιιοιι
544 4071 715 4119 rescribendum
738 4072 825 4120 ιιιιιιι
858 4065 945 4136 «dvii.

265 4129 378 4197 ἱδρώτων
395 4135 520 4183 secundum
541 4140 587 4185 i'et.
603 4139 697 4198 interpr.
890 4136 915 4190 4.
929 4143 965 4191 iia
979 4143 1064 4191 οοιιῖιο.
1075 4143 1125 4191 iam
1135 4143 1189 4191 oiim
1200 4142 1284 4192 Bittius
1291 4146 1314 4192 et
1324 4144 1419 4207 Ριλτυ,

299 4198 323 4250 7.
340 4198 368 4260 ἐξ
378 4194 541 4252 αότοῖν--
553 4199 585 4255 τοὶ
597 4202 641 4268 μὲν
652 4220 697 4254 om.
707 4208 758 4256 cod.
767 4209 822 4256 Ver.
857 4223 929 4270 ηκτοι
948 4211 1090 4269 scripturam
1110 4224 1172 4261 παοτ
1191 4210 1272 4273 fimat
1290 4210 1343 4261 ωδ.
1361 4212 1418 4265 Vn.

299 4272 323 4317 ii.
340 4261 416 4318 Ἐπεὶ
433 4265 461 4320 δὲ
478 4274 595 4332 rescripsit
610 4274 693 4321 Biiiirir
708 4288 760 4322 οατι
775 4276 823 4324 Vei.
858 4279 931 4339 λἀλρο
948 4279 1001 4326 iibri
1017 4278 1100 4327 λοόιιιλ
1117 4274 1246 4343 δεόμενος.

265 4337 361 4396 interpr.
383 4337 462 4417 ⁸Libri
479 4352 557 4387 οποιι
573 4340 656 4388 tabent
670 4333 788 4407 Ἐπειδὴ.
889 4346 913 4393 ὁ.
931 4346 967 4395 itu
983 4347 1034 4395 rod.
1052 4348 1106 4396 λιιι
1123 4343 1267 4428 χωρίσαντα
1282 4340 1307 4400 ti
1324 4338 1419 4415 αότῆς,

296 4402 321 4453 9.
339 4419 392 4453 τινα
409 4419 454 4453 οτι.
469 4407 519 4456 cod.
533 4408 586 4454 Ver.
856 4411 999 4479 γωρίααιτα
1015 4406 1038 4467 δ’
1056 4408 1121 4466 αιίτιλ
1136 4412 1232 4478 duffii,
1257 4416 1322 4477 σνσδ
1337 4418 1364 4467 λιι
1378 4416 1418 4468 «λ,

297 4471 357 4519 cir.
372 4470 448 4521 XiX.
468 4501 499 4510 —
520 4474 541 4522 1.
560 4470 605 4538 μέν
622 4487 666 4524 ουκ
682 4478 733 4525 cod.
751 4481 805 4529 Veri.
853 4484 929 4542 princ.
940 4485 1032 4545 λιριιιιτ,
1046 4484 1126 4534 Petet.
1141 4484 1241 4532 τιυλσσίλ
1253 4484 1280 4535 in
1292 4480 1418 4551 χωρίσαι·
