3046 5084
209 316 269 376 544
627 323 748 374 εκαοτι
765 322 934 373 οειειιιαιι

209 444 313 524 μένου,
338 438 379 516 τίς
394 442 484 525 λέγει,
507 438 579 522 Ούχλ
599 437 712 504 διόδεκα
727 436 805 522 ύμάς
820 436 1002 520 ἐξελεξάμην,
1023 438 1076 501 καλ
1094 432 1136 513 είς
1150 438 1181 513 ἐξ
1197 432 1284 520 ύμοδν
1299 438 1355 502 ἐστι

209 542 361 625 διάβολος;
394 544 455 606 Καὶ
469 542 575 606 τούτου
588 542 673 605 ἕνεκα
689 539 724 606 τά
739 546 789 623 τῆς
802 539 896 605 αύτοῦ
910 542 1108 624 κακοτροπίας
1120 534 1139 605 ό
1152 536 1260 625 κύριος
1272 538 1354 622 έρμη-

207 644 302 711 νεύων
324 647 417 730 ἔλεγεν
440 644 499 721 ότι,
520 644 614 707 Ὅταν
631 648 702 732 λαλῇ
720 640 752 708 τό
769 646 897 723 ψεῦδος,
927 643 960 706 ἐκ
976 648 1036 706 τῶν
1052 644 1136 707 ίδίων
1151 649 1241 706 λαλεῖ.
1284 637 1355 717 ’Ὦς

208 751 257 812 καλ
274 745 398 829 άλλαγοῦ
414 745 446 812 τό
463 744 629 831 εὐαγγέλιον
641 747 727 829 λέγει,
741 743 807 809 Ὅτι
823 745 947 825 κλέπτης
961 735 1015 825 ἦν,
1037 745 1087 809 καλ
1103 742 1137 809 τό
1151 741 1355 830 γλωσσόκομον

209 846 297 925 αύτός
314 848 474 932 ἐβάσταζεν.
523 841 618 923 Ούτος
639 840 693 913 ούν
715 844 732 912 ό
750 846 886 929 διάβολος
901 848 1023 928 κληθεὶς
1036 844 1152 921 Ἰούδας
1167 846 1284 930 πατέρα
1298 848 1355 927 lq!

209 950 261 1017 τόν
279 951 368 1029 Κάϊν,
392 949 441 1016 διά
455 949 589 1031 ψεύδους
606 947 794 1031 ἀπατήσαντα
809 947 861 1013 τόν
875 944 1004 1029 άδελφόν
1019 945 1112 1013 αύτοῦ
1124 945 1179 1013 τόν
1186 946 1288 1030 Ἀβιλ,
1309 948 1355 1013 καλ

211 1052 436 1119 α’ποκτείναντα·
460 1052 495 1128 δς
510 1053 560 1117 καὶ
576 1051 763 1137 ἐρωτώμενος
777 1047 836 1116 ύπό
853 1056 906 1115 τού
920 1055 1042 1136 κυρίου,
1067 1056 1136 1115 Ποῦ
1143 1046 1237 1132 ’Ἅβελ
1251 1047 1270 1116 ό
1282 1046 1355 1115 άδτλ·

211 1155 270 1237 φός
287 1177 357 1234 σονς
380 1154 564 1237 ψευδόμενος
580 1156 687 1238 έλεγεν,
713 1151 776 1218 Ούκ
794 1150 869 1218 οἶδα.
913 1152 1050 1228 Εἰκότως
1066 1144 1121 1217 ούν
1140 1154 1192 1217 καλ
1208 1144 1355 1229 ούτοςτδτ

210 1257 298 1339 φύσει
316 1257 452 1340 διάβολον
469 1255 667 1340 μιμησάμενος
688 1265 750 1330 τοῖς
768 1253 889 1339 τρόποις
908 1252 975 1331 υίός
993 1252 1086 1319 αύτού
1106 1250 1170 1319 κατ’
1186 1250 1276 1333 άξίαν
1291 1252 1356 1337 άνη·

210 1359 346 1445 γόρευται
362 1357 420 1424 ύπό
439 1367 493 1424 τοῦ
508 1366 646 1443 σωτῆρος.
683 1350 735 1421 Ὦι
751 1355 806 1442 γάρ
823 1356 943 1440 ἥττηταί
957 1382 1016 1437 τις,
1037 1354 1132 1445 τούτῳ
1147 1358 1200 1421 καλ
1215 1355 1355 1424 δεδούλω-

211 1488 265 1525 ται.
310 1464 370 1525 Καλ
386 1458 469 1543 ἡμῶν
489 1462 520 1525 δέ
538 1462 657 1534 ἕκαστος
674 1456 776 1524 ότιοῦν
794 1458 830 1523 άν
847 1461 1009 1549 ἐπιτελέσῃ,
1030 1456 1101 1534 τούς
1115 1466 1207 1524 τοῦτο
1226 1482 1354 1546 προτετε·

91 1601 141 1646 pag.
154 1588 197 1631 τω.
211 1562 329 1638 λεκότας
348 1566 475 1648 πατέρας
496 1565 551 1639 ἕξει
572 1561 778 1645 μιμησάμενος.
821 1568 935 1642 Σαφοῖς
954 1565 1055 1627 τοίνυν
1076 1558 1221 1646 ἐφράσθη
1240 1560 1262 1645 ἡ
1280 1558 1355 1647 παρά

211 1673 264 1731 τοῦ
281 1670 386 1749 κυρίου
402 1673 535 1747 λεχθεῖσα
552 1668 637 1748 ῥῆσις
654 1663 714 1743 ύτι,
743 1662 841 1746 Ὑμεῖς
856 1665 943 1729 τέκνα
964 1664 1026 1729 ἐστὲ
1046 1668 1101 1728 τού
1117 1662 1281 1746 διαβόλου,
1309 1664 1356 1729 καί

211 1767 314 1847 πάλιν,
328 1766 421 1831 Ὅταν
437 1775 507 1857 λαλῇ
523 1765 556 1832 τό
572 1770 698 1848 ψεῦδος,
722 1768 752 1830 ἐκ
768 1773 827 1831 τόν
844 1769 926 1832 ίδίων
943 1774 1034 1845 λαλεῖ,
1056 1766 1103 1831 ότι
1117 1763 1136 1831 ό
1152 1766 1254 1851 πατὴρ
1270 1762 1356 1833 αύτοῦ

210 1869 340 1952 ψεύστης
361 1872 450 1934 ἐστίν·
476 1873 527 1935 ’ίνα
549 1872 616 1958 ελπη
632 1866 746 1934 Ἰούδαν
766 1870 817 1933 καὶ
834 1868 930 1947 Κάϊν,
959 1865 1037 1948 εἶτα,
1067 1870 1125 1933 Kal
1149 1866 1207 1955 γάρ
1230 1866 1356 1953 όπτιτῆρ

211 1970 303 2037 αὐτοῦ
325 1970 455 2054 ψεύστης
478 1973 570 2050 ἐστὶν,
600 1974 650 2035 ἵνα
672 1974 741 2059 είπη
763 1968 853 2036 αύτόν
873 1970 925 2037 τόν
948 1970 1103 2055 διάβολον,
1131 1968 1184 2037 διά
1199 1970 1239 2037 τά
1253 1968 1357 2057 όμοίις

211 2076 489 2159 πεπραγματευμένα
512 2072 623 2162 ἑκάστῳ
648 2071 768 2138 τούτων.
816 2070 998 2157 Ἐμπνεύοας
1021 2072 1075 2159 γάρ
1100 2075 1133 2140 έν
1158 2072 1284 2158 στόματι
1305 2078 1356 2139 τοῦ

212 2175 312 2257 ὄφεως
328 2181 427 2260 ψευδῆ
441 2175 537 2241 πάντα
553 2174 704 2257 λελάληκεν
720 2173 738 2241 δ
756 2173 908 2258 διάβολος,
937 2177 987 2241 καλ
1003 2174 1097 2251 οὕτως
1112 2173 1180 2242 τότε
1198 2174 1357 2259 ἐξηπάτησε

211 2277 264 2361 τήν
286 2277 378 2343 Εύαν.
424 2281 483 2342 Καλ
507 2275 648 2367 α’νῄρηται
672 2276 751 2362 παρά
771 2276 887 2354 τούτοις
910 2274 930 2361 ἦ
950 2278 1158 2363 πεπλανημένη
1180 2282 1356 2362 μυθοποιΐτ,

211 2380 267 2446 κάν
281 2382 356 2466 λέγει
371 2377 391 2462 ἡ
405 2378 504 2466 γραφη
522 2377 563 2456 ούς
581 2378 598 2445 ό
614 2379 694 2444 Κάϊν
709 2378 858 2446 άπέκτεινε
874 2379 925 2446 τόν
941 2376 1070 2461 άδελφόν
1085 2376 1180 2447 αύτοῦ
1195 2378 1246 2448 ότι
1260 2384 1294 2449 ἐκ
1306 2384 1355 2447 τοῦ

211 2481 352 2565 διαβόλου
370 2475 416 2565 ἦν.
458 2480 592 2565 Ἐδείχδη
613 2480 668 2568 γάρ
686 2480 869 2547 παντάπασιν
884 2479 950 2566 ούγλ
965 2480 1016 2547 διά
1031 2480 1065 2548 τό
1079 2480 1134 2565 τήν
1149 2480 1241 2549 Εύαν
1257 2486 1291 2551 έν
1306 2488 1356 2549 τοῦ

211 2587 375 2671 σπέρματος
395 2591 449 2650 τοῦ
471 2583 612 2667 διαβόλου
633 2588 847 2667 συλλαβοῦσαν,
878 2581 920 2661 οἷς
940 2582 1016 2651 κατά
1033 2588 1173 2671 συζυγίαν
1190 2582 1291 2671 γάμον
1308 2584 1356 2651 πολ

211 2685 374 2768 συνάφειαν
393 2685 552 2769 σωμάτων,
582 2688 781 2772 γεγεννηκέναι
803 2684 854 2753 τόν
872 2684 951 2751 Κάϊν
967 2688 1018 2753 καλ
1034 2684 1087 2752 τόν
1095 2684 1203 2771 Ἅβελ,
1234 2682 1279 2765 τίς
1294 2683 1355 2753 τοτ’·

211 2815 272 2865 τοις
287 2791 400 2868 έδοξεν,
423 2786 492 2853 άλλά
511 2786 560 2853 διά
576 2787 609 2854 τό
629 2785 797 2875 όμότροπον
812 2792 864 2855 καλ
880 2794 994 2873 μίμημα
1010 2796 1063 2874 τῆς
1077 2794 1132 2857 τοῦ
1146 2788 1294 2875 διαβόλου
1308 2814 1356 2857 τι·

211 2896 370 2978 κοτροπίας
393 2889 457 2967 υέός
479 2888 571 2956 αύτοῦ
592 2889 708 2974 ἥκουσι.

140 3150 144 3161 .
164 3103 192 3157 ⁸⁴.
247 3090 251 3097 ¹
301 3094 398 3161 Πάλιν
419 3096 451 3161 δέ
472 3097 604 3181 λέγουσιν
625 3099 656 3162 οέ
675 3094 760 3163 αύτολ
779 3095 832 3163 τόν
845 3094 943 3180 ’Ἁδαμ
964 3096 1157 3178 συναφθέντα
1177 3102 1215 3187 τῇ
1233 3094 1358 3187 sapi

211 3202 272 3287 ἰδίᾳ
289 3205 399 3287 γαμετῇ
413 3200 612 3283 γεγεννηκέναι
625 3196 677 3265 τόν
692 3197 775 3282 Σόγθ,
797 3196 886 3280 φύσει
899 3202 977 3265 ἴδιον
990 3196 1084 3264 αύτού
1097 3196 1174 3265 υίόν.
1219 3200 1281 3265 m
1296 3196 1358 3267 τότε

211 3304 284 3383 φασὶ
302 3298 355 3384 τάν
372 3300 433 3366 άνω
449 3299 585 3383 Δύναμιυ
603 3299 658 3365 σύν
673 3310 735 3378 τοῖς
750 3299 911 3387 ύπουργοῖς
926 3308 981 3367 τοῦ
996 3298 1115 3387 άγοθού
1131 3308 1210 3367 θεού
1227 3298 1358 3389 άγγίλοις

209 3406 454 3488 καταβεβηκέναι,
482 3405 532 3469 καὶ
552 3402 713 3488 ἡρπακέναι
731 3400 821 3469 αύτόν
841 3401 893 3468 τόν
909 3400 995 3485 Σὴθ,
1024 3402 1061 3469 δν
1080 3404 1131 3469 καλ
1149 3400 1293 3491 όλλογενῆ
1308 3430 1357 3471 τι·

211 3514 308 3583 λοῦσι,
338 3510 388 3572 καὶ
404 3504 605 3589 άνενηνοχέναι
623 3504 684 3573 άνω
700 3532 776 3584 που,
804 3507 855 3571 καλ
871 3502 1044 3591 άναθρέψαι
1056 3504 1153 3595 χρόνφ
1169 3508 1281 3597 έτανηῖ,
1310 3508 1358 3573 δτι

211 3607 252 3689 μή
275 3606 468 3699 άποκτανθῇ,
498 3610 549 3673 καὶ
569 3606 640 3689 μετά
660 3607 767 3693 χρόνον
789 3605 882 3674 πολύν
899 3608 1119 3691 κατωηνοχένοι
1139 3608 1184 3685 είς
1201 3606 1289 3675 τόνδε
1308 3606 1358 3675 τόν

211 3708 337 3792 κόσμον,
367 3714 418 3776 καλ
434 3709 632 3793 πνευματικόν
648 3709 872 3797 άπεργάσασθαι
885 3706 977 3776 αύτόν
993 3710 1043 3775 καλ
1057 3707 1243 3793 σωματικόν,
1265 3706 1355 3789 ded

211 3810 251 3894 μή
266 3813 427 3897 κατισχύειν
447 3824 455 3859 ¹
469 3812 559 3880 αότόν
573 3838 602 3878 τε
617 3812 679 3879 κατ’
694 3811 787 3879 αύτοῦ
801 3814 852 3878 καὶ
865 3810 918 3889 τάς
932 3810 1180 3891 άλλαςἘξουσίας
1191 3816 1245 3879 παλ
1254 3808 1358 3901 Ἀρῑός

211 3922 263 3979 τοῦ
278 3924 461 3998 κοομοποιοῦ
474 3924 559 3983 θεοῦ.
594 3918 713 3999 Μηκέτι
727 3917 758 3982 δέ
772 3913 863 3982 αύτόν
877 3936 951 3997 φασι
963 3916 1180 4000 λελατρευκέναι
1195 3922 1239 4005 τᾷ
1250 3918 1357 4007 ποιητῇ

210 4020 306 4081 τεκαὶ
324 4026 518 4108 Δημιουργῷ,
547 4022 743 4105 ἐπεγνωκέναι
759 4019 790 4083 δέ
808 4016 863 4101 τόν
879 4015 1117 4101 άκατονόμαοτον
1132 4014 1289 4103 Δύναμν,
1307 4016 1356 4087 αλ

211 4117 262 4183 τόν
279 4116 340 4185 άνω
356 4116 471 4205 άγαθόν
486 4123 573 4187 θεόν·
594 4120 688 4211 τούτῳ
701 4122 926 4207 λελατρευκέναι,
947 4122 999 4186 καλ
1011 4118 1087 4187 κατά
1099 4126 1156 4187 τού
1166 4124 1357 4207 ποιητοῦπῖ

211 4217 325 4303 κόσμου
344 4225 396 4287 καλ
410 4221 520 4309 Ἀργόν
535 4224 586 4291 καλ
600 4220 760 4303 Ἐξουσιοῖν
772 4222 864 4293 πολλά
879 4221 1144 4307 άποκεκαλνφίνοι
1182 4214 1237 4293 Ὧι
1250 4220 1292 4311 Η
1307 4220 1356 4293 d

243 4412 268 4463 2.
286 4409 322 4473 τίς
337 4412 381 4467 καὶ
396 4417 447 4465 τοο.
466 4416 551 4477 Vane„
576 4421 598 4466 et
612 4418 666 4468 λαιλι
683 4419 764 4469 Ριλον.
798 4420 907 4480 rescripti
926 4432 971 4480 φτο
992 4414 1036 4471 τάν
1057 4432 1087 4469 τε
1102 4408 1159 4469 κατ’
1175 4410 1274 4485 affl,
1295 4412 1355 4481 β

211 4479 255 4533 καὶ
271 4477 307 4541 τίς
323 4486 378 4533 edit.
388 4486 465 4547 princ.
799 4488 853 4536 λίοτλ
867 4489 992 4548 praebent,
1015 4486 1086 4551 uqa
1099 4486 1202 4537 οολιλιττ
1218 4486 1353 4539 emh

245 4548 302 4601 cn.
315 4552 369 4605 vn.
386 4578 420 4590 -
438 4550 460 4603 1.
477 4543 554 4605 αότόν
570 4568 600 4606 τε
615 4546 671 4607 κατ’
688 4548 766 4609 affirm?
798 4554 882 4623 υλιλιο,
901 4556 943 4619 ςυλ
957 4556 1041 4607 unm
1056 4560 1086 4605 ut
1100 4566 1154 4607 m
1168 4560 1258 4623 m
1270 4560 1354 4607 m
