<?xml version="1.0" encoding="UTF-8"?>
<!DOCTYPE html PUBLIC "-//W3C//DTD XHTML 1.0 Transitional//EN"
    "http://www.w3.org/TR/xhtml1/DTD/xhtml1-transitional.dtd">
<html xmlns="http://www.w3.org/1999/xhtml" xml:lang="en" lang="en">
 <head>
  <title>
</title>
<meta http-equiv="Content-Type" content="text/html;charset=utf-8" />
  <meta name='ocr-system' content='tesseract 3.04.00' />
  <meta name='ocr-capabilities' content='ocr_page ocr_carea ocr_par ocr_line ocrx_word'/>
</head>
<body>
  <div class='ocr_page' id='page_1' title='image "./corporishaerese01unkngoog_0312.png"; bbox 0 0 3046 5084; ppageno 0'>
   <div class='ocr_carea' id='block_1_1' title="bbox 438 321 1319 387">
    <p class='ocr_par' dir='ltr' id='par_1_1' title="bbox 438 321 1319 387">
     <span class='ocr_line' id='line_1_1' title="bbox 438 321 1319 387; baseline -0.002 -2"><span class='ocrx_word' id='word_1_1' title='bbox 438 334 573 386; x_wconf 77' lang='lat' dir='ltr'><strong>raanan</strong></span> <span class='ocrx_word' id='word_1_2' title='bbox 589 334 652 387; x_wconf 84' lang='lat' dir='ltr'><strong>utu.</strong></span> <span class='ocrx_word' id='word_1_3' title='bbox 670 335 691 386; x_wconf 87' lang='lat' dir='ltr'><strong>r.</strong></span> <span class='ocrx_word' id='word_1_4' title='bbox 707 335 788 387; x_wconf 80' lang='lat' dir='ltr'><strong>rost.</strong></span> <span class='ocrx_word' id='word_1_5' title='bbox 801 337 833 385; x_wconf 88' lang='lat' dir='ltr'><strong>n.</strong></span> <span class='ocrx_word' id='word_1_6' title='bbox 850 333 949 385; x_wconf 81' lang='lat' dir='ltr'><strong>anea.</strong></span> <span class='ocrx_word' id='word_1_7' title='bbox 965 335 1067 384; x_wconf 75' lang='lat' dir='ltr'><strong>xxxi.</strong></span> <span class='ocrx_word' id='word_1_8' title='bbox 1258 321 1319 383; x_wconf 82' lang='lat'><strong>307</strong></span> 
     </span>
    </p>
   </div>
   <div class='ocr_carea' id='block_1_2' title="bbox 168 452 1449 3920">
    <p class='ocr_par' dir='ltr' id='par_1_2' title="bbox 168 452 1449 3920">
     <span class='ocr_line' id='line_1_2' title="bbox 177 452 1317 539; baseline -0.003 -22"><span class='ocrx_word' id='word_1_9' title='bbox 177 452 308 519; x_wconf 87' lang='lat' dir='ltr'><strong>sontibus</strong></span> <span class='ocrx_word' id='word_1_10' title='bbox 335 453 461 518; x_wconf 87' lang='lat' dir='ltr'><strong>obsitum</strong></span> <span class='ocrx_word' id='word_1_11' title='bbox 482 474 622 538; x_wconf 62' lang='lat' dir='ltr'><strong>mosen,</strong></span> <span class='ocrx_word' id='word_1_12' title='bbox 652 453 702 519; x_wconf 84' lang='lat' dir='ltr'><strong>vel</strong></span> <span class='ocrx_word' id='word_1_13' title='bbox 726 455 849 538; x_wconf 90' lang='lat' dir='ltr'><strong>deniqne</strong></span> <span class='ocrx_word' id='word_1_14' title='bbox 871 454 913 518; x_wconf 90' lang='lat' dir='ltr'><strong>uti</strong></span> <span class='ocrx_word' id='word_1_15' title='bbox 939 453 1037 539; x_wconf 87' lang='lat' dir='ltr'><strong>plures</strong></span> <span class='ocrx_word' id='word_1_16' title='bbox 1056 474 1096 516; x_wconf 87' lang='lat' dir='ltr'><strong>ex</strong></span> <span class='ocrx_word' id='word_1_17' title='bbox 1120 453 1221 516; x_wconf 87' lang='lat' dir='ltr'><strong>eudem</strong></span> <span class='ocrx_word' id='word_1_18' title='bbox 1244 473 1317 516; x_wconf 83' lang='lat' dir='ltr'><strong>cauo</strong></span> 
     </span>
     <span class='ocr_line' id='line_1_3' title="bbox 175 554 1314 642; baseline -0.003 -23"><span class='ocrx_word' id='word_1_19' title='bbox 175 557 295 642; x_wconf 83' lang='lat' dir='ltr'><strong>scorpii,</strong></span> <span class='ocrx_word' id='word_1_20' title='bbox 318 557 359 620; x_wconf 87' lang='lat' dir='ltr'><strong>itu</strong></span> <span class='ocrx_word' id='word_1_21' title='bbox 373 555 416 620; x_wconf 91' lang='lat' dir='ltr'><strong>illi</strong></span> <span class='ocrx_word' id='word_1_22' title='bbox 433 576 536 619; x_wconf 87' lang='lat' dir='ltr'><strong>omnes</strong></span> <span class='ocrx_word' id='word_1_23' title='bbox 551 556 655 620; x_wconf 87' lang='lat' dir='ltr'><strong>eodem</strong></span> <span class='ocrx_word' id='word_1_24' title='bbox 670 566 801 641; x_wconf 82' lang='lat' dir='ltr'><strong>tempore</strong></span> <span class='ocrx_word' id='word_1_25' title='bbox 814 557 845 618; x_wconf 91' lang='lat' dir='ltr'><strong>in</strong></span> <span class='ocrx_word' id='word_1_26' title='bbox 863 555 938 618; x_wconf 87' lang='lat' dir='ltr'><strong>banc</strong></span> <span class='ocrx_word' id='word_1_27' title='bbox 949 555 1038 617; x_wconf 88' lang='lat' dir='ltr'><strong>vitam</strong></span> <span class='ocrx_word' id='word_1_28' title='bbox 1054 554 1250 633; x_wconf 87' lang='lat' dir='ltr'><strong>effloruerunt,</strong></span> <span class='ocrx_word' id='word_1_29' title='bbox 1268 576 1314 632; x_wconf 90' lang='lat' dir='ltr'><strong>ac,</strong></span> 
     </span>
     <span class='ocr_line' id='line_1_4' title="bbox 175 656 1318 744; baseline -0.003 -22"><span class='ocrx_word' id='word_1_30' title='bbox 175 660 250 743; x_wconf 91' lang='lat' dir='ltr'><strong>quod</strong></span> <span class='ocrx_word' id='word_1_31' title='bbox 265 659 350 744; x_wconf 90' lang='lat' dir='ltr'><strong>paulo</strong></span> <span class='ocrx_word' id='word_1_32' title='bbox 369 668 437 722; x_wconf 88' lang='lat' dir='ltr'><strong>ante</strong></span> <span class='ocrx_word' id='word_1_33' title='bbox 452 657 631 738; x_wconf 88' lang='lat' dir='ltr'><strong>dictumest,</strong></span> <span class='ocrx_word' id='word_1_34' title='bbox 651 667 786 742; x_wconf 64' lang='lat' dir='ltr'><strong>unquam</strong></span> <span class='ocrx_word' id='word_1_35' title='bbox 799 657 879 741; x_wconf 80' lang='lat' dir='ltr'><strong>iungi</strong></span> <span class='ocrx_word' id='word_1_36' title='bbox 892 656 1029 720; x_wconf 88' lang='lat' dir='ltr'><strong>inusitata</strong></span> <span class='ocrx_word' id='word_1_37' title='bbox 1045 656 1165 738; x_wconf 90' lang='lat' dir='ltr'><strong>quadam</strong></span> <span class='ocrx_word' id='word_1_38' title='bbox 1181 656 1318 719; x_wconf 78' lang='lat' dir='ltr'><strong>foeditate</strong></span> 
     </span>
     <span class='ocr_line' id='line_1_5' title="bbox 176 756 1317 845; baseline -0.004 -22"><span class='ocrx_word' id='word_1_39' title='bbox 176 763 278 824; x_wconf 86' lang='lat' dir='ltr'><strong>eodem</strong></span> <span class='ocrx_word' id='word_1_40' title='bbox 301 769 447 824; x_wconf 89' lang='lat' dir='ltr'><strong>momento</strong></span> <span class='ocrx_word' id='word_1_41' title='bbox 471 758 602 823; x_wconf 87' lang='lat' dir='ltr'><strong>universi</strong></span> <span class='ocrx_word' id='word_1_42' title='bbox 623 769 836 845; x_wconf 83' lang='lat' dir='ltr'><strong>proruperunt,</strong></span> <span class='ocrx_word' id='word_1_43' title='bbox 860 758 1097 842; x_wconf 78' lang='lat' dir='ltr'><strong>quemadmodum</strong></span> <span class='ocrx_word' id='word_1_44' title='bbox 1117 758 1152 820; x_wconf 88' lang='lat' dir='ltr'><strong>de</strong></span> <span class='ocrx_word' id='word_1_45' title='bbox 1171 757 1229 820; x_wconf 88' lang='lat' dir='ltr'><strong>illis</strong></span> <span class='ocrx_word' id='word_1_46' title='bbox 1250 756 1317 818; x_wconf 89' lang='lat' dir='ltr'><strong>olim</strong></span> 
     </span>
     <span class='ocr_line' id='line_1_6' title="bbox 176 859 1319 948; baseline -0.004 -23"><span class='ocrx_word' id='word_1_47' title='bbox 176 859 316 927; x_wconf 72' lang='lat' dir='ltr'><strong>irenaeus</strong></span> <span class='ocrx_word' id='word_1_48' title='bbox 335 862 486 948; x_wconf 87' lang='lat' dir='ltr'><strong>praeclara</strong></span> <span class='ocrx_word' id='word_1_49' title='bbox 508 861 555 925; x_wconf 91' lang='lat' dir='ltr'><strong>vir</strong></span> <span class='ocrx_word' id='word_1_50' title='bbox 574 861 728 927; x_wconf 71' lang='lat' dir='ltr'><strong>sanctitate</strong></span> <span class='ocrx_word' id='word_1_51' title='bbox 751 859 965 947; x_wconf 80' lang='lat' dir='ltr'><strong>pronunciavit.</strong></span> <span class='ocrx_word' id='word_1_52' title='bbox 1010 859 1158 944; x_wconf 79' lang='lat' dir='ltr'><strong>Aequales</strong></span> <span class='ocrx_word' id='word_1_53' title='bbox 1180 860 1257 921; x_wconf 87' lang='lat' dir='ltr'><strong>enim</strong></span> <span class='ocrx_word' id='word_1_54' title='bbox 1279 859 1319 922; x_wconf 90' lang='lat' dir='ltr'><strong>illi</strong></span> 
     </span>
     <span class='ocr_line' id='line_1_7' title="bbox 176 961 1317 1050; baseline -0.004 -22"><span class='ocrx_word' id='word_1_55' title='bbox 176 986 279 1029; x_wconf 89' lang='lat' dir='ltr'><strong>omnes</strong></span> <span class='ocrx_word' id='word_1_56' title='bbox 300 965 479 1045; x_wconf 86' lang='lat' dir='ltr'><strong>extiterunt,</strong></span> <span class='ocrx_word' id='word_1_57' title='bbox 508 964 568 1044; x_wconf 88' lang='lat' dir='ltr'><strong>sie,</strong></span> <span class='ocrx_word' id='word_1_58' title='bbox 588 974 624 1029; x_wconf 73' lang='lat' dir='ltr'><strong>&#39;nt</strong></span> <span class='ocrx_word' id='word_1_59' title='bbox 646 963 765 1049; x_wconf 79' lang='lat' dir='ltr'><strong>quilibet</strong></span> <span class='ocrx_word' id='word_1_60' title='bbox 788 963 942 1050; x_wconf 85' lang='lat' dir='ltr'><strong>pessimam</strong></span> <span class='ocrx_word' id='word_1_61' title='bbox 963 962 999 1026; x_wconf 87' lang='lat' dir='ltr'><strong>ab</strong></span> <span class='ocrx_word' id='word_1_62' title='bbox 1021 961 1115 1025; x_wconf 93' lang='lat' dir='ltr'><strong>altero</strong></span> <span class='ocrx_word' id='word_1_63' title='bbox 1138 961 1317 1046; x_wconf 78' lang='lat' dir='ltr'><strong>disciplinam</strong></span> 
     </span>
     <span class='ocr_line' id='line_1_8' title="bbox 176 1065 1316 1150; baseline -0.003 -21"><span class='ocrx_word' id='word_1_64' title='bbox 176 1088 212 1129; x_wconf 91' lang='lat' dir='ltr'><strong>ac</strong></span> <span class='ocrx_word' id='word_1_65' title='bbox 228 1067 333 1150; x_wconf 81' lang='lat' dir='ltr'><strong>dogma</strong></span> <span class='ocrx_word' id='word_1_66' title='bbox 348 1076 493 1130; x_wconf 89' lang='lat' dir='ltr'><strong>mutuatus</strong></span> <span class='ocrx_word' id='word_1_67' title='bbox 515 1067 619 1146; x_wconf 89' lang='lat' dir='ltr'><strong>luerit,</strong></span> <span class='ocrx_word' id='word_1_68' title='bbox 642 1066 734 1145; x_wconf 89' lang='lat' dir='ltr'><strong>alins,</strong></span> <span class='ocrx_word' id='word_1_69' title='bbox 759 1065 892 1150; x_wconf 89' lang='lat' dir='ltr'><strong>inquam,</strong></span> <span class='ocrx_word' id='word_1_70' title='bbox 916 1066 997 1129; x_wconf 91' lang='lat' dir='ltr'><strong>velut</strong></span> <span class='ocrx_word' id='word_1_71' title='bbox 1012 1074 1135 1128; x_wconf 79' lang='lat' dir='ltr'><strong>exortus</strong></span> <span class='ocrx_word' id='word_1_72' title='bbox 1156 1065 1192 1127; x_wconf 94' lang='lat' dir='ltr'><strong>ab</strong></span> <span class='ocrx_word' id='word_1_73' title='bbox 1213 1065 1316 1144; x_wconf 90' lang='lat' dir='ltr'><strong>altero,</strong></span> 
     </span>
     <span class='ocr_line' id='line_1_9' title="bbox 176 1167 1319 1254; baseline -0.001 -23"><span class='ocrx_word' id='word_1_74' title='bbox 176 1190 233 1252; x_wconf 92' lang='lat' dir='ltr'><strong>quo</strong></span> <span class='ocrx_word' id='word_1_75' title='bbox 249 1187 284 1231; x_wconf 88' lang='lat' dir='ltr'><strong>sa</strong></span> <span class='ocrx_word' id='word_1_76' title='bbox 297 1168 418 1254; x_wconf 86' lang='lat' dir='ltr'><strong>amplius</strong></span> <span class='ocrx_word' id='word_1_77' title='bbox 433 1179 605 1250; x_wconf 76' lang='lat' dir='ltr'><strong>ostentaret,</strong></span> <span class='ocrx_word' id='word_1_78' title='bbox 620 1167 821 1233; x_wconf 78' lang='lat' dir='ltr'><strong>scelestissimi</strong></span> <span class='ocrx_word' id='word_1_79' title='bbox 836 1169 990 1232; x_wconf 88' lang='lat' dir='ltr'><strong>commenti</strong></span> <span class='ocrx_word' id='word_1_80' title='bbox 1005 1168 1217 1252; x_wconf 73' lang='lat' dir='ltr'><strong>discrepantem</strong></span> <span class='ocrx_word' id='word_1_81' title='bbox 1231 1187 1319 1251; x_wconf 90' lang='lat' dir='ltr'><strong>quan-</strong></span> 
     </span>
     <span class='ocr_line' id='line_1_10' title="bbox 177 1267 1319 1355; baseline -0.001 -22"><span class='ocrx_word' id='word_1_82' title='bbox 177 1271 242 1333; x_wconf 86' lang='lat' dir='ltr'><strong>dam</strong></span> <span class='ocrx_word' id='word_1_83' title='bbox 259 1271 379 1334; x_wconf 82' lang='lat' dir='ltr'><strong>formam</strong></span> <span class='ocrx_word' id='word_1_84' title='bbox 395 1291 431 1335; x_wconf 92' lang='lat' dir='ltr'><strong>ac</strong></span> <span class='ocrx_word' id='word_1_85' title='bbox 445 1271 588 1336; x_wconf 89' lang='lat' dir='ltr'><strong>rationem</strong></span> <span class='ocrx_word' id='word_1_86' title='bbox 604 1269 793 1355; x_wconf 78' lang='lat' dir='ltr'><strong>excogitauit.</strong></span> <span class='ocrx_word' id='word_1_87' title='bbox 824 1267 882 1353; x_wconf 80' lang='lat' dir='ltr'><strong>Qui</strong></span> <span class='ocrx_word' id='word_1_88' title='bbox 899 1291 932 1334; x_wconf 88' lang='lat' dir='ltr'><strong>se</strong></span> <span class='ocrx_word' id='word_1_89' title='bbox 947 1291 1049 1334; x_wconf 90' lang='lat' dir='ltr'><strong>omnes</strong></span> <span class='ocrx_word' id='word_1_90' title='bbox 1064 1267 1223 1333; x_wconf 88' lang='lat' dir='ltr'><strong>Gnosticos</strong></span> <span class='ocrx_word' id='word_1_91' title='bbox 1240 1291 1319 1332; x_wconf 91' lang='lat' dir='ltr'><strong>com·</strong></span> 
     </span>
     <span class='ocr_line' id='line_1_11' title="bbox 178 1368 1317 1458; baseline -0.001 -23"><span class='ocrx_word' id='word_1_92' title='bbox 178 1372 256 1436; x_wconf 92' lang='lat' dir='ltr'><strong>muni</strong></span> <span class='ocrx_word' id='word_1_93' title='bbox 274 1373 465 1458; x_wconf 87' lang='lat' dir='ltr'><strong>appellatione</strong></span> <span class='ocrx_word' id='word_1_94' title='bbox 479 1373 534 1438; x_wconf 89' lang='lat' dir='ltr'><strong>dici</strong></span> <span class='ocrx_word' id='word_1_95' title='bbox 550 1374 717 1440; x_wconf 83' lang='lat' dir='ltr'><strong>volucrunt.</strong></span> <span class='ocrx_word' id='word_1_96' title='bbox 756 1368 928 1437; x_wconf 86' lang='lat' dir='ltr'><strong>Cuiusmodi</strong></span> <span class='ocrx_word' id='word_1_97' title='bbox 943 1370 1119 1437; x_wconf 85' lang='lat' dir='ltr'><strong>Valentinus</strong></span> <span class='ocrx_word' id='word_1_98' title='bbox 1135 1373 1198 1452; x_wconf 88' lang='lat' dir='ltr'><strong>luit,</strong></span> <span class='ocrx_word' id='word_1_99' title='bbox 1222 1383 1252 1435; x_wconf 90' lang='lat' dir='ltr'><strong>et</strong></span> <span class='ocrx_word' id='word_1_100' title='bbox 1269 1373 1317 1456; x_wconf 90' lang='lat' dir='ltr'><strong>qui</strong></span> 
     </span>
     <span class='ocr_line' id='line_1_12' title="bbox 176 1472 1320 1565; baseline -0.002 -27"><span class='ocrx_word' id='word_1_101' title='bbox 176 1474 255 1538; x_wconf 89' lang='lat' dir='ltr'><strong>illum</strong></span> <span class='ocrx_word' id='word_1_102' title='bbox 273 1473 406 1539; x_wconf 86' lang='lat' dir='ltr'><strong>Gnostici</strong></span> <span class='ocrx_word' id='word_1_103' title='bbox 420 1488 657 1561; x_wconf 83' lang='lat' dir='ltr'><strong>praecesserunt.</strong></span> <span class='ocrx_word' id='word_1_104' title='bbox 703 1473 833 1560; x_wconf 86' lang='lat' dir='ltr'><strong>itemque</strong></span> <span class='ocrx_word' id='word_1_105' title='bbox 847 1472 1005 1555; x_wconf 84' lang='lat' dir='ltr'><strong>Basilides,</strong></span> <span class='ocrx_word' id='word_1_106' title='bbox 1029 1497 1064 1538; x_wconf 90' lang='lat' dir='ltr'><strong>ac</strong></span> <span class='ocrx_word' id='word_1_107' title='bbox 1077 1473 1265 1565; x_wconf 69' lang='lat' dir='ltr'><strong>Saturninus,</strong></span> <span class='ocrx_word' id='word_1_108' title='bbox 1289 1485 1320 1537; x_wconf 90' lang='lat' dir='ltr'><strong>et</strong></span> 
     </span>
     <span class='ocr_line' id='line_1_13' title="bbox 178 1573 1319 1664; baseline -0.001 -24"><span class='ocrx_word' id='word_1_109' title='bbox 178 1573 369 1657; x_wconf 87' lang='lat' dir='ltr'><strong>Colorbasus,</strong></span> <span class='ocrx_word' id='word_1_110' title='bbox 392 1598 426 1642; x_wconf 91' lang='lat' dir='ltr'><strong>ac</strong></span> <span class='ocrx_word' id='word_1_111' title='bbox 441 1575 639 1658; x_wconf 89' lang='lat' dir='ltr'><strong>Ptolemaeus,</strong></span> <span class='ocrx_word' id='word_1_112' title='bbox 656 1589 687 1641; x_wconf 91' lang='lat' dir='ltr'><strong>et</strong></span> <span class='ocrx_word' id='word_1_113' title='bbox 702 1574 868 1659; x_wconf 88' lang='lat' dir='ltr'><strong>Secundus,</strong></span> <span class='ocrx_word' id='word_1_114' title='bbox 891 1575 1097 1664; x_wconf 84' lang='lat' dir='ltr'><strong>Carpocrates,</strong></span> <span class='ocrx_word' id='word_1_115' title='bbox 1119 1577 1225 1662; x_wconf 88' lang='lat' dir='ltr'><strong>aliique</strong></span> <span class='ocrx_word' id='word_1_116' title='bbox 1241 1599 1319 1640; x_wconf 91' lang='lat' dir='ltr'><strong>com·</strong></span> 
     </span>
     <span class='ocr_line' id='line_1_14' title="bbox 175 1676 1319 1766; baseline 0.001 -24"><span class='ocrx_word' id='word_1_117' title='bbox 175 1679 283 1764; x_wconf 87' lang='lat' dir='ltr'><strong>plures.</strong></span> <span class='ocrx_word' id='word_1_118' title='bbox 329 1676 443 1762; x_wconf 81' lang='lat' dir='ltr'><strong>Quibus</strong></span> <span class='ocrx_word' id='word_1_119' title='bbox 464 1681 599 1744; x_wconf 91' lang='lat' dir='ltr'><strong>omnibus</strong></span> <span class='ocrx_word' id='word_1_120' title='bbox 614 1680 720 1762; x_wconf 88' lang='lat' dir='ltr'><strong>sectis,</strong></span> <span class='ocrx_word' id='word_1_121' title='bbox 744 1681 819 1764; x_wconf 94' lang='lat' dir='ltr'><strong>quod</strong></span> <span class='ocrx_word' id='word_1_122' title='bbox 837 1682 938 1745; x_wconf 91' lang='lat' dir='ltr'><strong>eodem</strong></span> <span class='ocrx_word' id='word_1_123' title='bbox 957 1681 1091 1766; x_wconf 90' lang='lat' dir='ltr'><strong>prodiere</strong></span> <span class='ocrx_word' id='word_1_124' title='bbox 1108 1691 1255 1766; x_wconf 90' lang='lat' dir='ltr'><strong>tempore,</strong></span> <span class='ocrx_word' id='word_1_125' title='bbox 1280 1681 1319 1743; x_wconf 90' lang='lat' dir='ltr'><strong>si·</strong></span> 
     </span>
     <span class='ocr_line' id='line_1_15' title="bbox 173 1780 1319 1868; baseline -0.001 -23"><span class='ocrx_word' id='word_1_126' title='bbox 173 1783 232 1846; x_wconf 87' lang='lat' dir='ltr'><strong>mul</strong></span> <span class='ocrx_word' id='word_1_127' title='bbox 254 1780 425 1861; x_wconf 91' lang='lat' dir='ltr'><strong>recensitis,</strong></span> <span class='ocrx_word' id='word_1_128' title='bbox 450 1805 527 1846; x_wconf 85' lang='lat' dir='ltr'><strong>nunc</strong></span> <span class='ocrx_word' id='word_1_129' title='bbox 543 1783 683 1867; x_wconf 88' lang='lat' dir='ltr'><strong>cuiusque</strong></span> <span class='ocrx_word' id='word_1_130' title='bbox 701 1783 782 1847; x_wconf 79' lang='lat' dir='ltr'><strong>velut</strong></span> <span class='ocrx_word' id='word_1_131' title='bbox 803 1796 884 1847; x_wconf 89' lang='lat' dir='ltr'><strong>satus</strong></span> <span class='ocrx_word' id='word_1_132' title='bbox 910 1784 1003 1846; x_wconf 89' lang='lat' dir='ltr'><strong>labem</strong></span> <span class='ocrx_word' id='word_1_133' title='bbox 1025 1804 1061 1846; x_wconf 89' lang='lat' dir='ltr'><strong>ac</strong></span> <span class='ocrx_word' id='word_1_134' title='bbox 1078 1783 1236 1868; x_wconf 90' lang='lat' dir='ltr'><strong>perniciem</strong></span> <span class='ocrx_word' id='word_1_135' title='bbox 1260 1783 1319 1845; x_wconf 89' lang='lat' dir='ltr'><strong>sin·</strong></span> 
     </span>
     <span class='ocr_line' id='line_1_16' title="bbox 174 1882 1318 1971; baseline 0 -24"><span class='ocrx_word' id='word_1_136' title='bbox 174 1884 294 1967; x_wconf 75' lang='lat' dir='ltr'><strong>gillatim</strong></span> <span class='ocrx_word' id='word_1_137' title='bbox 310 1906 468 1970; x_wconf 81' lang='lat' dir='ltr'><strong>exponant.</strong></span> <span class='ocrx_word' id='word_1_138' title='bbox 515 1882 576 1950; x_wconf 88' lang='lat' dir='ltr'><strong>Sed</strong></span> <span class='ocrx_word' id='word_1_139' title='bbox 592 1885 684 1970; x_wconf 89' lang='lat' dir='ltr'><strong>ipsum</strong></span> <span class='ocrx_word' id='word_1_140' title='bbox 700 1884 841 1971; x_wconf 89' lang='lat' dir='ltr'><strong>imprimis</strong></span> <span class='ocrx_word' id='word_1_141' title='bbox 855 1885 1012 1949; x_wconf 89' lang='lat' dir='ltr'><strong>haereseos</strong></span> <span class='ocrx_word' id='word_1_142' title='bbox 1037 1895 1123 1970; x_wconf 90' lang='lat' dir='ltr'><strong>caput</strong></span> <span class='ocrx_word' id='word_1_143' title='bbox 1145 1906 1179 1949; x_wconf 90' lang='lat' dir='ltr'><strong>ac</strong></span> <span class='ocrx_word' id='word_1_144' title='bbox 1202 1896 1318 1969; x_wconf 84' lang='lat' dir='ltr'><strong>tragoe-</strong></span> 
     </span>
     <span class='ocr_line' id='line_1_17' title="bbox 173 1984 1320 2072; baseline -0.001 -22"><span class='ocrx_word' id='word_1_145' title='bbox 173 1986 238 2051; x_wconf 89' lang='lat' dir='ltr'><strong>diae</strong></span> <span class='ocrx_word' id='word_1_146' title='bbox 253 1998 402 2052; x_wconf 88' lang='lat' dir='ltr'><strong>auctorem</strong></span> <span class='ocrx_word' id='word_1_147' title='bbox 421 1986 587 2072; x_wconf 79' lang='lat' dir='ltr'><strong>aggrediar,</strong></span> <span class='ocrx_word' id='word_1_148' title='bbox 606 1984 794 2051; x_wconf 86' lang='lat' dir='ltr'><strong>Valentinum</strong></span> <span class='ocrx_word' id='word_1_149' title='bbox 810 1987 952 2071; x_wconf 79' lang='lat' dir='ltr'><strong>intelligo,</strong></span> <span class='ocrx_word' id='word_1_150' title='bbox 973 1985 1233 2071; x_wconf 88' lang='lat' dir='ltr'><strong>Valentinianaque</strong></span> <span class='ocrx_word' id='word_1_151' title='bbox 1249 1988 1320 2072; x_wconf 84' lang='lat' dir='ltr'><strong>dog·</strong></span> 
     </span>
     <span class='ocr_line' id='line_1_18' title="bbox 173 2086 1317 2175; baseline 0 -23"><span class='ocrx_word' id='word_1_152' title='bbox 173 2099 268 2168; x_wconf 82' lang='lat' dir='ltr'><strong>urata,</strong></span> <span class='ocrx_word' id='word_1_153' title='bbox 301 2111 376 2175; x_wconf 90' lang='lat' dir='ltr'><strong>quae</strong></span> <span class='ocrx_word' id='word_1_154' title='bbox 402 2089 438 2153; x_wconf 92' lang='lat' dir='ltr'><strong>ab</strong></span> <span class='ocrx_word' id='word_1_155' title='bbox 462 2089 595 2175; x_wconf 88' lang='lat' dir='ltr'><strong>speciosa</strong></span> <span class='ocrx_word' id='word_1_156' title='bbox 617 2088 666 2152; x_wconf 90' lang='lat' dir='ltr'><strong>illa</strong></span> <span class='ocrx_word' id='word_1_157' title='bbox 694 2086 901 2153; x_wconf 87' lang='lat' dir='ltr'><strong>Gnosticorum</strong></span> <span class='ocrx_word' id='word_1_158' title='bbox 928 2089 1111 2175; x_wconf 80' lang='lat' dir='ltr'><strong>professione</strong></span> <span class='ocrx_word' id='word_1_159' title='bbox 1136 2090 1317 2174; x_wconf 90' lang='lat' dir='ltr'><strong>prodierunt,</strong></span> 
     </span>
     <span class='ocr_line' id='line_1_19' title="bbox 174 2190 1316 2277; baseline -0.002 -22"><span class='ocrx_word' id='word_1_160' title='bbox 174 2212 247 2276; x_wconf 88' lang='lat' dir='ltr'><strong>quas</strong></span> <span class='ocrx_word' id='word_1_161' title='bbox 261 2190 486 2277; x_wconf 77' lang='lat' dir='ltr'><strong>Catagnosticas</strong></span> <span class='ocrx_word' id='word_1_162' title='bbox 501 2192 598 2277; x_wconf 89' lang='lat' dir='ltr'><strong>potius</strong></span> <span class='ocrx_word' id='word_1_163' title='bbox 618 2212 728 2276; x_wconf 79' lang='lat' dir='ltr'><strong>nugas,</strong></span> <span class='ocrx_word' id='word_1_164' title='bbox 752 2191 807 2256; x_wconf 90' lang='lat' dir='ltr'><strong>boc</strong></span> <span class='ocrx_word' id='word_1_165' title='bbox 826 2202 872 2256; x_wconf 91' lang='lat' dir='ltr'><strong>est</strong></span> <span class='ocrx_word' id='word_1_166' title='bbox 887 2193 1051 2270; x_wconf 89' lang='lat' dir='ltr'><strong>damnatas,</strong></span> <span class='ocrx_word' id='word_1_167' title='bbox 1074 2193 1220 2277; x_wconf 89' lang='lat' dir='ltr'><strong>appellare</strong></span> <span class='ocrx_word' id='word_1_168' title='bbox 1236 2190 1316 2270; x_wconf 91' lang='lat' dir='ltr'><strong>licet,</strong></span> 
     </span>
     <span class='ocr_line' id='line_1_20' title="bbox 173 2293 1316 2380; baseline -0.001 -22"><span class='ocrx_word' id='word_1_169' title='bbox 173 2294 215 2358; x_wconf 94' lang='lat' dir='ltr'><strong>uti</strong></span> <span class='ocrx_word' id='word_1_170' title='bbox 233 2295 342 2380; x_wconf 89' lang='lat' dir='ltr'><strong>pridem</strong></span> <span class='ocrx_word' id='word_1_171' title='bbox 357 2295 506 2380; x_wconf 87' lang='lat' dir='ltr'><strong>sapientes</strong></span> <span class='ocrx_word' id='word_1_172' title='bbox 520 2315 571 2359; x_wconf 89' lang='lat' dir='ltr'><strong>eas</strong></span> <span class='ocrx_word' id='word_1_173' title='bbox 586 2295 829 2373; x_wconf 88' lang='lat' dir='ltr'><strong>condemnarunt,</strong></span> <span class='ocrx_word' id='word_1_174' title='bbox 848 2316 882 2357; x_wconf 90' lang='lat' dir='ltr'><strong>ac</strong></span> <span class='ocrx_word' id='word_1_175' title='bbox 895 2293 1018 2359; x_wconf 92' lang='lat' dir='ltr'><strong>ludibrio</strong></span> <span class='ocrx_word' id='word_1_176' title='bbox 1030 2295 1131 2378; x_wconf 87' lang='lat' dir='ltr'><strong>dignas</strong></span> <span class='ocrx_word' id='word_1_177' title='bbox 1143 2294 1316 2357; x_wconf 89' lang='lat' dir='ltr'><strong>habuerunt.</strong></span> 
     </span>
     <span class='ocr_line' id='line_1_21' title="bbox 258 2393 1449 2482; baseline -0.002 -23"><span class='ocrx_word' id='word_1_178' title='bbox 258 2393 351 2481; x_wconf 84' lang='lat' dir='ltr'><strong>igitur</strong></span> <span class='ocrx_word' id='word_1_179' title='bbox 367 2395 543 2463; x_wconf 88' lang='lat' dir='ltr'><strong>Valentinus</strong></span> <span class='ocrx_word' id='word_1_180' title='bbox 558 2397 614 2461; x_wconf 90' lang='lat' dir='ltr'><strong>iste</strong></span> <span class='ocrx_word' id='word_1_181' title='bbox 634 2397 779 2482; x_wconf 82' lang='lat' dir='ltr'><strong>prioribus</strong></span> <span class='ocrx_word' id='word_1_182' title='bbox 800 2396 855 2460; x_wconf 90' lang='lat' dir='ltr'><strong>illis</strong></span> <span class='ocrx_word' id='word_1_183' title='bbox 878 2419 894 2461; x_wconf 88' lang='lat' dir='ltr'><strong>a</strong></span> <span class='ocrx_word' id='word_1_184' title='bbox 918 2418 965 2460; x_wconf 90' lang='lat' dir='ltr'><strong>me</strong></span> <span class='ocrx_word' id='word_1_185' title='bbox 982 2408 1068 2460; x_wconf 88' lang='lat' dir='ltr'><strong>antea</strong></span> <span class='ocrx_word' id='word_1_186' title='bbox 1084 2396 1317 2460; x_wconf 88' lang='lat' dir='ltr'><strong>commemoratis</strong></span> <span class='ocrx_word' id='word_1_187' title='bbox 1342 2403 1402 2471; x_wconf 82' lang='lat' dir='ltr'><strong>Cap.</strong></span> <span class='ocrx_word' id='word_1_188' title='bbox 1418 2407 1449 2457; x_wconf 89' lang='lat' dir='ltr'><strong>tt.</strong></span> 
     </span>
     <span class='ocr_line' id='line_1_22' title="bbox 173 2494 1317 2586; baseline 0 -24"><span class='ocrx_word' id='word_1_189' title='bbox 173 2509 304 2585; x_wconf 87' lang='lat' dir='ltr'><strong>tempore</strong></span> <span class='ocrx_word' id='word_1_190' title='bbox 319 2511 365 2564; x_wconf 90' lang='lat' dir='ltr'><strong>est</strong></span> <span class='ocrx_word' id='word_1_191' title='bbox 382 2499 543 2586; x_wconf 89' lang='lat' dir='ltr'><strong>posterior,</strong></span> <span class='ocrx_word' id='word_1_192' title='bbox 566 2496 697 2564; x_wconf 88' lang='lat' dir='ltr'><strong>Basilide</strong></span> <span class='ocrx_word' id='word_1_193' title='bbox 713 2500 849 2564; x_wconf 90' lang='lat' dir='ltr'><strong>nimirum</strong></span> <span class='ocrx_word' id='word_1_194' title='bbox 864 2522 898 2564; x_wconf 88' lang='lat' dir='ltr'><strong>ac</strong></span> <span class='ocrx_word' id='word_1_195' title='bbox 919 2498 1082 2580; x_wconf 90' lang='lat' dir='ltr'><strong>Saturuilo,</strong></span> <span class='ocrx_word' id='word_1_196' title='bbox 1107 2497 1233 2576; x_wconf 90' lang='lat' dir='ltr'><strong>Ebioue,</strong></span> <span class='ocrx_word' id='word_1_197' title='bbox 1259 2494 1317 2562; x_wconf 90' lang='lat' dir='ltr'><strong>Ce-</strong></span> 
     </span>
     <span class='ocr_line' id='line_1_23' title="bbox 172 2600 1319 2688; baseline -0.002 -23"><span class='ocrx_word' id='word_1_198' title='bbox 172 2601 270 2666; x_wconf 89' lang='lat' dir='ltr'><strong>rintbo</strong></span> <span class='ocrx_word' id='word_1_199' title='bbox 292 2624 327 2666; x_wconf 90' lang='lat' dir='ltr'><strong>ac</strong></span> <span class='ocrx_word' id='word_1_200' title='bbox 345 2600 513 2683; x_wconf 83' lang='lat' dir='ltr'><strong>blerintbo,</strong></span> <span class='ocrx_word' id='word_1_201' title='bbox 537 2623 696 2687; x_wconf 88' lang='lat' dir='ltr'><strong>eorumque</strong></span> <span class='ocrx_word' id='word_1_202' title='bbox 717 2603 817 2667; x_wconf 89' lang='lat' dir='ltr'><strong>sociis.</strong></span> <span class='ocrx_word' id='word_1_203' title='bbox 864 2600 1014 2688; x_wconf 89' lang='lat' dir='ltr'><strong>Siquidem</strong></span> <span class='ocrx_word' id='word_1_204' title='bbox 1038 2623 1139 2667; x_wconf 87' lang='lat' dir='ltr'><strong>omues</strong></span> <span class='ocrx_word' id='word_1_205' title='bbox 1165 2623 1223 2664; x_wconf 91' lang='lat' dir='ltr'><strong>uuo</strong></span> <span class='ocrx_word' id='word_1_206' title='bbox 1248 2611 1319 2664; x_wconf 91' lang='lat' dir='ltr'><strong>tem·</strong></span> 
     </span>
     <span class='ocr_line' id='line_1_24' title="bbox 173 2701 1319 2790; baseline -0.002 -22"><span class='ocrx_word' id='word_1_207' title='bbox 173 2725 244 2790; x_wconf 91' lang='lat' dir='ltr'><strong>pore</strong></span> <span class='ocrx_word' id='word_1_208' title='bbox 260 2705 295 2769; x_wconf 92' lang='lat' dir='ltr'><strong>ad</strong></span> <span class='ocrx_word' id='word_1_209' title='bbox 315 2705 431 2769; x_wconf 81' lang='lat' dir='ltr'><strong>humaui</strong></span> <span class='ocrx_word' id='word_1_210' title='bbox 451 2706 569 2790; x_wconf 79' lang='lat' dir='ltr'><strong>generis</strong></span> <span class='ocrx_word' id='word_1_211' title='bbox 586 2706 709 2770; x_wconf 81' lang='lat' dir='ltr'><strong>exitium</strong></span> <span class='ocrx_word' id='word_1_212' title='bbox 724 2705 834 2789; x_wconf 87' lang='lat' dir='ltr'><strong>prolusi</strong></span> <span class='ocrx_word' id='word_1_213' title='bbox 855 2717 940 2785; x_wconf 80' lang='lat' dir='ltr'><strong>suot3</strong></span> <span class='ocrx_word' id='word_1_214' title='bbox 969 2727 1142 2790; x_wconf 90' lang='lat' dir='ltr'><strong>quamquam</strong></span> <span class='ocrx_word' id='word_1_215' title='bbox 1160 2701 1319 2768; x_wconf 82' lang='lat' dir='ltr'><strong>Corinthus</strong></span> 
     </span>
     <span class='ocr_line' id='line_1_25' title="bbox 172 2794 1319 2893; baseline 0 -23"><span class='ocrx_word' id='word_1_216' title='bbox 172 2803 387 2872; x_wconf 80' lang='lat' dir='ltr'><strong>acblerinthus</strong></span> <span class='ocrx_word' id='word_1_217' title='bbox 410 2819 440 2873; x_wconf 91' lang='lat' dir='ltr'><strong>et</strong></span> <span class='ocrx_word' id='word_1_218' title='bbox 461 2806 556 2873; x_wconf 84' lang='lat' dir='ltr'><strong>Ebion</strong></span> <span class='ocrx_word' id='word_1_219' title='bbox 580 2808 725 2893; x_wconf 87' lang='lat' dir='ltr'><strong>paululum</strong></span> <span class='ocrx_word' id='word_1_220' title='bbox 747 2809 910 2893; x_wconf 87' lang='lat' dir='ltr'><strong>antegressi</strong></span> <span class='ocrx_word' id='word_1_221' title='bbox 927 2820 1013 2888; x_wconf 90' lang='lat' dir='ltr'><strong>sunt,</strong></span> <span class='ocrx_word' id='word_1_222' title='bbox 1045 2829 1079 2872; x_wconf 90' lang='lat' dir='ltr'><strong>ac</strong></span> <span class='ocrx_word' id='word_1_223' title='bbox 1102 2831 1165 2873; x_wconf 90' lang='lat' dir='ltr'><strong>cum</strong></span> <span class='ocrx_word' id='word_1_224' title='bbox 1187 2807 1223 2872; x_wconf 91' lang='lat' dir='ltr'><strong>iis</strong></span> <span class='ocrx_word' id='word_1_225' title='bbox 1246 2794 1319 2891; x_wconf 51' lang='lat' dir='ltr'><strong>qu&#39;os</strong></span> 
     </span>
     <span class='ocr_line' id='line_1_26' title="bbox 172 2909 1317 2997; baseline 0.001 -25"><span class='ocrx_word' id='word_1_226' title='bbox 172 2921 240 2974; x_wconf 87' lang='lat' dir='ltr'><strong>ante</strong></span> <span class='ocrx_word' id='word_1_227' title='bbox 257 2909 324 2975; x_wconf 92' lang='lat' dir='ltr'><strong>illos</strong></span> <span class='ocrx_word' id='word_1_228' title='bbox 340 2911 494 2996; x_wconf 87' lang='lat' dir='ltr'><strong>percensui</strong></span> <span class='ocrx_word' id='word_1_229' title='bbox 513 2910 629 2997; x_wconf 85' lang='lat' dir='ltr'><strong>prodire</strong></span> <span class='ocrx_word' id='word_1_230' title='bbox 647 2921 818 2997; x_wconf 89' lang='lat' dir='ltr'><strong>coeperunt.</strong></span> <span class='ocrx_word' id='word_1_231' title='bbox 863 2910 1014 2975; x_wconf 87' lang='lat' dir='ltr'><strong>Valentini</strong></span> <span class='ocrx_word' id='word_1_232' title='bbox 1033 2932 1121 2997; x_wconf 92' lang='lat' dir='ltr'><strong>porro</strong></span> <span class='ocrx_word' id='word_1_233' title='bbox 1139 2911 1261 2997; x_wconf 86' lang='lat' dir='ltr'><strong>patriam</strong></span> <span class='ocrx_word' id='word_1_234' title='bbox 1284 2932 1317 2973; x_wconf 90' lang='lat' dir='ltr'><strong>ac</strong></span> 
     </span>
     <span class='ocr_line' id='line_1_27' title="bbox 172 3010 1318 3099; baseline 0.001 -24"><span class='ocrx_word' id='word_1_235' title='bbox 172 3011 292 3098; x_wconf 88' lang='lat' dir='ltr'><strong>stirpem</strong></span> <span class='ocrx_word' id='word_1_236' title='bbox 311 3012 441 3099; x_wconf 88' lang='lat' dir='ltr'><strong>plerique</strong></span> <span class='ocrx_word' id='word_1_237' title='bbox 459 3013 606 3078; x_wconf 87' lang='lat' dir='ltr'><strong>nesciunt.</strong></span> <span class='ocrx_word' id='word_1_238' title='bbox 651 3010 722 3077; x_wconf 92' lang='lat' dir='ltr'><strong>Non</strong></span> <span class='ocrx_word' id='word_1_239' title='bbox 740 3012 817 3077; x_wconf 90' lang='lat' dir='ltr'><strong>enim</strong></span> <span class='ocrx_word' id='word_1_240' title='bbox 835 3014 930 3078; x_wconf 90' lang='lat' dir='ltr'><strong>locum</strong></span> <span class='ocrx_word' id='word_1_241' title='bbox 947 3014 1058 3099; x_wconf 90' lang='lat' dir='ltr'><strong>ipsum,</strong></span> <span class='ocrx_word' id='word_1_242' title='bbox 1082 3015 1159 3078; x_wconf 91' lang='lat' dir='ltr'><strong>unde</strong></span> <span class='ocrx_word' id='word_1_243' title='bbox 1179 3013 1318 3077; x_wconf 90' lang='lat' dir='ltr'><strong>oriundus</strong></span> 
     </span>
     <span class='ocr_line' id='line_1_28' title="bbox 173 3113 1318 3201; baseline -0.003 -21"><span class='ocrx_word' id='word_1_244' title='bbox 173 3124 269 3195; x_wconf 85' lang='lat' dir='ltr'><strong>esset,</strong></span> <span class='ocrx_word' id='word_1_245' title='bbox 299 3115 473 3201; x_wconf 89' lang='lat' dir='ltr'><strong>scriptorum</strong></span> <span class='ocrx_word' id='word_1_246' title='bbox 500 3117 576 3180; x_wconf 87' lang='lat' dir='ltr'><strong>ullus</strong></span> <span class='ocrx_word' id='word_1_247' title='bbox 599 3115 758 3201; x_wconf 83' lang='lat' dir='ltr'><strong>expressit.</strong></span> <span class='ocrx_word' id='word_1_248' title='bbox 804 3113 915 3181; x_wconf 84' lang='lat' dir='ltr'><strong>Verum</strong></span> <span class='ocrx_word' id='word_1_249' title='bbox 944 3118 978 3180; x_wconf 91' lang='lat' dir='ltr'><strong>ad</strong></span> <span class='ocrx_word' id='word_1_250' title='bbox 1003 3139 1058 3181; x_wconf 92' lang='lat' dir='ltr'><strong>nos</strong></span> <span class='ocrx_word' id='word_1_251' title='bbox 1081 3117 1230 3181; x_wconf 89' lang='lat' dir='ltr'><strong>auditione</strong></span> <span class='ocrx_word' id='word_1_252' title='bbox 1256 3114 1318 3178; x_wconf 91' lang='lat' dir='ltr'><strong>sola</strong></span> 
     </span>
     <span class='ocr_line' id='line_1_29' title="bbox 172 3217 1318 3305; baseline -0.003 -23"><span class='ocrx_word' id='word_1_253' title='bbox 172 3218 312 3303; x_wconf 88' lang='lat' dir='ltr'><strong>quaedam</strong></span> <span class='ocrx_word' id='word_1_254' title='bbox 329 3217 393 3282; x_wconf 92' lang='lat' dir='ltr'><strong>eius</strong></span> <span class='ocrx_word' id='word_1_255' title='bbox 408 3218 453 3282; x_wconf 90' lang='lat' dir='ltr'><strong>rei</strong></span> <span class='ocrx_word' id='word_1_256' title='bbox 469 3219 546 3282; x_wconf 87' lang='lat' dir='ltr'><strong>lama</strong></span> <span class='ocrx_word' id='word_1_257' title='bbox 565 3219 715 3305; x_wconf 77' lang='lat' dir='ltr'><strong>pervenit3</strong></span> <span class='ocrx_word' id='word_1_258' title='bbox 748 3241 833 3304; x_wconf 91' lang='lat' dir='ltr'><strong>qnam</strong></span> <span class='ocrx_word' id='word_1_259' title='bbox 850 3221 963 3304; x_wconf 89' lang='lat' dir='ltr'><strong>quidem</strong></span> <span class='ocrx_word' id='word_1_260' title='bbox 985 3220 1246 3304; x_wconf 86' lang='lat' dir='ltr'><strong>praetereundam,</strong></span> <span class='ocrx_word' id='word_1_261' title='bbox 1270 3239 1318 3302; x_wconf 90' lang='lat' dir='ltr'><strong>pa-</strong></span> 
     </span>
     <span class='ocr_line' id='line_1_30' title="bbox 172 3320 1318 3405; baseline -0.002 -22"><span class='ocrx_word' id='word_1_262' title='bbox 172 3320 314 3405; x_wconf 87' lang='lat' dir='ltr'><strong>triamqne</strong></span> <span class='ocrx_word' id='word_1_263' title='bbox 329 3320 448 3384; x_wconf 87' lang='lat' dir='ltr'><strong>omnino</strong></span> <span class='ocrx_word' id='word_1_264' title='bbox 465 3320 700 3386; x_wconf 87' lang='lat' dir='ltr'><strong>dissimulandam</strong></span> <span class='ocrx_word' id='word_1_265' title='bbox 715 3344 774 3386; x_wconf 94' lang='lat' dir='ltr'><strong>non</strong></span> <span class='ocrx_word' id='word_1_266' title='bbox 795 3323 933 3402; x_wconf 87' lang='lat' dir='ltr'><strong>arbitror,</strong></span> <span class='ocrx_word' id='word_1_267' title='bbox 958 3323 1073 3387; x_wconf 86' lang='lat' dir='ltr'><strong>tametsi</strong></span> <span class='ocrx_word' id='word_1_268' title='bbox 1087 3320 1197 3384; x_wconf 87' lang='lat' dir='ltr'><strong>veritas</strong></span> <span class='ocrx_word' id='word_1_269' title='bbox 1213 3321 1242 3381; x_wconf 92' lang='lat' dir='ltr'><strong>in</strong></span> <span class='ocrx_word' id='word_1_270' title='bbox 1258 3341 1318 3382; x_wconf 89' lang='lat' dir='ltr'><strong>am·</strong></span> 
     </span>
     <span class='ocr_line' id='line_1_31' title="bbox 171 3421 1316 3512; baseline 0 -27"><span class='ocrx_word' id='word_1_271' title='bbox 171 3421 259 3507; x_wconf 73' lang='lat' dir='ltr'><strong>bique</strong></span> <span class='ocrx_word' id='word_1_272' title='bbox 278 3423 373 3508; x_wconf 85' lang='lat' dir='ltr'><strong>posita</strong></span> <span class='ocrx_word' id='word_1_273' title='bbox 391 3423 519 3488; x_wconf 83' lang='lat' dir='ltr'><strong>videtur.</strong></span> <span class='ocrx_word' id='word_1_274' title='bbox 557 3422 625 3489; x_wconf 89' lang='lat' dir='ltr'><strong>Nos</strong></span> <span class='ocrx_word' id='word_1_275' title='bbox 640 3424 773 3510; x_wconf 91' lang='lat' dir='ltr'><strong>quicquid</strong></span> <span class='ocrx_word' id='word_1_276' title='bbox 791 3427 955 3512; x_wconf 88' lang='lat' dir='ltr'><strong>accepimus</strong></span> <span class='ocrx_word' id='word_1_277' title='bbox 971 3446 1006 3488; x_wconf 92' lang='lat' dir='ltr'><strong>ea</strong></span> <span class='ocrx_word' id='word_1_278' title='bbox 1022 3425 1057 3488; x_wconf 92' lang='lat' dir='ltr'><strong>de</strong></span> <span class='ocrx_word' id='word_1_279' title='bbox 1073 3444 1106 3487; x_wconf 87' lang='lat' dir='ltr'><strong>re</strong></span> <span class='ocrx_word' id='word_1_280' title='bbox 1122 3423 1316 3508; x_wconf 80' lang='lat' dir='ltr'><strong>proderemus.</strong></span> 
     </span>
     <span class='ocr_line' id='line_1_32' title="bbox 172 3521 1318 3614; baseline -0.002 -24"><span class='ocrx_word' id='word_1_281' title='bbox 172 3521 249 3590; x_wconf 87' lang='lat' dir='ltr'><strong>Sunt</strong></span> <span class='ocrx_word' id='word_1_282' title='bbox 271 3526 319 3610; x_wconf 90' lang='lat' dir='ltr'><strong>qui</strong></span> <span class='ocrx_word' id='word_1_283' title='bbox 336 3522 533 3591; x_wconf 87' lang='lat' dir='ltr'><strong>Pbrebouiten</strong></span> <span class='ocrx_word' id='word_1_284' title='bbox 556 3526 635 3591; x_wconf 87' lang='lat' dir='ltr'><strong>illum</strong></span> <span class='ocrx_word' id='word_1_285' title='bbox 659 3527 768 3593; x_wconf 82' lang='lat' dir='ltr'><strong>iaciant</strong></span> <span class='ocrx_word' id='word_1_286' title='bbox 789 3550 828 3592; x_wconf 84' lang='lat' dir='ltr'><strong>ex</strong></span> <span class='ocrx_word' id='word_1_287' title='bbox 846 3528 975 3614; x_wconf 80' lang='lat' dir='ltr'><strong>Aegypti</strong></span> <span class='ocrx_word' id='word_1_288' title='bbox 997 3528 1118 3610; x_wconf 91' lang='lat' dir='ltr'><strong>quadam</strong></span> <span class='ocrx_word' id='word_1_289' title='bbox 1142 3546 1212 3606; x_wconf 86' lang='lat' dir='ltr'><strong>ora,</strong></span> <span class='ocrx_word' id='word_1_290' title='bbox 1242 3527 1318 3589; x_wconf 93' lang='lat' dir='ltr'><strong>unde</strong></span> 
     </span>
     <span class='ocr_line' id='line_1_33' title="bbox 168 3627 1318 3715; baseline 0.001 -24"><span class='ocrx_word' id='word_1_291' title='bbox 168 3627 380 3693; x_wconf 80' lang='lat' dir='ltr'><strong>Alexandriam</strong></span> <span class='ocrx_word' id='word_1_292' title='bbox 394 3630 542 3714; x_wconf 81' lang='lat' dir='ltr'><strong>proiectus</strong></span> <span class='ocrx_word' id='word_1_293' title='bbox 558 3629 613 3710; x_wconf 88' lang='lat' dir='ltr'><strong>sit,</strong></span> <span class='ocrx_word' id='word_1_294' title='bbox 635 3629 733 3715; x_wconf 91' lang='lat' dir='ltr'><strong>ibique</strong></span> <span class='ocrx_word' id='word_1_295' title='bbox 750 3628 932 3695; x_wconf 83' lang='lat' dir='ltr'><strong>Graecorum</strong></span> <span class='ocrx_word' id='word_1_296' title='bbox 950 3629 1060 3692; x_wconf 85' lang='lat' dir='ltr'><strong>artibus</strong></span> <span class='ocrx_word' id='word_1_297' title='bbox 1082 3628 1243 3692; x_wconf 87' lang='lat' dir='ltr'><strong>institutus.</strong></span> <span class='ocrx_word' id='word_1_298' title='bbox 1290 3633 1318 3692; x_wconf 90' lang='lat' dir='ltr'><strong>A</strong></span> 
     </span>
     <span class='ocr_line' id='line_1_34' title="bbox 170 3721 1317 3817; baseline 0.001 -23"><span class='ocrx_word' id='word_1_299' title='bbox 170 3730 274 3815; x_wconf 90' lang='lat' dir='ltr'><strong>quibus</strong></span> <span class='ocrx_word' id='word_1_300' title='bbox 293 3740 321 3794; x_wconf 88' lang='lat' dir='ltr'><strong>et</strong></span> <span class='ocrx_word' id='word_1_301' title='bbox 338 3728 497 3796; x_wconf 86' lang='lat' dir='ltr'><strong>Hesiodiae</strong></span> <span class='ocrx_word' id='word_1_302' title='bbox 515 3731 709 3817; x_wconf 81' lang='lat' dir='ltr'><strong>Theogoniae</strong></span> <span class='ocrx_word' id='word_1_303' title='bbox 723 3754 758 3796; x_wconf 89' lang='lat' dir='ltr'><strong>ac</strong></span> <span class='ocrx_word' id='word_1_304' title='bbox 773 3730 872 3797; x_wconf 88' lang='lat' dir='ltr'><strong>XXX</strong></span> <span class='ocrx_word' id='word_1_305' title='bbox 886 3733 1001 3796; x_wconf 89' lang='lat' dir='ltr'><strong>illorum</strong></span> <span class='ocrx_word' id='word_1_306' title='bbox 1019 3721 1151 3810; x_wconf 80' lang='lat' dir='ltr'><strong>deorum,</strong></span> <span class='ocrx_word' id='word_1_307' title='bbox 1175 3753 1248 3815; x_wconf 87' lang='lat' dir='ltr'><strong>quos</strong></span> <span class='ocrx_word' id='word_1_308' title='bbox 1264 3732 1317 3795; x_wconf 91' lang='lat' dir='ltr'><strong>ibi-</strong></span> 
     </span>
     <span class='ocr_line' id='line_1_35' title="bbox 170 3832 1316 3920; baseline 0.001 -24"><span class='ocrx_word' id='word_1_309' title='bbox 170 3832 236 3897; x_wconf 87' lang='lat' dir='ltr'><strong>dem</strong></span> <span class='ocrx_word' id='word_1_310' title='bbox 252 3832 300 3898; x_wconf 92' lang='lat' dir='ltr'><strong>ille</strong></span> <span class='ocrx_word' id='word_1_311' title='bbox 318 3834 485 3915; x_wconf 82' lang='lat' dir='ltr'><strong>recensuit,</strong></span> <span class='ocrx_word' id='word_1_312' title='bbox 508 3854 543 3899; x_wconf 91' lang='lat' dir='ltr'><strong>ac</strong></span> <span class='ocrx_word' id='word_1_313' title='bbox 554 3836 705 3920; x_wconf 82' lang='lat' dir='ltr'><strong>gentilium</strong></span> <span class='ocrx_word' id='word_1_314' title='bbox 723 3836 884 3899; x_wconf 85' lang='lat' dir='ltr'><strong>fabularum</strong></span> <span class='ocrx_word' id='word_1_315' title='bbox 909 3835 939 3897; x_wconf 93' lang='lat' dir='ltr'><strong>in</strong></span> <span class='ocrx_word' id='word_1_316' title='bbox 957 3833 1053 3897; x_wconf 88' lang='lat' dir='ltr'><strong>animo</strong></span> <span class='ocrx_word' id='word_1_317' title='bbox 1076 3854 1130 3897; x_wconf 92' lang='lat' dir='ltr'><strong>suo</strong></span> <span class='ocrx_word' id='word_1_318' title='bbox 1153 3835 1316 3920; x_wconf 82' lang='lat' dir='ltr'><strong>exemplum</strong></span> 
     </span>
    </p>
   </div>
   <div class='ocr_carea' id='block_1_3' title="bbox 169 4015 1318 4510">
    <p class='ocr_par' dir='ltr' id='par_1_3' title="bbox 205 4015 1287 4091">
     <span class='ocr_line' id='line_1_36' title="bbox 205 4015 1287 4091; baseline -0.002 -19"><span class='ocrx_word' id='word_1_319' title='bbox 205 4020 263 4073; x_wconf 77' lang='lat' dir='ltr'><strong>Can.</strong></span> <span class='ocrx_word' id='word_1_320' title='bbox 279 4024 311 4072; x_wconf 88' lang='lat' dir='ltr'><strong>ll.</strong></span> <span class='ocrx_word' id='word_1_321' title='bbox 328 4047 361 4062; x_wconf 90' lang='lat'><em>-</em></span> <span class='ocrx_word' id='word_1_322' title='bbox 388 4020 410 4074; x_wconf 91' lang='grc'><strong>1.</strong></span> <span class='ocrx_word' id='word_1_323' title='bbox 428 4016 457 4075; x_wconf 81' lang='lat' dir='ltr'><strong>od</strong></span> <span class='ocrx_word' id='word_1_324' title='bbox 471 4021 508 4091; x_wconf 80' lang='grc' dir='ltr'><strong>τῷ</strong></span> <span class='ocrx_word' id='word_1_325' title='bbox 526 4024 577 4073; x_wconf 82' lang='lat' dir='ltr'><strong>eud.</strong></span> <span class='ocrx_word' id='word_1_326' title='bbox 587 4025 642 4075; x_wconf 83' lang='lat' dir='ltr'><strong>Veo.</strong></span> <span class='ocrx_word' id='word_1_327' title='bbox 794 4024 818 4076; x_wconf 79' lang='lat'><strong>7.</strong></span> <span class='ocrx_word' id='word_1_328' title='bbox 835 4022 1042 4077; x_wconf 70' lang='lat' dir='ltr'><strong>stoctonam.</strong></span> <span class='ocrx_word' id='word_1_329' title='bbox 1059 4015 1112 4088; x_wconf 77' lang='grc' dir='ltr'><strong>ἤδη</strong></span> <span class='ocrx_word' id='word_1_330' title='bbox 1128 4025 1211 4086; x_wconf 78' lang='lat' dir='ltr'><strong>reliqui</strong></span> <span class='ocrx_word' id='word_1_331' title='bbox 1226 4024 1287 4072; x_wconf 82' lang='lat' dir='ltr'><strong>libri.</strong></span> 
     </span>
    </p>

    <p class='ocr_par' dir='ltr' id='par_1_4' title="bbox 169 4084 1317 4281">
     <span class='ocr_line' id='line_1_37' title="bbox 203 4084 1317 4160; baseline -0.003 -18"><span class='ocrx_word' id='word_1_332' title='bbox 203 4090 227 4142; x_wconf 74' lang='lat'><em>2</em></span> <span class='ocrx_word' id='word_1_333' title='bbox 245 4088 353 4156; x_wconf 67' lang='lat' dir='ltr'><strong>ulptubou</strong></span> <span class='ocrx_word' id='word_1_334' title='bbox 366 4087 411 4142; x_wconf 78' lang='grc' dir='ltr'><strong>καὶ</strong></span> <span class='ocrx_word' id='word_1_335' title='bbox 424 4085 544 4150; x_wconf 74' lang='grc' dir='ltr'><strong>τοῦςοοά.</strong></span> <span class='ocrx_word' id='word_1_336' title='bbox 556 4094 611 4143; x_wconf 79' lang='lat' dir='ltr'><strong>Vsa.</strong></span> <span class='ocrx_word' id='word_1_337' title='bbox 632 4086 727 4160; x_wconf 72' lang='lat' dir='ltr'><strong>Kq&#39;etu·</strong></span> <span class='ocrx_word' id='word_1_338' title='bbox 794 4091 819 4145; x_wconf 87' lang='grc'><strong>8.</strong></span> <span class='ocrx_word' id='word_1_339' title='bbox 837 4088 884 4156; x_wconf 70' lang='grc' dir='ltr'><strong>τήν</strong></span> <span class='ocrx_word' id='word_1_340' title='bbox 898 4084 985 4155; x_wconf 64' lang='grc' dir='ltr'>ἀληθῆ</span> <span class='ocrx_word' id='word_1_341' title='bbox 1000 4091 1051 4142; x_wconf 88' lang='lat' dir='ltr'><strong>eod.</strong></span> <span class='ocrx_word' id='word_1_342' title='bbox 1066 4092 1138 4142; x_wconf 80' lang='lat' dir='ltr'><strong>Velle.</strong></span> <span class='ocrx_word' id='word_1_343' title='bbox 1169 4093 1230 4142; x_wconf 81' lang='lat' dir='ltr'><strong>Olim</strong></span> <span class='ocrx_word' id='word_1_344' title='bbox 1247 4095 1317 4152; x_wconf 77' lang='lat' dir='ltr'><strong>puto·</strong></span> 
     </span>
     <span class='ocr_line' id='line_1_38' title="bbox 171 4151 1315 4280; baseline 0.002 -70"><span class='ocrx_word' id='word_1_345' title='bbox 171 4157 214 4212; x_wconf 73' lang='lat' dir='ltr'><strong>too</strong></span> <span class='ocrx_word' id='word_1_346' title='bbox 226 4155 269 4212; x_wconf 76' lang='lat' dir='ltr'><strong>riu</strong></span> <span class='ocrx_word' id='word_1_347' title='bbox 285 4156 330 4212; x_wconf 79' lang='grc' dir='ltr'><strong>καὶ</strong></span> <span class='ocrx_word' id='word_1_348' title='bbox 340 4153 470 4225; x_wconf 61' lang='grc' dir='ltr'><strong>Μήρινθον</strong></span> <span class='ocrx_word' id='word_1_349' title='bbox 484 4157 529 4212; x_wconf 73' lang='grc' dir='ltr'><strong>καὶ</strong></span> <span class='ocrx_word' id='word_1_350' title='bbox 544 4154 604 4221; x_wconf 73' lang='grc' dir='ltr'><strong>τοὺς</strong></span> <span class='ocrx_word' id='word_1_351' title='bbox 619 4161 727 4212; x_wconf 75' lang='lat' dir='ltr'><strong>eod-Vc·</strong></span> <span class='ocrx_word' id='word_1_352' title='bbox 761 4161 988 4280; x_wconf 53' lang='lat' dir='ltr'><strong>bampwsdmm</strong></span> <span class='ocrx_word' id='word_1_353' title='bbox 1010 4156 1035 4212; x_wconf 78' lang='lat' dir='ltr'><strong>lu</strong></span> <span class='ocrx_word' id='word_1_354' title='bbox 1049 4153 1198 4227; x_wconf 78' lang='grc' dir='ltr'><strong>ἅμφιλέκτῳ</strong></span> <span class='ocrx_word' id='word_1_355' title='bbox 1215 4151 1269 4225; x_wconf 75' lang='grc' dir='ltr'><strong>ἤδη</strong></span> <span class='ocrx_word' id='word_1_356' title='bbox 1287 4156 1315 4212; x_wconf 75' lang='grc' dir='ltr'><strong>τὰ</strong></span> 
     </span>
     <span class='ocr_line' id='line_1_39' title="bbox 169 4223 951 4281; baseline 0.003 -5"><span class='ocrx_word' id='word_1_357' title='bbox 169 4229 207 4276; x_wconf 79' lang='lat' dir='ltr'><strong>tic.</strong></span> <span class='ocrx_word' id='word_1_358' title='bbox 761 4223 793 4281; x_wconf 79' lang='grc' dir='ltr'><strong>ἀλ</strong></span> <span class='ocrx_word' id='word_1_359' title='bbox 836 4228 848 4240; x_wconf 80' lang='grc'><strong>”</strong></span> <span class='ocrx_word' id='word_1_360' title='bbox 910 4243 951 4280; x_wconf 80' lang='lat' dir='ltr'><strong>stu.</strong></span> 
     </span>
    </p>

    <p class='ocr_par' dir='ltr' id='par_1_5' title="bbox 202 4244 1027 4377">
     <span class='ocr_line' id='line_1_40' title="bbox 202 4244 1027 4377; baseline 0.001 -30"><span class='ocrx_word' id='word_1_361' title='bbox 202 4292 228 4347; x_wconf 83' lang='grc'><strong>3.</strong></span> <span class='ocrx_word' id='word_1_362' title='bbox 247 4289 388 4377; x_wconf 77' lang='lat' dir='ltr'><strong>duspiqecu</strong></span> <span class='ocrx_word' id='word_1_363' title='bbox 405 4296 457 4346; x_wconf 86' lang='lat' dir='ltr'><strong>cod.</strong></span> <span class='ocrx_word' id='word_1_364' title='bbox 469 4297 524 4346; x_wconf 77' lang='lat' dir='ltr'><strong>Veto</strong></span> <span class='ocrx_word' id='word_1_365' title='bbox 793 4244 1027 4358; x_wconf 58' lang='lat' dir='ltr'><strong>discubuerant.</strong></span> 
     </span>
    </p>

    <p class='ocr_par' dir='ltr' id='par_1_6' title="bbox 201 4358 1315 4434">
     <span class='ocr_line' id='line_1_41' title="bbox 201 4358 1315 4434; baseline -0.001 -21"><span class='ocrx_word' id='word_1_366' title='bbox 201 4358 226 4413; x_wconf 83' lang='lat'><strong>4.</strong></span> <span class='ocrx_word' id='word_1_367' title='bbox 243 4380 290 4416; x_wconf 82' lang='grc' dir='ltr'><strong>τινι</strong></span> <span class='ocrx_word' id='word_1_368' title='bbox 305 4360 388 4429; x_wconf 50' lang='lat' dir='ltr'><strong>&amp;etet</strong></span> <span class='ocrx_word' id='word_1_369' title='bbox 403 4362 455 4417; x_wconf 75' lang='lat' dir='ltr'><strong>ssia</strong></span> <span class='ocrx_word' id='word_1_370' title='bbox 468 4365 520 4415; x_wconf 77' lang='lat' dir='ltr'><strong>aaa</strong></span> <span class='ocrx_word' id='word_1_371' title='bbox 537 4367 593 4415; x_wconf 84' lang='lat' dir='ltr'><strong>Vsa.</strong></span> <span class='ocrx_word' id='word_1_372' title='bbox 796 4364 834 4415; x_wconf 88' lang='grc'><strong>10.</strong></span> <span class='ocrx_word' id='word_1_373' title='bbox 852 4363 1026 4434; x_wconf 57' lang='lat' dir='ltr'><strong>‘pandectis-qo</strong></span> <span class='ocrx_word' id='word_1_374' title='bbox 1040 4367 1258 4428; x_wconf 75' lang='lat' dir='ltr'><strong>comtqttt’etovtus.</strong></span> <span class='ocrx_word' id='word_1_375' title='bbox 1279 4366 1315 4427; x_wconf 74' lang='lat' dir='ltr'><strong>cs.</strong></span> 
     </span>
    </p>

    <p class='ocr_par' dir='ltr' id='par_1_7' title="bbox 200 4427 1318 4510">
     <span class='ocr_line' id='line_1_42' title="bbox 200 4427 1318 4510; baseline -0.001 -28"><span class='ocrx_word' id='word_1_376' title='bbox 200 4430 226 4482; x_wconf 80' lang='lat' dir='ltr'><strong>t.</strong></span> <span class='ocrx_word' id='word_1_377' title='bbox 243 4427 393 4500; x_wconf 67' lang='grc' dir='ltr'><strong>ἐνενηχήσιι</strong></span> <span class='ocrx_word' id='word_1_378' title='bbox 401 4427 478 4499; x_wconf 71' lang='grc' dir='ltr'><strong>φήμη</strong></span> <span class='ocrx_word' id='word_1_379' title='bbox 494 4448 531 4493; x_wconf 85' lang='grc' dir='ltr'><strong>τις</strong></span> <span class='ocrx_word' id='word_1_380' title='bbox 544 4427 664 4500; x_wconf 67' lang='grc' dir='ltr'><strong>ἐλήλυθεν</strong></span> <span class='ocrx_word' id='word_1_381' title='bbox 672 4433 724 4484; x_wconf 83' lang='lat' dir='ltr'><strong>eod.</strong></span> <span class='ocrx_word' id='word_1_382' title='bbox 762 4435 886 4510; x_wconf 72' lang='lat' dir='ltr'><strong>Gotstartus</strong></span> <span class='ocrx_word' id='word_1_383' title='bbox 908 4435 941 4483; x_wconf 84' lang='lat' dir='ltr'><strong>od</strong></span> <span class='ocrx_word' id='word_1_384' title='bbox 961 4436 1023 4484; x_wconf 79' lang='lat' dir='ltr'><strong>Ecct.</strong></span> <span class='ocrx_word' id='word_1_385' title='bbox 1046 4437 1086 4485; x_wconf 79' lang='lat' dir='ltr'><strong>(tr.</strong></span> <span class='ocrx_word' id='word_1_386' title='bbox 1105 4435 1207 4484; x_wconf 72' lang='lat' dir='ltr'><strong>Menum.</strong></span> <span class='ocrx_word' id='word_1_387' title='bbox 1228 4435 1318 4483; x_wconf 85' lang='lat' dir='ltr'><strong>tamt.</strong></span> 
     </span>
    </p>
   </div>
   <div class='ocr_carea' id='block_1_4' title="bbox 169 4498 1060 4637">
    <p class='ocr_par' dir='ltr' id='par_1_8' title="bbox 169 4498 1060 4637">
     <span class='ocr_line' id='line_1_43' title="bbox 169 4498 854 4565; baseline 0.003 -17"><span class='ocrx_word' id='word_1_388' title='bbox 169 4498 223 4549; x_wconf 79' lang='lat' dir='ltr'><strong>Voss</strong></span> <span class='ocrx_word' id='word_1_389' title='bbox 758 4499 854 4565; x_wconf 62' lang='lat' dir='ltr'><strong>aaut.</strong></span> 
     </span>
     <span class='ocr_line' id='line_1_44' title="bbox 200 4561 1060 4637; baseline -0.002 -17"><span class='ocrx_word' id='word_1_390' title='bbox 200 4562 226 4619; x_wconf 85' lang='lat' dir='ltr'><strong>b.</strong></span> <span class='ocrx_word' id='word_1_391' title='bbox 241 4562 329 4622; x_wconf 77' lang='lat' dir='ltr'><strong>asiaca</strong></span> <span class='ocrx_word' id='word_1_392' title='bbox 344 4563 422 4625; x_wconf 76' lang='lat' dir='ltr'><strong>alnou</strong></span> <span class='ocrx_word' id='word_1_393' title='bbox 439 4570 491 4623; x_wconf 85' lang='lat' dir='ltr'><strong>cod.</strong></span> <span class='ocrx_word' id='word_1_394' title='bbox 508 4571 563 4623; x_wconf 83' lang='lat' dir='ltr'><strong>t&#39;ca.</strong></span> <span class='ocrx_word' id='word_1_395' title='bbox 597 4606 599 4611; x_wconf 26' lang='grc' dir='ltr'>ι</span> <span class='ocrx_word' id='word_1_396' title='bbox 796 4571 834 4622; x_wconf 88' lang='grc'><strong>11.</strong></span> <span class='ocrx_word' id='word_1_397' title='bbox 851 4561 924 4637; x_wconf 74' lang='grc' dir='ltr'><strong>ὅμως</strong></span> <span class='ocrx_word' id='word_1_398' title='bbox 939 4572 990 4622; x_wconf 81' lang='lat' dir='ltr'><strong>eod.</strong></span> <span class='ocrx_word' id='word_1_399' title='bbox 1006 4572 1060 4623; x_wconf 80' lang='lat' dir='ltr'><strong>Vm.</strong></span> 
     </span>
    </p>
   </div>
   <div class='ocr_carea' id='block_1_5' title="bbox 1045 4655 1116 4723">
    <p class='ocr_par' dir='ltr' id='par_1_9' title="bbox 1045 4655 1116 4723">
     <span class='ocr_line' id='line_1_45' title="bbox 1045 4655 1116 4723; baseline 0.014 -1"><span class='ocrx_word' id='word_1_400' title='bbox 1045 4655 1116 4723; x_wconf 83' lang='lat'><strong>20*</strong></span> 
     </span>
    </p>
   </div>
   <div class='ocr_carea' id='block_1_6' title="bbox 0 0 1528 5084">
    <p class='ocr_par' dir='ltr' id='par_1_10' title="bbox 0 0 1528 5084">
     <span class='ocr_line' id='line_1_46' title="bbox 0 0 1528 5084; baseline 0 1"><span class='ocrx_word' id='word_1_401' title='bbox 0 0 1528 5084; x_wconf 95' lang='lat' dir='ltr'><strong> </strong></span> 
     </span>
    </p>
   </div>
  </div>
 </body>
</html>
