3046 5084
203 353 264 413 540
622 358 744 411 θλΝὒΤλ
760 356 930 410 ΕΡΙΡΗΑΝΙΙ

204 477 244 555 οἷς
266 481 339 564 λέγει
362 474 380 542 ό
402 475 578 553 άπόστολος·
609 475 679 553 ιῦςτε
697 468 752 540 οῦν
768 473 787 539 ό
806 473 1019 558 ἀνθιστάμενος
1038 484 1076 568 τῇ
1089 474 1229 571 Ἐξουσίμ
1247 488 1349 571 τῇτοῦ

201 590 276 646 θεοῦ
293 586 416 669 διαταγῇ
434 578 620 662 ἀνθέστηκεν.
667 582 706 642 Οἱ
723 576 776 663 γάρ
789 574 949 662 ’Ἄρχοντες
967 576 1023 643 οῦκ
1040 583 1096 645 είσι
1111 580 1188 647 κατά
1208 590 1264 649 τοῦ
1282 582 1348 669 άγα·

202 692 279 763 θοῦ,
308 681 365 747 ἀλλ’
381 680 455 766 ῦπὲρ
472 690 526 746 τοῦ
542 680 676 767 όγαθοῦ,
706 682 756 744 καὶ
773 678 829 744 οῦκ
845 682 899 743 εἰσι
916 678 990 745 κατά
1006 688 1059 763 τῆς
1075 680 1235 765 άληθείας,
1270 682 1348 751 ’ἄλλ’

202 783 274 867 όπέρ
297 792 349 867 τῆς
371 783 519 866 άληθείας.
565 785 662 858 Θέλεις
678 783 727 860 δέ,
755 783 844 864 φησί,
874 779 927 863 τὴν
941 779 1093 859 Ἐξουσίαν
1111 780 1153 868 μὴ
1170 791 1347 870 φοβεῖσθαις

202 885 234 951 τό
260 884 401 970 2είγαθόν
422 890 513 964 ποίει,
544 887 594 949 καί
616 888 688 962 ἕξεις
705 887 825 949 έπαινον
848 886 877 959 έξ
897 881 995 967 αὐτῆς.
1042 885 1088 952 Οῦ
1103 888 1161 975 γάρ
1179 893 1247 972 είκῖγ
1266 898 1352 973 φορεῖ

203 986 256 1071 τὴν
273 987 430 1073 μάχαιραν·
459 986 599 1062 διάκονος
614 985 669 1072 γάρ
688 989 763 1051 έστιν
785 987 826 1061 εἰς
842 982 913 1050 αότό
930 994 1018 1053 τοῦτο
1036 991 1068 1054 έκ
1085 998 1164 1056 θεοῦ
1180 992 1349 1077 τεταγμένος

203 1098 243 1179 τῷ
264 1088 296 1155 τό
315 1089 407 1158 κακόν
423 1086 587 1174 πράττοντι.
632 1091 691 1152 Καὶ
707 1084 780 1174 δρᾷς
801 1085 842 1163 τός
857 1085 877 1169 ἡ
894 1083 1029 1165 Ἐξονσία
1046 1089 1121 1175 αῦτη
1136 1090 1158 1174 ἦ
1171 1090 1349 1175 κοσμικήέι

202 1201 277 1257 θεοῦ
294 1194 442 1268 τέτακται,
470 1193 521 1254 καὶ
538 1195 679 1275 μαχαίρας
698 1192 781 1271 ἔλαβε
798 1185 1030 1272 τηνἘξουσιάνς
1059 1191 1115 1260 οῦκ
1135 1192 1349 1277 άλλαχόθενδί

201 1305 312 1373 ποθεν,
342 1292 399 1358 ἄλλ’
414 1295 446 1358 έκ
461 1300 552 1370 θεοῦ,
582 1296 623 1368 εἰς
639 1294 794 1373 ἐκδίκησιν.
840 1293 900 1355 Καὶ
917 1289 954 1357 ου’
968 1292 1124 1377 δυνάμεθα
1140 1297 1236 1381 λέγειν
1252 1295 1348 1363 διάτδ

202 1393 276 1460 εἶναι
289 1394 399 1480 Ἀρχδς
412 1396 462 1460 καὶ
473 1392 624 1471 Ἐξουσίας
637 1396 668 1459 έν
681 1390 781 1481 κόσμῳ
796 1392 847 1457 τόν
861 1396 979 1475 βασιλέα
994 1393 1107 1461 τοῦτον
1123 1396 1165 1480 μὴ
1179 1395 1258 1465 εἶναι
1270 1404 1348 1483 βασι·

203 1500 268 1576 λεά,
300 1494 370 1561 όλλόι
386 1493 460 1561 εἶναι
475 1494 527 1572 τός
541 1493 650 1580 Ἀργδς
665 1498 715 1559 καὶ
733 1492 785 1570 τός
800 1492 950 1572 Ἐξουσίας
966 1499 997 1561 έν
1011 1496 1129 1587 κόσμῳ,
1159 1495 1238 1566 εἶναι
1253 1502 1287 1567 δέ
1301 1504 1349 1567 καί

202 1598 253 1664 τόν
270 1597 382 1663 τούτων
398 1599 524 1680 βασιλέα.
567 1595 619 1672 Ὡς
634 1589 688 1661 οὖν
706 1599 754 1661 έπί
771 1604 825 1681 γῆς
845 1595 974 1682 όρῦμεν,
1003 1600 1147 1666 δέδεικται
1167 1600 1268 1689 3γάρ,
1296 1600 1348 1669 οῦτ

203 1705 332 1777 ἐναντίας
348 1699 400 1775 τός
418 1698 507 1784 άρχάς
522 1707 562 1788 τῷ
577 1703 702 1782 βασιλεῖ,
732 1696 789 1763 ἄλλ’
805 1696 1038 1785 ὑποτεταγμένας
1054 1704 1095 1777 είς
1110 1706 1263 1787 διοίκησιν
1278 1732 1346 1771 παν·

201 1803 251 1880 τός
264 1812 318 1869 τοῦ
331 1807 488 1886 βασιλείου,
505 1804 556 1865 καὶ
571 1804 613 1876 είς
626 1799 759 1877 εὐταξίαν
774 1808 837 1885 γῆς,
853 1804 929 1867 ἔνθα
942 1802 1032 1884 φόνοι
1045 1805 1097 1869 καλ
1110 1804 1212 1890 μάγαι,
1236 1806 1349 1895 άγνοιαί

202 1932 230 1970 τε
246 1908 297 1970 καὶ
313 1909 506 1983 διδασκαλίαι,
528 1901 660 1986 εόνομίαι
672 1930 701 1967 τε
716 1905 766 1968 καί
782 1909 970 1989 παρανομίαι,
992 1907 1042 1971 καὶ
1054 1905 1164 1973 τοῦτον
1177 1907 1267 1995 χάριν
1279 1912 1349 1977 ελσλν

202 2011 337 2087 ἐξουσίαι,
359 2012 409 2072 ἵνα
425 2010 466 2082 εἰς
481 2004 622 2071 εὔτακτον
638 2004 771 2083 σύνταξιν
786 2014 837 2089 τῆς
851 2014 905 2072 τοῦ
920 2006 1029 2083 παντός
1042 2006 1156 2092 κόσμον
1174 2010 1348 2097 διοικήσεως

200 2109 236 2175 τά
256 2109 351 2174 πάντα
372 2112 405 2174 έκ
427 2115 501 2173 θεοῦ
523 2115 620 2184 καλῶς
640 2116 809 2197 καταταχθη
831 2110 883 2174 καὶ
903 2111 1106 2201 οίκονομηθῇ,
1136 2110 1218 2179 οῦτοι
1246 2118 1348 2183 καλίν

202 2210 335 2300 σόρανρῦ,
366 2210 487 2293 μάλιστα
502 2211 534 2275 δὲ
550 2212 702 2296 ἐξαιρέτως
718 2213 790 2288 έκεῖ,
821 2212 897 2276 ένθα
913 2208 950 2277 οῦ
966 2210 1099 2293 φθόνος,
1128 2212 1167 2279 οῦ
1183 2222 1287 2299 ζῆλος,
1313 2214 1348 2283 οδ

79 2342 130 2386 τις.
143 2330 187 2373 νοτ.
202 2318 387 2398 παρανομία,
412 2311 468 2378 ου’κ
485 2312 665 2395 ἐναντιότης,
688 2310 723 2377 οῦ
740 2311 849 2392 στάσις,
871 2311 925 2397 οόχ
937 2312 1036 2399 όρκος,
1059 2312 1112 2399 οάγ
1127 2312 1261 2405 ἇρπαγή,
1281 2316 1348 2387 οδδέ

201 2444 227 2481 τι
249 2419 347 2501 ἕτερον
367 2422 426 2479 ταῖν
447 2413 604 2492 τοιοῦτον,
632 2412 779 2491 Ἐξουσίαι
795 2417 963 2501 τεταγμέναι
980 2418 1035 2481 είσλ
1053 2414 1091 2483 δι’
1108 2414 1200 2502 άλλην
1214 2446 1346 2509 πραγμα·

200 2522 285 2583 τεέαν.
331 2524 429 2582 Ποίαν
450 2519 483 2581 δέ
503 2543 595 2599 φημι,
627 2515 684 2580 ἀλλ’
705 2514 792 2599 ἢδιά
808 2514 860 2582 τόν
875 2516 995 2601 ῥυθμόν
1010 2525 1063 2583 τοῦ
1081 2516 1198 2603 ῦμνου,
1228 2520 1348 2607 διάτῆν

201 2619 261 2685 δίναν
276 2617 422 2705 άκήρατον
438 2623 623 2704 δοξολογίαν,
654 2616 691 2684 δι’
708 2617 746 2701 ἣν
762 2616 905 2701 ἠθέλησεν
919 2616 938 2684 ό
953 2618 1091 2701 ἄφθονος
1107 2618 1196 2706 ἡμῶν
1211 2622 1288 2703 θεός
1299 2626 1347 2693 καί

200 2720 335 2809 βασιλεῦς
350 2725 527 2806 χαρίσασθαι
543 2720 653 2809 ἓκάστμ
669 2727 728 2785 τῶν
746 2717 797 2785 ὑπ’
816 2718 909 2787 αότοῦ
924 2724 1140 2808 γεγεννημένων
1154 2724 1248 2805 δόξαν
1264 2754 1348 2815 προς-

200 2823 347 2906 ηκουσαν,
374 2826 424 2888 ἵνα
445 2830 498 2903 τῆς
513 2820 604 2887 αὐτοῦ
619 2827 765 2905 βασιλείας
785 2822 818 2889 τό
836 2822 963 2910 φαιδρδν
982 2827 1034 2890 καί
1051 2822 1286 2913 4οίιιατάληιττον
1299 2830 1348 2897 καί

200 2929 361 3008 ἔκπληκτον
376 2922 420 2989 άεὶ
434 2923 594 3007 δοξάζηται.
639 2932 754 3007 Σαφῶς
766 2929 865 2991 τοίνυν
879 2928 983 2991 ἐκεῖνον
998 2926 1212 3011 πεπλάνηνται,
1231 2930 1289 3017 τὴν
1301 2930 1349 3017 ια’-

201 3054 247 3112 ριν
268 3034 321 3093 τοῦ
342 3034 417 3092 θεοῦ
438 3024 640 3111 άγνοήσαντες.

288 3337 367 3400 Φασὶ
382 3335 414 3399 δέ
428 3316 522 3412 οῦτοι,
545 3330 586 3409 νίς
600 3335 650 3398 καί
666 3331 727 3399 άνοι
744 3360 794 3416 μοι
808 3333 1036 3419 προδεδήλωται,
1056 3334 1109 3403 τόν
1122 3336 1266 3421 διάβολον
1278 3336 1351 3407 clm

201 3436 265 3503 νίόν
279 3446 333 3521 τῆς
345 3435 474 3521 ἑβδόμης
487 3439 630 3515 ἐξουσίας,
646 3437 774 3501 τουτέστι
785 3444 838 3501 τοῦ
851 3440 1001 3520 Σαβααέθ·
1018 3436 1093 3506 εἶναι
1106 3440 1138 3505 δλ
1151 3438 1206 3507 τόν
1214 3440 1351 3527 Σαβιόδ

200 3548 259 3605 τῶν
272 3538 439 3619 Ἰουδαίαν,
466 3537 517 3603 τόν
532 3540 565 3604 δὲ
579 3536 716 3621 διάβολον
730 3537 862 3623 πονηρόν
877 3536 970 3606 αῦτοῦ
983 3538 1065 3621 υίόν,
1093 3538 1165 3607 ὅντα
1183 3544 1218 3609 δλ
1233 3544 1284 3611 έπλ
1298 3550 1352 3627 τῆς

204 3649 280 3727 1γῆς
295 3645 503 3707 ἐναντιοῦσθαι
518 3648 557 3730 τῷ
573 3644 638 3729 ἰδίῳ
651 3645 746 3726 πατρί.
793 3642 853 3705 Καὶ
866 3640 919 3707 τόν
933 3640 1025 3709 αὐτοῦ
1038 3645 1151 3729 πατέρα
1163 3643 1239 3729 μήτε
1252 3654 1349 3715 τοιοῦ-

201 3771 251 3809 τον
266 3742 354 3823 εἶναι,
383 3743 455 3827 μήτε
470 3742 556 3809 πάλιν
574 3740 648 3809 εἶναι
662 3742 714 3809 τόν
728 3741 933 3827 άκατάληιιτον
947 3745 1035 3825 θεόν,
1063 3744 1100 3811 δν
1115 3750 1231 3835 πατέρα
1248 3750 1348 3831 φασίν,

200 3845 270 3911 άλλοί
291 3844 444 3931 άριστεράς
464 3844 539 3911 εἶναι
560 3848 701 3923 έξουσίας.
735 3844 859 3932 Ἕτερον
880 3847 912 3913 δέ
934 3846 1023 3913 πάλιν
1042 3854 1145 3931 μῦθον
1165 3852 1303 3937 λέγουσιν
1320 3852 1352 3919 τέ

199 3957 343 4027 τοιοῦτοι,
366 3947 426 4027 ότι,
452 3950 582 4028 2εγασίν,
606 3946 624 4014 ό
643 3947 778 4030 διάβολος
796 3948 893 4015 έλθοδν
910 3948 987 4034 πρός
1006 3948 1062 4033 τὴν
1077 3948 1183 4031 Εῦαν,
1204 3954 1349 4039 emim

200 4048 274 4140 αὐτῇ
295 4048 335 4127 σός
356 4049 430 4135 άνὴρ
451 4053 584 4136 γυναικί,
614 4054 665 4117 καί
683 4053 832 4137 ἐγέννησεν
853 4054 883 4129 ἐξ
900 4050 993 4118 αάτοῦ
1010 4051 1063 4119 τόν
1082 4078 1114 4117 τε
1132 4052 1214 4121 Κάϊν
1231 4058 1283 4123 καί
1297 4052 1349 4123 τόν

192 4149 294 4233 ηελβελ.
338 4151 395 4218 Διό
413 4154 555 4237 ἐπανέστη
577 4151 595 4219 ό
617 4150 660 4229 είς
679 4162 721 4243 τῷ
736 4155 780 4219 ένλ
798 4152 849 4219 διά
863 4160 949 4237 ζῆλον
961 4152 999 4221 δν
1014 4150 1091 4239 εἶχον
1104 4154 1183 4243 πρός
1197 4154 1348 4243 άλλιὶλοκς,

234 4375 292 4426 θεν.
312 4378 351 4425 W.
374 4406 408 4416 -
436 4381 455 4428 1.
477 4372 529 4429 ἀλλ’
548 4374 609 4444 ὑπὲρ
629 4379 678 4445 τῆς
694 4373 755 4444 ἄλη·
822 4378 847 4429 ³.
864 4374 912 4445 γάρ
930 4393 960 4429 ετ
975 4382 1027 4429 οοδ.
1041 4383 1114 4433 Velie.
1130 4382 1218 4435 σδλτελ.

201 4442 280 4507 θείας,
292 4448 354 4508 quod
366 4462 410 4497 non
425 4448 491 4495 λιαδελ
504 4448 632 4510 ιδμτιαο,
645 4450 756 4498 petavius
823 4444 847 4499 4.
864 4440 1041 4531 ἀκατάληπτα
1063 4448 1108 4503 καλ
1131 4448 1274 4519 Italum
1296 4452 1346 4505 ul·

199 4527 228 4561 ετ
246 4516 296 4562 αα.
314 4516 384 4565 νἀα.
402 4516 525 4576 τιττμανν.
792 4519 864 4565 τινα.
898 4510 1089 4583 ἀκατατληατα
1111 4520 1169 4569 eam
1184 4522 1242 4571 τοτε
1261 4526 1285 4575 τι
1297 4520 1347 4573 τοι

233 4580 258 4631 2.
274 4579 350 4635 καλὸν
367 4585 418 4632 cod.
433 4584 506 4631 Vatia.
789 4585 887 4647 Ηλεδίγ.
919 4578 1091 4653 ἀκατάληπτα
1105 4590 1242 4651 Μίνω
1256 4594 1291 4643 τί
1303 4592 1346 4643 11-
