3046 5084
403 324 534 411 causan
550 360 612 411 urs.
623 363 642 413 ι.
658 360 739 414 roas.
759 363 789 413 ιι.
807 362 903 413 nasa.
919 363 1019 414 xxxi.
1219 352 1280 412 :itt

139 479 322 545 suetudinem
336 480 512 560 exarsisset,
536 480 573 544 ad
587 472 689 544 eorum
703 481 855 565 exemplar
870 483 959 546 letum
975 482 1075 546 nescio
1086 502 1178 572 ,mem
1195 481 1281 567 spiri·

137 583 223 647 talem
240 582 391 668 parturiit,
415 582 463 666 qni
480 584 516 645 sd
531 583 703 666 stipatorum
720 578 883 645 Salvatoris
900 593 981 645 esset
996 583 1210 647 similitudinem
1227 602 1281 646 ex·

139 705 270 770 pressas.

222 785 420 870 Quamobrem
443 784 547 871 tripiici
570 784 626 849 iam
649 784 809 850 substantia
830 787 1003 862 constituta,
1035 788 1125 872 prima
1146 807 1221 870 quae
1243 807 1282 850 ex
1296 795 1355 862 cap.
1371 793 1432 843 xx.

138 889 356 974 perturbatione
378 888 500 973 prodiit,
534 907 609 977 qnae
629 899 674 952 est
694 889 833 967 materia,
867 889 993 952 secunda
1016 911 1054 952 rx
1074 888 1280 968 conversione,

137 995 211 1078 quod
231 1003 277 1056 est
294 991 477 1069 animalium,
506 990 590 1054 tertia
608 989 746 1075 spirituli,
770 1011 853 1074 quam
874 1002 1048 1074 postremam
1067 992 1197 1077 peperit,
1221 1002 1282 1054 tum

137 1117 171 1159 se
189 1095 312 1178 deniqne
334 1093 369 1156 ad
388 1092 488 1155 eudem
506 1092 665 1176 effingenda
681 1094 813 1155 contulit.
859 1090 1040 1176 Quamquam
1061 1096 1136 1177 qnod
1152 1093 1281 1178 spiritale

138 1207 212 1274 erat,
231 1206 330 1280 utpote
346 1194 474 1258 ciusdem
487 1214 552 1257 cum
567 1194 630 1280 ipsa
645 1204 777 1272 naturae,
799 1196 924 1275 figurare
940 1195 1056 1258 minime
1073 1196 1181 1280 potnit3
1205 1195 1281 1259 unde

137 1317 172 1360 sc
196 1297 347 1361 animatam
371 1297 408 1360 ad
427 1296 634 1375 substantiam,
667 1316 741 1381 qnae
763 1317 804 1359 ex
824 1297 915 1381 ipsius
935 1298 1129 1362 conversione
1150 1300 1280 1383 proiecta

140 1401 250 1478 iuerat,
282 1398 495 1485 perpoliendam
516 1399 679 1479 conuertit,
709 1398 745 1462 sd
767 1399 851 1483 idque
872 1420 946 1483 quae
967 1396 1156 1464 aSalvatore
1175 1400 1280 1464 tradita

140 1504 253 1564 inerant
272 1501 442 1565 documenta
460 1501 617 1565 transtulit.
663 1501 709 1564 Ao
728 1501 850 1586 primum
870 1511 990 1565 narrant
1007 1523 1046 1566 ex
1065 1503 1191 1567 animata
1212 1502 1281 1565 sub-

138 1603 245 1666 stantia
261 1605 413 1667 formatum
430 1602 466 1667 ab
479 1602 530 1666 illa
545 1601 663 1666 Patrem
679 1601 841 1686 collegam
862 1605 1007 1682 omnium,
1030 1615 1088 1668 tam
1106 1625 1207 1669 eornm
1223 1604 1280 1667 sci·

137 1706 206 1769 licet
227 1726 301 1791 quse
324 1706 425 1769 eadem
448 1726 513 1769 cnm
535 1705 599 1791 ipso
623 1714 726 1768 natura
749 1716 899 1785 constant,
934 1707 988 1770 hoc
1010 1719 1056 1770 est
1077 1707 1280 1786 animatorum,

138 1828 211 1893 qnae
231 1808 271 1872 ilii
290 1810 396 1872 dextra
417 1818 600 1891 nuncupant,
634 1827 719 1891 qnam
738 1827 836 1871 eorum
856 1829 929 1891 quae
945 1829 984 1871 ex
1002 1810 1155 1872 affectione
1170 1829 1205 1871 ac
1220 1829 1281 1872 ma·

138 1911 211 1975 teria
228 1921 452 1996 componuntnr,
472 1930 546 1995 qnae
560 1908 680 1973 sinistra
698 1920 815 1972 vocant.
860 1908 937 1973 Nam
955 1911 1104 1989 universa,
1128 1931 1202 1994 quae
1216 1923 1282 1994 post

137 2014 230 2099 ipsum
247 2013 422 2092 extiterunt,
441 2012 476 2076 ab
491 2032 528 2075 eo
543 2012 642 2074 dicunt
657 2011 762 2089 efficta,
786 2032 850 2074 unm
864 2032 881 2074 a
896 2009 993 2074 hletae
1008 2013 1096 2074 tacite
1111 2013 1145 2075 ad
1161 2012 1189 2074 id
1202 2023 1283 2084 esset

138 2115 295 2200 impulsosp
318 2136 353 2178 ac
368 2126 522 2201 propterea
538 2111 733 2197 Metropator,
757 2124 787 2176 et
804 2113 928 2197 Apator,
952 2124 982 2175 et
999 2110 1152 2191 Conditor,
1175 2133 1209 2176 sc
1224 2110 1281 2175 Pa-

137 2238 207 2282 rens
227 2217 399 2303 appellatur.
444 2214 625 2280 Dextrornm
650 2215 802 2293 videlicet,
836 2215 864 2277 id
887 2226 933 2277 est
956 2215 1051 2277 anima
1074 2215 1279 2299 praeditorum,

138 2316 267 2397 Parcus,
290 2317 484 2384 Sinistrornm
501 2339 585 2397 vero,
610 2318 664 2381 boc
681 2329 726 2381 est
740 2327 943 2382 concretorum
960 2338 1023 2379 cum
1038 2314 1177 2394 Materia,
1202 2314 1282 2380 Con-

137 2423 230 2501 ditor,
262 2442 297 2486 ac
318 2419 389 2484 ilex
410 2422 525 2484 demum
547 2421 763 2484 universorum.
808 2420 957 2504 Siquidem
984 2417 1177 2504 Enthymesin
1201 2419 1279 2482 illam

138 2525 277 2610 produnt,
302 2544 366 2587 cum
384 2524 420 2586 nd
433 2524 568 2587 Aeonum
585 2524 724 2587 bonorem
740 2534 771 2587 et
785 2524 906 2607 gloriam
923 2521 1017 2585 moliri
1036 2520 1133 2584 omnia
1148 2531 1279 2605 cuperet,

137 2637 232 2691 certus
251 2647 351 2691 eorum
371 2625 512 2708 imagines
530 2625 673 2703 edidisse,
697 2625 743 2689 vel
761 2646 814 2710 per
829 2626 921 2710 ipsam
939 2624 1035 2710 potius
1053 2625 1081 2688 id
1100 2622 1197 2708 egisse
1216 2621 1282 2688 Sal·

136 2739 288 2807 uatorem,
311 2729 444 2813 adeoque
461 2728 537 2792 illam
552 2728 583 2791 in
600 2728 694 2812 effigie
710 2725 808 2791 Patris
825 2728 873 2811 qni
889 2728 1038 2791 oculorum
1058 2726 1150 2790 visam
1167 2726 1280 2810 elingit,

137 2831 308 2911 retinuisse,
327 2841 359 2895 ut
373 2852 437 2895 earn
453 2830 569 2895 minime
587 2825 731 2894 Conditor
745 2841 954 2912 cognoscerem
978 2832 1053 2894 hunc
1071 2851 1142 2894 vero
1159 2831 1193 2892 ad
1210 2826 1283 2893 Uni·

137 2953 232 3018 genae
248 2933 309 3011 lilii,
334 2934 368 2997 ad
382 2943 547 2997 ceterorum
562 2933 696 2996 Aeonum
710 2931 925 2997 similitudinem
942 2934 1034 2996 iactos
1049 2932 1300 2997 abimelechem·

137 3036 220 3120 gelos
244 3034 433 3121 Angelosqnc
458 3036 613 3121 prodiisse.
664 3033 860 3118 Quamobrem
883 3033 1001 3099 Patrem
1030 3035 1109 3098 illam
1139 3055 1174 3098 ac
1198 3036 1282 3099 deum

139 3137 265 3202 omnium
283 3138 464 3202 constituunt
478 3159 552 3223 qnae
570 3150 655 3202 extra
670 3135 805 3213 Pleroma
821 3138 1011 3214 collocantur,
1035 3137 1219 3220 omniumque
1235 3135 1283 3199 iti·

138 3242 202 3304 dem
222 3240 318 3304 anima
339 3240 386 3305 vel
412 3243 535 3304 materia
558 3241 766 3326 praeditorum.
812 3238 868 3304 Ubi
889 3241 966 3304 enirn
989 3242 1060 3304 duas
1081 3240 1144 3302 illas
1163 3250 1282 3302 naturas

137 3342 216 3407 inter
233 3362 301 3407 sese
319 3346 456 3408 contusas
474 3364 509 3408 sc
526 3343 708 3429 promiscuas
725 3343 911 3428 segregavit,
936 3342 1162 3429 corporibusque
1181 3361 1283 3404 caron-

139 3457 184 3509 tes
199 3446 314 3531 redegit
329 3447 358 3509 in
374 3468 515 3532 corpora,
540 3456 599 3509 tum
617 3447 731 3510 demam
748 3446 888 3509 coelestia
905 3447 1014 3531 pariter
1031 3467 1064 3507 ac
1080 3455 1196 3506 terrena
1214 3463 1283 3505 con·

140 3547 265 3628 didisse,
295 3570 329 3613 ac
347 3549 539 3613 materialium
559 3559 589 3612 et
605 3549 814 3626 animatorum,
845 3549 1014 3613 dextrorum
1032 3567 1067 3610 ac
1085 3545 1280 3622 sinistrorum,

137 3650 244 3717 levium
260 3673 296 3716 ae
311 3652 460 3737 gravium,
485 3672 586 3717 eornm
604 3651 729 3737 deniqne
744 3672 818 3736 qnae
835 3672 950 3714 sursum
967 3661 1016 3713 aut
1032 3651 1167 3711 deorsum
1185 3649 1280 3711 lerno-

138 3764 186 3819 tnr
203 3755 334 3841 opificem
355 3754 504 3820 extitisse.
550 3752 696 3840 Septenos
719 3754 822 3841 quippe
841 3756 984 3817 coelestes
1003 3751 1090 3815 orbes
1108 3750 1279 3828 fabricasse,

138 3877 226 3943 snpra
247 3878 321 3942 quos
343 3853 533 3922 Conditorem
555 3858 716 3937 collocant3
749 3869 835 3941 atque
856 3857 893 3919 ob
916 3855 989 3917 hanc
1010 3874 1142 3917 caussam
1165 3853 1282 3919 Hebdo-

139 3961 251 4024 msdem
270 3980 337 4024 enm
357 3959 524 4038 nominant,
546 3960 588 4023 nti
604 3957 732 4023 Matrem
748 3958 913 4023 Achamoth
932 3953 1120 4041 Ogdoadem,
1150 3978 1207 4041 quo
1224 3957 1282 4040 pri·

138 4062 282 4147 miganiae
294 4083 329 4126 ac
345 4067 453 4147 primae
465 4063 501 4125 de
514 4059 681 4126 Pleromate
695 4058 843 4146 Ogdoadis
858 4081 1008 4124 numerum
1024 4060 1191 4124 observent.
1225 4056 1282 4125 Οι-

138 4165 192 4230 bes
214 4166 280 4229 illos
301 4186 373 4230 vero
395 4174 506 4250 septem
528 4163 675 4249 spiritales
692 4184 759 4228 esse
777 4175 956 4243 memorant,
987 4165 1116 4248 adeoque
1134 4163 1280 4247 Angelos,

137 4305 187 4354 eod.
201 4306 280 4355 Puris
295 4306 341 4354 otri
355 4303 442 4368 quod
432 4318 457 4353 ιιι
474 4317 500 4353 eo
515 4306 574 4353 reete
590 4296 693 4367 apula-qe
725 4304 853 4364 Ιιιίιηιιιι,
870 4304 910 4364 qui
925 4304 992 4352 vertit
1006 4303 1107 4368 Septem
1123 4309 1205 4351 antem
1223 4318 1280 4352 aaa·

140 4376 210 4424 taidi
726 4369 764 4420 los
781 4386 843 4438 quos
860 4368 1039 4421 intellectuales
1057 4386 1110 4419 esse
1127 4368 1214 4419 dicunt
1231 4377 1280 4421 cett.

174 4440 212 4492 tt.
230 4436 260 4494 οο
261 4437 350 4508 pembr
363 4434 425 4494 elsua
438 4434 693 4505 soepodcscripsicum
726 4441 775 4488 ium
793 4442 878 4489 odioso
897 4454 953 4490 usus
972 4445 1005 4490 est
1021 4442 1154 4520 scriptura,
1178 4441 1283 4490 uidelicet

136 4508 268 4571 mm,
288 4508 563 4560 nenecessitatem
582 4509 693 4559 Valentio.
726 4508 848 4569 duplicato
870 4511 954 4559 ultima
977 4511 1041 4559 uocis
1064 4500 1203 4590 adamatis
1208 4512 1282 4568 purte,

137 4590 190 4639 dep
197 4578 239 4629 20.
256 4544 694 4661 bibritomrma‘ptiquumeditiomces
727 4577 905 4638 comprimam
916 4577 1009 4640 quadarn
1023 4577 1111 4640 fumum
1126 4580 1159 4626 est
1173 4566 1226 4642 οὓς,
1243 4577 1282 4625 de·

139 4646 223 4697 babent
237 4638 356 4712 οοραιοος
369 4640 416 4699 oda
431 4640 493 4700 elsua
508 4639 618 4712 conrade
647 4646 693 4696 Vct.
727 4646 780 4694 mdc
797 4639 850 4697 cdx.
