3046 5084
206 347 266 409 596
626 357 748 409 ειοοτι
766 357 935 409 τοιοιιιιιιι

206 473 241 540 ὃν
258 470 338 538 εἶπεν
358 472 377 539 ό
391 472 507 557 κύριος,
535 478 585 549 Τίς
599 501 657 555 μου
673 471 693 554 ἦ
710 471 804 557 μήτηρ
820 476 869 538 καὶ
886 477 916 538 οἱ
930 470 1052 552 ἀδελφοὶ
1057 500 1067 550 3
1095 469 1133 538 ού
1146 470 1204 558 γάρ
1218 470 1358 557 ἀρνούμε·

205 602 256 651 νος
277 574 330 659 την
347 578 456 661 μητέρα
472 573 552 641 ταῦτ’
570 578 644 658 έφη,
671 573 741 640 ἀλλά
758 573 790 640 τό
809 573 935 660 ἀκαιρον
952 573 1124 660 ἀνατρέπων
1140 582 1195 641 τοῦ
1215 572 1359 653 εἰπόντος,

205 677 347 743 τοσούτου
366 677 451 761 όχλου
469 686 660 764 περιεστῶτος
677 680 727 742 καὶ
744 685 797 759 τῆς
815 676 907 743 αῦτοῦ
927 678 979 760 μὶν
994 676 1206 761 σωτηριοὶῦονς
1222 681 1359 745 ἀεθασκα·

204 786 267 856 λίας
281 784 480 865 προχεομένης
494 783 544 845 καὶ
558 778 650 846 αύτοῦ
667 788 702 825 ⁵⁹
713 782 762 845 ἐπὶ
778 779 830 855 τοὶς
849 780 940 856 ι’ύσεις
956 782 1006 846 καὶ
1020 778 1053 846 τό
1067 778 1207 865 κήρυγμα
1222 777 1358 865 ἀσχολου-

205 885 303 964 μένου.
346 882 555 967 Ἀπασγόλησις
572 882 629 968 γάρ
649 882 744 948 ἐδόκει
764 880 838 948 εἶναι
855 882 889 948 τό
911 881 963 949 τόν
982 880 1103 948 εἰπόντα
1121 881 1255 963 ἐκκόψαι
1272 880 1360 949 αύτόν

204 984 253 1048 ῦιοὶ
273 992 372 1050 60τοῦ
389 989 495 1064 εἰπεῖν,
523 985 616 1065 Ἰδού,
647 982 667 1068 ἡ
681 984 774 1069 μήτηρ
795 1008 865 1064 σου,
892 987 943 1050 καὶ
960 988 991 1050 οὶ
1006 983 1129 1065 ἀδελφοὶ
1143 1006 1210 1052 σον.
1256 988 1318 1051 Καὶ
1335 988 1360 1051 εὶ

204 1086 245 1170 μή
264 1086 310 1153 ότι
326 1087 375 1153 ῦιοὶ
392 1097 484 1172 χαρᾶς
502 1092 595 1171 ἔσχεν,
619 1085 671 1169 ούχ
689 1085 729 1163 τὶς
745 1085 861 1172 ἀγνοῶν
876 1087 921 1153 ότι
937 1086 1027 1169 ἥκασι
1042 1085 1100 1171 πρό
1119 1094 1173 1153 τοῦ
1191 1085 1357 1171 ἀκηκοέναι,

205 1186 275 1252 ἀλλά
289 1191 516 1276 προγιγνώσκων
529 1190 574 1256 ότι
589 1193 643 1267 έξω
659 1188 827 1272 ἑστήκασιν·
846 1191 909 1255 ἐπεὶ
923 1188 959 1254 ἀν
974 1188 1033 1273 μετ’
1047 1193 1196 1273 ἐπιτιμίας
1211 1190 1267 1275 τήν
1279 1190 1357 1257 ἀκαι-

204 1317 257 1375 ρον
279 1299 333 1356 τοῦ
358 1292 492 1370 εἰπόντος
515 1291 619 1375 φωνην
643 1290 810 1378 ἀνέτρεψεν.
852 1290 904 1369 Ὡς
928 1295 978 1358 καὶ
1001 1301 1042 1381 τῷ
1066 1294 1172 1381 Πέτρφ
1197 1294 1272 1360 ποτὶ
1292 1296 1358 1377 ἔφη,

202 1392 330 1460 Ἀπόστα
348 1393 398 1461 ἀπ’
413 1399 486 1479 ἐμοῦ
495 1447 502 1475 ,
525 1402 662 1474 Σατανᾶ,
685 1394 730 1461 ότι
745 1392 782 1460 ού
797 1404 919 1479 φρονεῖς
932 1394 968 1460 τά
984 1403 1038 1461 τοῦ
1051 1402 1137 1475 θεοῦ,
1160 1392 1236 1463 ἀλλά
1251 1394 1289 1463 τά
1302 1404 1359 1463 τεὶν

205 1494 382 1583 ἀνθρώπων.

288 1701 373 1786 Σγόλ.
394 1701 438 1788 ιγ’.
470 1704 626 1769 Πλεόντων
645 1701 741 1768 αύτιῦν
758 1700 951 1783 ἀφύπνωσεν·
975 1699 1040 1770 όῦὶ
1056 1706 1191 1791 ἐγερθεὶς
1206 1706 1358 1789 ἐπετίμησε

202 1812 242 1894 τῷ
266 1802 362 1894 ἀνέμῳ
384 1807 434 1870 καὶ
456 1812 492 1894 τῇ
513 1805 658 1895 θαλύσση.

279 1906 389 1992 Ἔλεγχ.
408 1906 452 1993 ιγ’.
490 1912 540 1984 Τίς
560 1908 691 1986 ύπνωσε;
722 1910 797 1994 λέγε·
827 1910 894 1994 περὶ
916 1915 969 1990 τῆς
984 1906 1127 1993 θεότητος
1148 1906 1188 1975 ού
1205 1908 1361 2003 τολμήσεις

201 2012 301 2097 λέγειν.
345 2014 389 2074 Εἰ
403 2012 434 2075 δὲ
449 2009 506 2074 κάν
525 2014 629 2088 εέποις,
651 2010 727 2075 κατά
748 2020 778 2058 ⁶¹
792 2018 845 2093 τῆς
862 2009 955 2076 αύτοῦ
970 2018 1109 2095 κεφαλῆς,
1130 2014 1271 2096 θεήλατε,
1293 2016 1356 2095 filu·

202 2111 374 2196 σφημήσεις.
421 2115 517 2176 Παντὶ
534 2115 565 2178 ὁέ
582 2141 622 2202 τῳ
638 2112 727 2196 δῆλόν
743 2116 820 2178 έστιν
836 2112 882 2179 ὅτι
897 2111 914 2180 ό
931 2116 962 2179 έν
978 2112 1101 2203 ἀληθεὶμ
1117 2113 1356 2201 ένανθρωπήστς

200 2215 299 2281 ύπνου
313 2214 427 2304 χρῄζων
443 2213 493 2280 ιὶιά
507 2213 540 2281 τό
557 2215 724 2299 σωματικόν
737 2214 880 2281 ῦπνωσεν.
928 2220 969 2281 Oi
980 2216 1036 2303 γάρ
1048 2214 1140 2283 αάτόν
1154 2220 1356 2293 damnamus

82 2344 131 2386 νοτ·
145 2334 189 2376 ³21.
204 2316 241 2383 ού
266 2316 388 2400 δόκησιν
413 2316 507 2397 εἶδον,
539 2317 609 2383 ἀλλά
630 2317 858 2402 ένανθρύπησιν
882 2316 1035 2402 ἀληθινήν.
1078 2316 1188 2401 Ἀμέλει
1213 2322 1294 2407 χερσὶ
1316 2348 1356 2387 τι·

203 2428 321 2496 νοῦντες
337 2422 387 2485 καὶ
407 2418 596 2503 φωνήσαντες
612 2427 794 2507 μαρτυροῦσι
811 2421 857 2487 ὅτι
872 2420 999 2507 ἤγειραν.
1042 2419 1184 2498 ’Λναστάς
1199 2420 1274 2509 γάρ,
1302 2448 1355 2505 φη-

202 2525 258 2600 σὶν,
277 2520 295 2588 ό
309 2525 466 2606 κοιμηθεὶς
481 2521 564 2601 θεός,
580 2521 771 2608 σαρκοφόρος
784 2519 802 2588 ό
817 2522 867 2589 ἀπ’
881 2521 1012 2609 ούρανοῦ
1026 2522 1180 2591 κατελθτόν
1194 2528 1249 2591 καὶ
1263 2523 1355 2609 σάρκε

202 2622 239 2689 δι’
257 2623 335 2708 ἡμᾶς
352 2623 584 2707 ἀμφιεσάμενος,
615 2623 730 2712 ἠγέρθη
752 2626 805 2708 μὲν
827 2624 868 2703 οὶς
886 2624 1063 2713 ἀνθρωπος,
1093 2628 1251 2713 ὶπετλμησε
1266 2628 1301 2693 ῦὶ
1314 2622 1354 2703 τός

146 2784 149 2789 .
202 2725 274 2804 θεός
295 2736 332 2818 τῇ
353 2726 504 2818 θαλάσση,
527 2730 577 2794 καὶ
603 2729 791 2811 Μἐκοίμησε.

285 3034 372 3119 Σγόλ.
389 3035 435 3101 τό.
472 3033 646 3121 63Ἐγένετο
663 3038 695 3102 έν
708 3044 749 3125 τῷ
764 3034 890 3123 ύπάγειν
904 3035 1006 3117 αῦτόν,
1027 3039 1206 3125 συνέπνιγον
1221 3036 1358 3105 αύτόνοὶ

200 3266 279 3325 ριος,
313 3243 364 3316 Τίς
385 3268 442 3324 μου
464 3241 578 3323 ἥψατο,
607 3244 657 3306 καὶ
679 3241 781 3321 πόλιν,
802 3240 924 3324 Ἥψατό
942 3240 1001 3325 μού
1016 3269 1068 3320 τις.
1112 3245 1174 3309 Καὶ
1190 3242 1356 3333 γάρέγνιε

200 3343 326 3426 δύναμιν
348 3347 526 3420 ἐξελθοῦσαν
551 3342 600 3408 ἀπ’
623 3347 705 3426 ἐμοῦ.

275 3444 386 3531 Ἔλεγχ.
404 3445 449 3511 ιδ’.
481 3444 530 3511 Ἐν
551 3454 590 3535 τῷ
614 3444 736 3533 ύπύγειν
758 3445 883 3525 αύτούς,
912 3450 963 3513 καὶ
985 3444 1042 3513 ούκ
1057 3444 1140 3513 εἶπεν
1153 3446 1206 3515 Ἐν
1221 3456 1263 3541 τᾷ
1280 3446 1355 3517 ἀντὶ·

200 3573 261 3633 γειν
276 3546 376 3629 αὐτόν,
398 3552 449 3614 ἵνα
463 3548 503 3632 μή
518 3551 622 3635 ἑτέρως
638 3548 728 3616 αύτόν
741 3554 907 3634 σγηματὶσει
917 3548 1000 3636 παρά
1013 3548 1068 3633 τήν
1083 3558 1143 3617 τῶν
1157 3544 1354 3641 όῦσεκοροεὶε-

199 3677 259 3716 των
281 3648 472 3717 ἀκολουθίαν.
520 3651 559 3717 Τό
583 3653 630 3731 δὲ,
660 3654 844 3739 Συνέπνιγον
867 3651 959 3719 αύτόν
981 3656 1012 3719 οὶ
1033 3650 1128 3737 ὄχλοι,
1159 3662 1280 3739 πνεῦμα
1301 3652 1354 3723 σῦκ

198 3751 347 3835 ἠδύναντο
371 3758 544 3839 συμπνέγειν
570 3758 601 3820 οἱ
623 3753 709 3838 όγλοι.
754 3754 837 3839 sthur}
859 3756 892 3821 ὀὶ
914 3753 1055 3839 ἁψαμένη
1080 3758 1133 3821 καὶ
1156 3758 1281 3825 λυθεῖσα
1301 3754 1354 3825 θῦε

199 3854 286 3940 ἀέρος
298 3856 414 3938 ἥψατο,
438 3855 508 3923 ἀλλά
524 3855 606 3941 ἀφῆς
620 3857 817 3939 ἀνθρωπείας.
851 3858 919 3925 Ἵνα
931 3857 987 3945 γάρ
1001 3862 1081 3947 ῦεέξη
1095 3856 1141 3925 ότι
1156 3856 1226 3945 ούγὶ
1238 3858 1354 3947 ἀνιήσει

199 3957 292 4040 μόνον
306 3955 327 4041 ἦ
341 3956 405 4042 ύφή
420 3968 473 4026 τοῦ
490 3959 625 4043 στόματος
641 3958 733 4027 αύτοῦ
747 3958 807 4027 ύπό
822 3968 875 4044 τῆς
890 3959 1030 4048 γυναικός
1041 3962 1204 4047 γεγένηται,
1226 3962 1355 4031 Minu

198 4061 306 4145 λέγων,
333 4066 383 4138 Τίς
398 4089 457 4144 μου
474 4062 588 4145 ἥψατο,
610 4066 660 4130 καὶ
677 4062 734 4151 γάρ
753 4067 846 4150 ἔγνων
861 4062 989 4148 δύναμιν
1005 4066 1186 4143 ἐξελθοῦσαν
1201 4062 1256 4133 ἀπ’
1273 4068 1353 4153 ἐμοὶ

279 4265 365 4349 Σχόλ.
383 4267 424 4332 ιε’.
453 4264 636 4352 Ἀναβλέψας
649 4272 691 4347 εὶς
703 4268 775 4347 τούς
789 4268 937 4357 ούρανούς
950 4268 1112 4357 ηάλόγηστν
1128 4268 1223 4339 “ln’
1237 4270 1352 4349 αύτούς.

231 4404 339 4467 5113ss
357 4410 419 4471 quod
432 4410 511 4458 deerat
527 4412 551 4459 λυ
565 4412 601 4460 ed.
613 4414 697 4474 μεῖνα,
714 4414 760 4463 Ρτ-
819 4408 861 4463 62.
875 4410 1299 4479 έκοὶμησεκιτοφειίτελστοττλμ
1312 4414 1353 4465 Po·

199 4476 275 4525 ίονίυε
291 4492 320 4526 ετ
337 4479 388 4526 τοῦ.
407 4479 481 4527 Vario.
497 4479 589 4528 adiecit
791 4478 1070 4543 λονὶοφλοταελέπανσι
1095 4480 1352 4535 cmuffl·

231 4542 272 4593 (ιλ).
290 4544 334 4596 τοῦ
352 4548 404 4595 τοῦ.
421 4548 542 4598 Vastan·
542 4543 659 4611 &reliqui
671 4550 733 4599 λίλκέ.
791 4558 817 4599 et
833 4558 889 4599 tran
908 4548 1039 4601 uillitnten
1053 4546 1124 4599 sedt-
1157 4547 1353 4617 mm

230 4608 270 4661 θλ.
288 4614 407 4675 ὃτνιρλαικ
423 4614 494 4675 sume
509 4578 567 4678 φιὶλο
587 4614 638 4681 τῆς
655 4616 757 4671 σαυτοῦ.
791 4566 914 4669 habenti.
905 4614 1006 4685 τοὶησε.
