3046 5084
207 332 267 423 594
629 340 933 391 οινοτιενινιιινιι

208 458 292 525 ω’που
309 455 411 539 αὐτοῦ,
434 458 490 545 πρό
506 457 665 539 προςιόπου
678 461 747 523 υίοῦ
762 460 794 523 έκ
810 454 921 541 πατρός
933 456 1108 538 τιμωμένου.
1154 452 1200 521 Οιί
1214 454 1273 541 γόρ
1285 451 1353 521 όπέ-

208 571 299 628 στελλε
318 562 368 627 τόν
386 558 477 626 αότοῦ
494 558 614 646 όγγελου
630 558 768 648 ἀλλοτρίῳ
786 557 1086 643 έξυπηρετησόμενον,
1109 560 1191 645 είπερ
1208 559 1260 623 ιιαλ
1278 554 1353 623 όντί·

208 676 294 740 θετος
316 656 355 745 ήν
377 660 485 742 αὐτοῦ,
508 661 582 728 κατόν
603 662 654 727 τόν
676 686 745 742 σου,
768 655 792 729 σί
814 666 976 746 Μαρκίων,
998 660 1092 746 λόγον.

291 765 376 848 Σχόλ.
395 765 434 830 ι’.·
453 767 512 829 Καὶ
533 764 670 840 εἰςελθοίν
690 768 730 841 είς
749 763 801 831 τόν
818 761 901 831 οίκου
919 771 972 830 τοῦ
992 767 1159 848 Φαρισαίου
1178 766 1351 845 κατεκλίθη·

206 866 226 951 ή
242 870 274 933 δὲ
291 866 366 954 γυνή
382 875 472 933 στᾶσα
489 865 598 947 όπίοω,
619 864 838 953 ήόμαρτωλός,
860 865 941 953 παροί
956 864 1027 943 τοός
1042 865 1154 947 πόδας,
1176 868 1277 951 ίβρεξε
1294 874 1354 941 τοῖς

208 970 332 1057 δάκρυσι
357 968 470 1045 Μτοός
492 968 587 1045 πόδας
608 972 657 1035 καί
679 969 796 1053 ήλειψε,
822 972 872 1035 καὶ
893 974 1048 1051 κατεφίλει.

283 1072 394 1158 Ἕλεγχ.
410 1070 437 1135 ι’.
473 1070 511 1136 Τό
527 1071 680 1147 Είςελθοδν
695 1080 778 1155 σῶμα
793 1076 952 1138 δείκνυσιν·
974 1068 1057 1138 οίκου
1071 1070 1126 1158 γδρ
1142 1075 1285 1149 δείκνυσι,
1305 1070 1353 1135 καί

206 1177 311 1261 μέτρον
332 1173 472 1256 σώματος.
517 1176 577 1238 Καὶ
597 1173 630 1239 τό
646 1182 860 1257 κατακλιθῆναι
881 1172 1005 1251 οὐδενός
1025 1176 1118 1253 έστιν,
1149 1170 1209 1239 ἄλλ’
1229 1170 1252 1255 ἢ
1274 1162 1353 1237 Μοδ

207 1284 291 1360 σῶμα
310 1275 435 1362 όγκηρόν
453 1273 485 1339 τό
504 1281 719 1359 κατακείμενον.
763 1279 823 1341 Καὶ
845 1275 878 1343 τό
899 1275 951 1360 τήν
968 1286 1094 1363 γυναῖκα
1109 1278 1213 1361 βρέξαι
1227 1282 1291 1351 τοῖς
1305 1272 1352 1339 δό-

207 1402 293 1465 κρυσι
308 1377 376 1454 τοδς
389 1381 500 1456 πόδας,
523 1376 560 1444 ου’
577 1384 740 1460 φαντασίας
755 1378 861 1460 πόδας,
882 1377 952 1445 οὐδὲ
967 1377 1123 1463 δοκήσεως.
1158 1376 1286 1459 ’Ἡλειψε
1302 1372 1354 1463 γδρ

208 1484 258 1548 καὶ
277 1485 373 1568 ἔβρεξε
395 1484 445 1547 καλ
466 1486 627 1562 κατεφίλει,
654 1490 707 1567 τῆς
728 1479 809 1565 οἱφής
829 1489 882 1548 τοῦ
904 1479 1038 1565 σοι’ματος
1059 1481 1273 1563 αἰσθανομένη.

292 1685 376 1771 Σχόλ.
391 1686 436 1753 ια’.
468 1689 528 1752 Καὶ
542 1685 638 1765 πόλιν,
660 1686 745 1770 Αὕτη
759 1696 820 1765 τοῖς
831 1687 973 1774 δοίκρυσιν
986 1690 1083 1773 έβρεξε
1095 1683 1165 1763 τοδς
1176 1683 1276 1763 πόδας
1287 1710 1354 1769 μου,

208 1793 258 1857 καὶ
279 1789 397 1872 ήλειψε,
419 1792 470 1855 καί
491 1795 646 1883 κατεφίλει.

280 1892 390 1977 ’Ἐλεγγ
406 1891 452 1956 ια’.
475 1892 542 1956 Ἵνα
558 1892 598 1975 μή
614 1896 744 1983 νομίσης,
768 1885 791 1959 ὦ
806 1897 964 1978 Μαρκίων,
986 1891 1078 1975 μόνον
1090 1894 1266 1975 νομίζεσθαι
1277 1886 1354 1973 παρέ

208 1994 382 2082 οίνθροόκοις
398 1993 451 2079 τήν
467 1992 639 2080 όμαρτωλόν
655 2005 779 2081 γυναῖκα
792 1995 861 2072 τοδς
877 1994 973 2071 πόδας
994 2002 1047 2061 τοῦ
1063 2001 1196 2079 σωτῆρος
1212 1995 1314 2081 βρέξαι
1329 2018 1355 2059 τε

207 2101 258 2165 καλ
274 2096 393 2179 οίλείψαι
409 2100 459 2163 καὶ
474 2100 754 2180 καταπεφιληκέναι,
777 2096 865 2174 αότός
880 2094 898 2164 ό
914 2096 1010 2183 σωτήρ
1026 2099 1208 2181 έπιβεβιιιοῖ,
1230 2094 1269 2166 οδ
1284 2092 1356 2163 mi

208 2200 330 2284 δόκησιν
346 2207 438 2265 ταῦτα
455 2208 631 2286 γεγενῆσθαι
649 2199 815 2280 διδάσκων,
837 2199 907 2266 οίλλδ
923 2203 954 2279 έξ
970 2198 1125 2283 οίληθείας,
1147 2198 1226 2285 πρός
1244 2201 1357 2287 ἴλιγγον

208 2310 260 2369 τοῦ
279 2307 444 2388 Φαρισαίου
465 2306 515 2368 καί
534 2311 589 2368 σοῦ
606 2310 659 2368 τοῦ
677 2307 860 2388 Μαρκίωνος
874 2306 926 2368 καί
941 2310 1000 2369 τῶν
1015 2299 1090 2369 κατοί
1105 2302 1153 2381 σδ,
1184 2302 1354 2387 διισχυριζό-

208 2432 294 2491 μενος
308 2407 359 2471 ιιαλ
374 2408 475 2493 λέγων,
498 2403 583 2487 Αὕτη
599 2404 669 2482 τοδς
684 2404 780 2482 πόδας
795 2431 854 2488 μου
868 2404 972 2489 ἤλειφε
985 2408 1037 2471 ιιαλ
1051 2408 1207 2485 κατεφίλιι.
1253 2402 1357 2481 Πόδας

208 2510 240 2573 δέ
260 2512 380 2588 ποίους,
412 2503 470 2573 ἄλλ’
490 2506 512 2590 ή
529 2506 599 2584 τοός
622 2509 654 2573 έιι
677 2506 786 2593 σαρκός
806 2509 857 2573 καί
878 2504 988 2575 όστέων
1007 2510 1059 2575 καί
1078 2514 1138 2573 τοῖιν
1153 2504 1250 2575 δλλων
1263 2502 1357 2593 δικόρ-

207 2637 327 2694 γοντας,·
1182 2676 1186 2691 ,

293 2710 377 2797 Σχόλ.
397 2715 443 2795 ιβ’.
480 2710 543 2779 Οὔκ
567 2709 655 2795 εἶχεν,
684 2709 723 2777 Ἡ
741 2711 836 2798 μήτηρ
862 2709 955 2779 αδτοῦ
978 2714 1028 2779 καί
1053 2716 1085 2779 οί
1105 2710 1232 2795 τίδελφοδ
1255 2710 1357 2793 affl,

208 2815 279 2883 α’λλοί
301 2814 408 2897 μόνον,
428 2812 467 2879 Ἡ
484 2812 578 2901 μήτηρ
599 2837 653 2882 σου
674 2818 726 2880 καὶ
746 2819 777 2881 οί
795 2813 918 2897 ιίδελφοί
938 2838 1002 2882 σου.

88 2958 138 3005 pag.
152 2943 195 2989 τιε.
284 2916 395 3004 Ἔλεγγ.
415 2915 461 2999 ιβ.
492 2915 559 2982 Κόν
574 2943 604 2982 τε
620 2916 755 3000 οίνωτέρω
770 2916 966 3009 παρακόψης,
988 2910 1014 2983 οδ
1028 2920 1195 3003 Μαρτίων,
1216 2916 1252 2985 τό
1267 2916 1358 3003 βητδν

208 3027 261 3087 τοῦ
278 3018 456 3105 εὐαγγελίου,
478 3023 528 3086 ἵνα
542 3023 669 3110 ποιήσης
685 3019 736 3087 τόν
750 3018 952 3107 εόαγγελιστήν
966 3018 1009 3103 μή
1020 3022 1282 3113 συντιθέμενσντῇ
1297 3018 1359 3089 διό

209 3150 297 3189 τινων
310 3126 435 3211 βηθείση
453 3124 524 3201 λέξει
540 3122 600 3203 ότι,
622 3120 660 3186 Ἡ
672 3121 766 3209 μήτηρ
783 3145 837 3190 σου
843 3175 852 3204 ,
874 3126 925 3189 καί
939 3126 971 3190 οί
984 3120 1109 3205 όδελφσί
1122 3144 1193 3205 σου,
1214 3122 1254 3193 αὖ
1268 3122 1356 3191 δόκ-

208 3248 257 3292 σαι
272 3224 458 3313 ὑπερβαίνειν
479 3224 533 3308 τήν
550 3223 702 3307 ἀλήθειαν.
746 3225 806 3291 Διό
827 3230 854 3291 τί
874 3225 929 3312 γδρ
951 3224 992 3309 μή
1013 3223 1122 3303 πολλός
1137 3224 1258 3293 διτόλεσε
1273 3228 1357 3311 μητέ-

210 3356 277 3417 ραςς
300 3327 351 3393 διό
364 3332 392 3392 τί
407 3326 446 3411 μή
461 3324 569 3403 πολλός
583 3324 644 3393 είπε
659 3334 815 3414 πατρίδαςς
851 3328 948 3395 Πόσοι
962 3330 1042 3395 πόσα
1055 3330 1258 3415 λέγουσιπερὶ
1276 3326 1356 3415 Ομή·

209 3459 284 3518 ρου,·
307 3429 387 3496 δι’λλοι
403 3432 455 3513 μὲν
471 3428 636 3516 Αίγύπτιον
654 3430 831 3512 φάσκοντες,
852 3428 933 3497 ἄλλοι
947 3432 978 3497 δὲ
998 3438 1091 3511 Χῖον,
1113 3428 1196 3499 ἄλλοι
1212 3430 1357 3515 Κολοφὸ-

208 3560 287 3615 νιον,
320 3532 399 3599 όλλοι
423 3531 544 3619 Φρύγα,
578 3532 656 3599 ίίλλοι
680 3542 868 3620 Σμυρναῖον,
902 3536 1079 3617 ΜΜέλητος
1101 3536 1154 3601 καί
1177 3538 1355 3621 Κριθηίδσς,

207 3634 369 3718 Ἀθηναῖον
387 3638 418 3700 δὲ
435 3634 526 3701 αὐτόν
544 3640 574 3701 οί
586 3638 652 3721 περὶ
669 3634 854 3721 Ἀρίσταρχον
871 3633 1075 3720 α’πεφήναντο·
1097 3634 1178 3705 ἄλλοι
1193 3638 1229 3705 δδ
1241 3636 1355 3717 Λυδόν,

210 3738 359 3819 Μαιόνος,
381 3737 461 3804 όλλοι
475 3740 507 3803 δέ
522 3737 668 3823 Κύπριον,
692 3738 944 3824 ΜΠροποδιόδος
957 3742 1137 3825 περιοικίδας
1150 3746 1204 3823 τῆς
1223 3746 1356 3807 “ma-

210 3846 314 3927 μινίων
330 3843 519 3927 περιμέτρου,
547 3846 599 3907 καί
614 3845 661 3906 τοί
676 3867 707 3927 γε
721 3840 892 3927 όίνθρωπον.
935 3841 996 3908 Διό
1014 3842 1046 3909 δδ
1062 3839 1098 3909 τό
1114 3844 1147 3909 έν
1163 3850 1289 3923 πολλοῖς
1302 3870 1355 3913 ιι-

208 3949 284 4031 τρίσι
303 3950 478 4030 γεγενῆσθαι
500 3943 624 4020 πολλοδς
645 3947 687 4020 είς
708 3944 854 4030 διοίφορον
875 3942 1025 4031 όφήγησιν
1045 3946 1192 4029 ἐλήλακεν.
1230 3938 1356 4015 Ὦδιδδ

209 4050 277 4132 περὶ
297 4054 373 4112 θεοῦ
394 4048 522 4132 λε’γοντες
543 4050 594 4112 καί
613 4054 742 4133 Χριστοῦ
766 4045 803 4113 οιί
824 4046 931 4125 πολλός
948 4044 1095 4130 δπέλαβον
1110 4048 1259 4135 unam·
1286 4046 1355 4119 ι’δλδ

209 4148 264 4231 τήν
286 4155 354 4233 μίαν
375 4146 430 4232 τήν
451 4148 544 4224 όντως
565 4146 655 4216 αὐτόν
675 4158 895 4236 γεγενυηκυῖαν·
925 4152 977 4217 καί
998 4146 1035 4217 od
1053 4148 1182 4229 πολλοδς
1198 4148 1355 4237 τίδιλφεδς,

210 4249 281 4315 αλλοί
300 4250 369 4329 τοδς
389 4251 474 4327 υίοδς
489 4249 596 4335 Ἰωσήφ
618 4254 651 4319 έιι
671 4260 723 4337 τῆς
739 4250 832 4331 όντως
851 4250 944 4321 αὐτοῦ
959 4250 1048 4336 όλλης
1062 4250 1220 4339 γυναικός·
1248 4258 1303 4325 καλ
1319 4252 1356 4325 η’

210 4350 334 4418 δόνασαι
354 4352 428 4419 κατοί
448 4361 502 4438 τῆς
520 4351 660 4437 οίληθείας
675 4353 852 4436 ὁπλίζεσθαι.
896 4358 957 4421 Καί
973 4353 1015 4441 μή
1033 4378 1066 4421 σε
1078 4352 1220 4425 κλσνότω
1236 4354 1257 4427 ό
1272 4356 1356 4451 λέγει

243 4504 284 4561 54.
300 4513 389 4562 Addidi
404 4514 446 4563 λοο
457 4509 516 4571 τοὺς
529 4507 609 4573 πόδας
622 4515 685 4577 quod
697 4517 722 4564 ιιι
734 4517 764 4565 λε·
796 4517 900 4580 gemello.

209 4580 257 4629 bns
270 4580 764 4645 αττεμποοιομοπιιιωωαο
829 4584 870 4637 οε.
887 4572 918 4639 οδ
935 4584 966 4637 τι
985 4596 1038 4637 τοι
1056 4582 1152 4635 aaut.
1186 4584 1354 4643 ouum
