3046 5084
291 318 350 378 174
708 325 829 376 δλΝίλΤΙ
847 323 1012 375 EPIPHANH

290 461 396 525 ψαιμι,
418 440 513 524 όίςπερ
529 443 695 522 βασιλίσκου
710 438 789 514 τινός
807 439 905 518 όφεως
920 437 954 504 τό
969 435 1137 523 πρόςωπον,
1159 439 1201 512 είς
1215 436 1310 520 λόμην
1326 443 1440 520 μᾶλλον

289 552 349 611 τοῖν
369 540 618 625 ἐντυγχανόντων,
646 540 721 624 ἤπερ
742 544 784 616 είς
806 540 977 624 διόρθωσιν.
1022 542 1143 623 Χραίνει
1164 540 1216 622 μέν
1237 537 1293 624 γάρ
1314 537 1351 603 τά
1372 533 1439 606 σῖτα

289 644 409 726 άληθῶς
425 640 445 724 ή
461 647 513 724 τῆς
531 642 656 727 μεγάλης
671 640 779 723 τόλμης
794 641 967 724 βλάσφημος
985 639 1155 725 συναγωγή,
1184 642 1236 705 καί
1251 648 1304 722 τής
1320 640 1438 726 αἰσχρό-

288 772 374 828 τητος
391 742 466 824 αότή
483 743 606 829 συλλογή
622 768 652 807 τε
668 744 718 807 καλ
734 742 884 829 διήγησις,
905 745 956 807 καὶ
971 739 992 824 ή
1007 750 1060 823 τῆς
1074 739 1437 830 άγυρτοίδουςαίσγρονρ-

288 852 354 933 γίας
368 844 563 929 βορβορώδης
577 843 729 910 κακόνοια.
775 844 863 928 Παρά
876 865 935 908 τισι
948 845 980 908 δέ
997 842 1084 923 φόσει
1100 846 1296 927 Βορβοριανολ
1312 851 1437 908 καλοῦν-

287 976 352 1026 ται,
381 950 473 1030 ἕτεροι
491 947 523 1010 δέ
541 944 726 1021 Κοδδιανοῦς
745 944 853 1020 αῦτοῦς
869 948 1084 1026 ἐπιφημίζουσι.
1129 944 1233 1009 Κοδδά
1250 944 1306 1030 γάρ
1323 946 1438 1030 λέγεται

287 1047 362 1115 ιιατά
374 1046 429 1130 τήν
441 1044 595 1129 Συριακὴν
610 1045 759 1111 διάλεκτον
773 1047 922 1129 παροψὶς,
944 1045 965 1127 ή
979 1049 1124 1129 τρυβλίον,
1146 1044 1206 1110 άπό
1219 1054 1273 1111 τοῦ
1288 1044 1328 1128 μή
1343 1045 1436 1111 δῦναι

289 1154 362 1216 σθαί
373 1175 454 1222 τινας
468 1145 525 1229 μετ’
539 1144 636 1210 αότοῖν
649 1149 771 1224 ἐσθίειν,
785 1144 846 1210 κατ’
862 1150 940 1210 λδίαν
953 1147 985 1210 δὲ
1000 1155 1061 1221 τοῖς
1073 1149 1281 1229 μεμιαμμένοις
1295 1151 1437 1214 δίδοσθαι
1483 1153 1486 1156 ⁴

288 1250 324 1316 τά
342 1249 493 1334 βρώματα.
523 1249 574 1311 καλ
590 1246 631 1329 μή
646 1273 709 1311 τινα
725 1247 872 1312 δῦνασθαι
889 1245 945 1312 σόν
961 1245 1062 1323 αῦτοῖς
1079 1246 1129 1313 διά
1144 1247 1197 1314 τόν
1214 1247 1361 1331 μολυσμόν
1376 1247 1437 1315 κάν

289 1352 378 1436 άρτον
394 1353 567 1414 συνεσθίειν.
611 1347 670 1412 Διά
687 1374 733 1413 τοι
749 1356 833 1413 τοῦτο
850 1346 1075 1434 άφωρισμένους
1090 1348 1214 1425 τούτους
1231 1346 1392 1434 ήγοόμενοι
1407 1353 1440 1416 οἱ

290 1454 475 1535 συμμέτοικοι
493 1447 679 1524 Κοδδιανοῦς
695 1448 900 1532 ἐπωνόμασαν.
939 1453 978 1514 Οἱ
990 1448 1075 1514 αῦτολ
1089 1452 1121 1515 δέ
1137 1454 1169 1516 ἐν
1182 1451 1325 1540 Αἰγύπτῳ
1340 1460 1437 1536 Στρα-

289 1555 418 1619 τιωτικολ
439 1558 611 1629 καλοῦνται,
640 1553 692 1615 καλ
711 1555 901 1632 Φιβιωνῖται,
933 1549 974 1626 οῖς
995 1550 1056 1616 άνω
1079 1578 1130 1633 μοι
1150 1555 1181 1616 ἐν
1203 1555 1283 1637 μέρει
1299 1555 1436 1618 λέλεκται.

293 1656 376 1729 Τινὲς
401 1654 433 1718 δὲ
456 1650 564 1726 αῦτοῦς
587 1656 751 1734 Ζακγαίους
771 1660 924 1733 καλοῦσιν,
953 1653 1034 1717 άλλοι
1056 1654 1088 1717 δέ
1108 1657 1298 1734 Βαρβηλίτας.
1329 1653 1438 1737 Ὅμως

289 1758 353 1823 ἐπεὶ
374 1753 444 1820 οῦδὲ
469 1761 628 1837 παρελθεῖν
646 1753 809 1835 δυνήσομαι
830 1753 900 1834 ὅλα,
929 1752 1127 1839 ἀναγκάζομαι
1143 1757 1273 1830 ἐξειπεῖν.
1315 1753 1436 1838 Ἐπειδή

288 1861 338 1923 καὶ
361 1854 378 1922 ό
401 1855 483 1941 άγιος
500 1862 636 1937 Μωῦσής
653 1852 712 1920 άπό
730 1854 896 1937 πνεόματος
912 1854 998 1941 άγίου
1016 1853 1239 1938 ἐμφορούμενος
1256 1855 1362 1942 γράφει
1378 1855 1436 1936 ότι,

287 1957 356 2023 Ἐάν
373 1984 417 2034 τις
438 1961 488 2046 ίδη
509 1955 605 2037 φόνον
625 1958 674 2020 καῖ
696 1954 736 2039 μή
758 1954 926 2046 άναγγείλη,
957 1956 1168 2043 ἐπικατάρατος
1187 1956 1205 2022 ό
1226 1966 1358 2034 τοιοῦτος
1379 1961 1436 2040 εἴη.

290 2058 403 2144 Διόπερ
425 2056 460 2123 οῦ
481 2056 608 2139 δόναμαι
630 2066 733 2122 τοῦτον
752 2056 805 2123 τόν
821 2061 911 2143 μέγαν
927 2058 1024 2139 φόνον
1044 2061 1095 2123 καλ
1113 2057 1167 2141 τήν
1185 2060 1310 2145 μεγάλην
1327 2061 1437 2141 ταύτην

290 2159 414 2244 φονιόδη
435 2162 572 2244 ἐργασίαν
594 2168 753 2243 παρελθεῖν
774 2162 825 2224 καὶ
846 2158 911 2242 οῦγλ
929 2165 1023 2242 δηλοῦν
1040 2165 1177 2242 δηλῶσαι.
1220 2159 1362 2244 Δηλοόσας
1378 2158 1435 2246 γάρ

289 2267 363 2346 τάχα
382 2271 444 2338 τοῖς
465 2269 595 2336 συνετοῖς
615 2259 648 2326 τό
671 2268 776 2343 πτῶμα
796 2268 899 2339 τοῦτο,
930 2261 1025 2348 ιῦςτιερ
1045 2261 1078 2326 τό
1095 2264 1190 2347 φρέαρ
1211 2270 1263 2345 τῆς
1282 2261 1434 2340 ἀπωλείας,

291 2365 388 2449 φόβον
403 2365 454 2428 καλ
466 2367 565 2446 φρίξιν
581 2361 741 2444 ἐμποιήσω,
763 2365 805 2437 είς
818 2361 851 2426 τό
866 2360 906 2444 μή
919 2365 1011 2444 μόνον
1025 2362 1191 2448 άποδρῦναι
1200 2362 1270 2440 τοῦς
1285 2360 1434 2441 σννετοῦς,

290 2465 360 2532 άλλά
377 2467 428 2530 καλ
440 2462 635 2529 καταλιθάσει
650 2462 702 2528 τόν
719 2466 750 2528 ἐν
764 2469 805 2550 τρῖ
821 2467 967 2552 βαράθρῳ
981 2472 1087 2530 τοῦτον
1101 2464 1218 2531 σκολιόν
1233 2463 1303 2546 όφιν
1316 2465 1366 2528 καλ
1379 2466 1433 2546 βα-

290 2573 427 2645 σιλίσκον,
449 2569 490 2641 είς
502 2562 535 2629 τό
551 2565 623 2646 μηδὲ
638 2566 796 2646 πλησιάσαι
812 2563 876 2628 τινά
890 2573 1007 2646 τολμᾶν.
1044 2568 1106 2630 Καί
1120 2574 1212 2632 ταῦτα
1225 2567 1278 2650 μέν
1290 2564 1348 2648 ήδη
1361 2566 1432 2651 περὶ

290 2666 388 2733 αῦτιῦν
409 2667 562 2751 εἰρημένα,
584 2663 666 2750 όλίγα
686 2664 751 2730 τινά
773 2664 857 2745 όντα,
880 2670 911 2732 ἐν
933 2669 1013 2753 μέρει
1032 2670 1175 2751 τετάχθω.

156 2879 224 2946 Κεφ.
241 2871 272 2929 δ’.
376 2865 598 2950 Πωρελεόσομαι
614 2869 645 2932 δέ
659 2871 701 2945 είς
715 2866 767 2933 τόν
783 2865 865 2934 οἷκον
880 2877 934 2934 τοῦ
949 2874 1048 2952 βυθοῦ
1062 2878 1115 2953 τῆς
1127 2869 1324 2946 θανατώδους
1333 2866 1433 2935 οιότοῖν

291 2967 457 3053 διηγήσεως.
501 2968 655 3053 Διάφορος
676 2967 731 3054 γάρ
750 2968 818 3050 παρ’
834 2968 935 3047 αῦτοῖς
958 2969 976 3053 ή
996 2979 1048 3054 τῆς
1067 2970 1179 3056 ήδονής
1200 2971 1298 3039 αῦτῦν
1314 2973 1434 3039 κακοδι·

292 3074 447 3149 δασκαλία,
471 3069 516 3136 ότι
532 3078 650 3156 πρῶτον
667 3073 719 3154 μὲν
735 3069 836 3147 κοινάς
852 3070 905 3148 τάς
920 3075 1031 3138 ἑαυτῶν
1048 3083 1189 3158 γυναῖκας
1205 3077 1320 3157 έχουσι,
1342 3076 1392 3140 καί
1408 3075 1439 3138 εἴ

291 3199 335 3248 τις
354 3174 436 3249 ξένος
451 3175 641 3258 παραγένοιτο
658 3180 711 3237 τοῦ
727 3170 824 3238 αῦτιῦν
841 3173 1003 3259 δόγματος,
1033 3174 1154 3257 σημεῖόν
1171 3179 1231 3241 ἐστι
1247 3173 1315 3261 παρ’
1333 3173 1436 3249 αότοῖς

183 3312 234 3356 μς.
246 3298 279 3341 σε.
292 3273 407 3360 άνδρῶν
428 3272 503 3359 πρός
522 3283 678 3359 γυναῖκας,
704 3277 755 3338 καλ
775 3284 923 3358 γυναικοῖν
944 3274 1019 3360 πρός
1035 3273 1160 3362 άνδρσις,
1190 3279 1223 3341 ἐν
1240 3283 1282 3364 τῷ
1300 3278 1437 3341 ἐκτείνειν

290 3375 344 3460 τήν
362 3384 457 3460 χεῖρα,
479 3379 572 3458 δῆθεν
587 3378 628 3450 είς
642 3373 812 3457 άστιασμόν,
832 3375 1028 3443 όποκάτωθεν
1043 3385 1096 3461 τῆς
1111 3376 1246 3460 παλάμης
1260 3372 1435 3457 φηλάφησίν

290 3505 355 3543 τινα
370 3484 566 3563 γαργαλισμοῦ
585 3480 730 3560 ἐμποιεῖν,
759 3477 808 3542 διά
829 3478 937 3544 τοῦτον
960 3477 1174 3561 ῦττοφαίνοντες
1194 3476 1236 3555 οῖς
1258 3485 1311 3559 τῆς
1335 3473 1436 3541 αότοῖν

291 3585 453 3663 θρησκείας
466 3580 544 3643 ἐστίν
561 3577 580 3645 ό
594 3576 837 3664 παραγενόμενος.
880 3577 1034 3646 Ἐντεῦθεν
1049 3579 1153 3648 λοιπόν
1169 3577 1335 3665 ἐπιγνόντες
1350 3575 1436 3660 άλλή-

292 3686 361 3753 λους
374 3682 528 3763 τρέπονται
539 3679 631 3758 εόθῦς
642 3685 684 3757 είς
696 3683 829 3746 ἑστίασιν.
858 3690 981 3765 Δαψιλῖγ
998 3684 1030 3748 δέ
1041 3682 1078 3748 τά
1094 3684 1236 3766 ἐδέσματα
1247 3684 1437 3767 κρεωφαγίας

292 3780 343 3842 καὶ
360 3782 528 3858 οἰνοποσίας
543 3784 752 3869 παρατιθέασι,
774 3783 831 3849 κάν
847 3786 968 3866 πένητες
981 3781 1045 3848 εἷεν.
1087 3783 1138 3851 Ἐκ
1153 3782 1262 3851 τοῦτον
1276 3785 1308 3851 δέ
1322 3806 1435 3866 συμπο-

293 3876 443 3954 σιάσοιντες
457 3884 518 3960 καὶ,
541 3882 581 3961 οῖς
594 3888 665 3961 ἔπος
677 3888 778 3961 εἰπεῖν,
796 3883 850 3960 τάς
864 3886 974 3966 φλέβας
987 3893 1039 3950 τοῦ
1052 3883 1145 3971 κόρου
1160 3884 1355 3969 ἐμπλήσαντες
1369 3885 1438 3951 έαν-

292 3987 362 4058 τοῖν,
384 3981 426 4053 εἷς
438 3978 553 4066 οἶστρον
566 3988 735 4068 τρέποντα»
761 3988 822 4050 Καί
837 3983 854 4050 ό
867 3986 920 4067 μέν
936 3983 1011 4071 α’νήρ
1024 3995 1077 4070 τῆς
1091 3987 1230 4072 γυναικός
1243 3984 1438 4070 ῦπογωρήσϋθ

293 4080 401 4164 φάσκει
413 4081 504 4163 λέγων
516 4091 551 4172 τῇ
565 4087 672 4152 ἐαυτοῦ
683 4090 799 4172 γυναικί
812 4086 869 4165 ότι,
886 4084 1019 4163 Ἀνάστα,
1038 4090 1139 4172 λέγων,
1159 4093 1287 4170 ποίησον
1298 4085 1352 4168 τήν
1364 4081 1436 4168 όγά-
1472 4156 1476 4165 ,

292 4210 353 4267 πην
373 4178 444 4265 μετά
465 4189 518 4245 τοῦ
539 4182 676 4265 άδελφοῦ.
722 4191 762 4252 Οί
780 4189 814 4253 δέ
833 4185 951 4263 τάλανες
967 4191 1096 4273 μιγέντες
1110 4187 1244 4271 άλλήλοις
1263 4225 1306 4239 -
1325 4187 1377 4251 καί
1393 4181 1437 4262 οῖς

293 4287 342 4351 ἐπί
358 4282 499 4365 άληθείας
515 4282 686 4366 αίσγόνομαι
700 4291 792 4353 εἰπεῖν
811 4288 848 4354 τά
864 4287 946 4374 παρά
961 4299 1023 4366 τοῖς
1039 4288 1141 4367 αότοῖς
1154 4286 1259 4372 σίσγρά
1274 4285 1435 4372 πραττόμε-

292 4414 346 4467 να,
375 4381 449 4451 κατά
466 4379 518 4448 τόν
533 4381 617 4468 άγιον
632 4382 794 4453 αἰιόστολον
808 4389 870 4471 ότι,
904 4389 947 4456 Τά
962 4390 1031 4477 παρ’
1047 4388 1148 4464 αι’ποῖς
1163 4387 1301 4475 γινόμενα
1317 4389 1436 4477 αίσγρόν

293 4491 354 4556 ἐστι
370 4489 419 4554 ιιοιλ
434 4487 541 4572 λέγειν,
569 4482 651 4567 ὅμως
666 4484 724 4553 ⁰¹3⁸
738 4489 889 4572 αἰσχυνθοῖ
903 4494 996 4579 λέγειν
1011 4491 1032 4559 ά
1047 4488 1133 4559 αότολ
1148 4498 1247 4557 ποιεῖν
1262 4488 1320 4561 οόιι
1337 4489 1435 4577 alm}-
