3046 5084
403 344 537 399 raanan
553 347 617 398 ura.
632 349 653 398 1.
670 348 750 400 nont
765 349 797 398 u.
815 347 912 398 naeu.
927 346 1021 398 xxrr.
1223 332 1282 395 201

149 465 292 549 probitate
314 485 368 529 uos
390 463 514 549 eripuit3
536 464 610 527 adeo
633 475 666 527 ut
686 476 836 551 postquam
856 467 977 529 istorum
994 464 1084 529 lihroa
1098 463 1285 550 perlegimus,

147 576 177 630 et
192 567 227 630 ad
244 566 377 630 veritatis
391 563 587 648 cognitionem
604 565 729 627 animum
747 566 920 644 adiecimus,
944 588 998 628 neo
1013 565 1144 643 abducti,
1168 567 1215 629 rel
1238 587 1289 628 eo·

146 690 209 731 rum
234 668 380 732 illecebris
400 666 476 748 capti
498 684 617 743 snmus,
639 665 691 726 sed
710 664 864 748 effugimus
881 668 1014 742 tandem,
1038 687 1108 727 mox
1122 667 1158 729 ad
1176 667 1289 749 episco-

147 790 211 854 pos,
235 769 282 850 qni
301 768 331 831 in
354 766 403 829 illu
420 766 485 828 loeo
503 775 599 844 erant,
623 764 737 829 deferre
753 766 960 841 studuerimus,
983 777 1131 829 eteorum
1150 767 1290 828 hactenus

146 871 246 955 ignota
269 869 387 933 nomina
406 869 435 929 iu
452 866 577 930 eeclesia
598 868 746 951 detegere.
793 865 915 951 Exquo
932 869 1100 931 factumest
1118 879 1148 931 ut
1165 864 1292 930 LXXX

148 974 211 1035 iere
230 971 326 1054 capita
343 968 461 1032 exulare
484 969 563 1032 iussa
585 968 621 1031 ab
643 969 711 1032 lolio
729 970 878 1055 spinisque
900 970 960 1033 suis
983 981 1167 1054 repurgatam
1190 968 1290 1031 urbem

148 1071 332 1155 reliquerint.

231 1170 427 1253 Quamobrem
444 1172 469 1235 si
485 1172 549 1253 quis
565 1172 639 1255 quud
655 1171 739 1236 initio
755 1173 873 1257 polliciti
891 1194 990 1237 sumus
1004 1172 1144 1235 memoria
1160 1169 1442 1254 repetat‚Crr·XV¹1¹·

150 1276 275 1336 tortasse
286 1272 446 1337 institutum
461 1284 591 1336 nostrum
605 1273 785 1357 approbabit,
804 1275 878 1358 quod
893 1276 933 1337 ite
946 1275 1068 1359 praelati
1083 1294 1194 1350 sumus,
1216 1292 1290 1355 quae

148 1376 183 1439 ad
198 1354 262 1439 illas
275 1384 372 1437 sectas
384 1375 508 1438 attinent
522 1396 576 1438 uos
591 1376 692 1460 partim
709 1397 763 1440 usu
777 1398 811 1440 ao
827 1378 1036 1439 consuetudine
1051 1376 1199 1452 didicisse,
1224 1393 1290 1457 par·

149 1475 199 1538 tim
220 1497 259 1538 ex
274 1475 467 1539 monumentis
485 1476 654 1562 accepisse,
678 1479 781 1563 partim
801 1479 855 1541 lide
875 1479 1026 1562 dignorum
1052 1477 1217 1553 hominum,
1242 1475 1290 1560 qui

148 1579 191 1640 rei
208 1576 358 1640 veritatem
377 1577 506 1640 indicare
525 1588 663 1662 possent,
688 1581 854 1642 narratione
874 1602 907 1643 ao
926 1579 1091 1643 testimonio
1112 1578 1203 1641 luisse
1223 1598 1290 1661 per·

148 1680 258 1741 doctos.
292 1674 392 1761 ltaque
408 1700 460 1763 pro
476 1699 512 1741 eo
528 1681 603 1761 quod
621 1700 691 1764 prae
707 1681 790 1744 nohis
809 1682 928 1744 ierimus
943 1681 1076 1744 veritatis
1094 1680 1190 1743 studio
1206 1700 1289 1764 prae·

147 1779 306 1843 termittere
322 1780 397 1843 hunc
416 1782 511 1843 locum
532 1780 692 1857 noluimus,
717 1784 767 1844 sed
785 1782 963 1845 ostendimus
984 1805 1069 1845 onam
1092 1782 1169 1845 illam
1191 1801 1231 1843 ex
1253 1778 1290 1843 iis

149 1880 318 1944 haeresibus
335 1902 402 1944 esse
423 1903 543 1964 quarum
568 1903 650 1943 uacui
674 1881 840 1962 habuimus,
865 1885 900 1945 de
920 1906 976 1967 qua
995 1884 1067 1947 certi
1087 1882 1290 1967 exploratique

148 1982 255 2066 aliquid
271 1982 377 2046 afferre
394 2003 563 2066 posse-muse
587 2003 645 2044 non
663 2003 702 2045 ex
716 2005 752 2045 eo
769 1986 843 2065 quod
858 1986 1036 2066 gesserimus
1049 1984 1103 2067 ipsi
1119 2021 1158 2030 -
1176 1993 1291 2044 avertet

145 2084 200 2147 hoe
217 2105 235 2148 a
251 2084 335 2148 nohis
354 2085 438 2162 deus,
461 2119 504 2131 -
525 2084 577 2146 sed
593 2104 633 2147 ex
649 2105 685 2146 eo
703 2085 777 2167 quod
796 2085 883 2147 abiis
899 2096 1035 2147 accurate
1055 2085 1217 2159 didicimus,
1241 2085 1289 2166 qui

144 2178 222 2249 illani
246 2185 331 2249 nohia
355 2186 533 2270 persuadere
559 2186 667 2248 frustra
689 2186 861 2264 voluerunt,
890 2195 920 2247 et
943 2197 1111 2270 conceptam
1134 2187 1169 2247 de
1189 2195 1291 2247 nostro

144 2288 238 2352 exitio
252 2307 333 2372 spem
348 2287 463 2371 penitus
479 2287 661 2366 ahieccmnt,
682 2310 748 2351 cunr
764 2287 885 2350 insidiae
904 2308 1053 2350 omnesne
1072 2288 1199 2363 fraudes,
1219 2306 1290 2368 quas

146 2391 181 2453 ad
196 2389 324 2452 infelicis
342 2388 455 2449 animae
473 2399 592 2451 nostrae
610 2390 767 2473 perniciem
788 2401 845 2452 tam
863 2389 918 2474 ipsi
937 2411 1021 2473 quam
1036 2389 1125 2472 quiin
1143 2388 1199 2449 illis
1213 2389 1292 2451 inest

146 2492 280 2555 diabolus
298 2489 454 2552 machinati
474 2491 603 2568 fueraut,
626 2490 727 2554 irritae
746 2503 833 2576 atque
850 2493 953 2554 inanes
975 2492 1158 2566 extitissent,
1183 2501 1214 2551 ut
1237 2488 1291 2550 hoo

145 2615 162 2656 a
176 2591 289 2656 Doride
307 2591 413 2654 dietum
428 2593 725 2656 accommodatissime
739 2615 881 2678 usurpare
896 2597 1057 2677 possimus=
1081 2597 1211 2673 Sagittae
1219 2614 1289 2672 por-
1301 2608 1338 2652 ra.
1351 2608 1385 2659 aa,
1398 2610 1418 2650 e.

146 2700 274 2757 valorum
283 2697 385 2778 situtae
401 2707 469 2756 aunt
477 2698 582 2775 plagae
596 2718 690 2757 eorum
707 2706 765 2760 etc.
807 2695 883 2759 Tum
899 2697 984 2759 illud:
1011 2700 1194 2757 Convertemr
1209 2697 1289 2756 labor
1301 2713 1338 2756 ri.
1351 2711 1372 2767 r,
1385 2711 1416 2753 rr.

146 2818 240 2859 eoram
256 2801 285 2857 r‘n
300 2808 387 2876 eaput
399 2801 533 2876 ebrorum,
553 2808 584 2858 et
596 2802 729 2878 aiar'qaitaa
742 2821 837 2859 eoram
850 2804 879 2860 r'a
897 2803 1026 2859 certarem
1038 2803 1161 2879 aprorum
1177 2802 1290 2859 deseen-

148 2901 204 2957 det.
250 2894 342 2980 lgitur
363 2899 598 2980 quemadmodum
617 2899 660 2961 siu
684 2920 738 2962 nos
761 2901 789 2962 in
809 2899 923 2962 illorum
947 2921 1077 2963 errorem
1100 2900 1288 2979 incurrimus,

147 3008 179 3059 ut
196 2997 272 3060 illius
287 3019 394 3061 noxam
410 2999 621 3082 effingeremua,
646 3021 769 3084 eumque
792 3003 964 3084 simulatque
988 3003 1110 3086 legimus
1127 3024 1161 3065 ae
1180 3024 1289 3085 cogno-

148 3100 242 3162 rimus
260 3100 426 3164 damnantes
449 3100 523 3164 satri
540 3096 625 3186 alque
643 3103 803 3166 incolumes
828 3105 1038 3187 praetergressi
1056 3126 1172 3182 sumus,
1197 3105 1238 3165 ita
1260 3114 1289 3165 te

147 3200 276 3286 quisquis
290 3221 324 3265 es
341 3203 387 3287 qui
402 3203 459 3266 ista
472 3203 546 3286 legis
562 3202 711 3268 hortamur
723 3216 754 3268 ut
769 3206 844 3269 lecta
863 3207 1019 3288 pariterue
1036 3207 1168 3270 damnata
1183 3205 1290 3268 trausi-

146 3305 213 3383 lias,
237 3325 274 3368 no
293 3304 322 3367 in
341 3315 508 3390 serpentum
527 3305 669 3370 eiusmodi
685 3307 766 3371 velut
781 3307 973 3392 improbitatis
989 3310 1129 3392 quoddam
1146 3307 1227 3369 virus
1245 3307 1288 3368 ia·

145 3406 236 3470 oidas.
282 3406 372 3469 Ausi
397 3407 511 3491 quando
536 3409 657 3472 forsitan
678 3429 718 3472 cx
736 3409 790 3472 hac
811 3420 978 3494 serpentum
1002 3411 1101 3472 schola
1127 3408 1288 3492 quempiam

148 3508 317 3588 olleaderis,
341 3509 436 3572 subito
454 3509 561 3594 liguum
577 3511 644 3574 illud
660 3513 734 3596 quod
751 3513 834 3576 nohis
850 3534 867 3574 a
883 3513 999 3574 domiuo
1016 3520 1211 3594 comparatum
1229 3520 1286 3590 est,

146 3622 175 3674 et
196 3611 226 3673 in
246 3632 302 3695 quo
320 3607 456 3676 Christos
473 3613 576 3676 affixus
594 3625 654 3692 est,
678 3625 779 3678 contra
799 3614 943 3699 serpentis
962 3624 1047 3697 caput
1064 3612 1223 3694 arripiens,
1246 3614 1286 3676 ita

146 3713 281 3798 loquere:
306 3709 442 3777 Christus
458 3725 559 3779 nostra
578 3725 624 3780 est
641 3719 669 3779 in
686 3738 773 3780 cruce
790 3737 893 3779 caussa
914 3734 1090 3797 suspensus,
1115 3724 1143 3777 et
1165 3716 1286 3778 lormam

145 3826 265 3880 nostrae
281 3814 382 3880 saluus
399 3836 568 3902 expressam
586 3839 622 3881 ac
641 3819 813 3883 delineatam
834 3817 961 3899 reliquit.
997 3813 1083 3897 Quod
1099 3817 1154 3881 nisi
1168 3839 1285 3881 carnem

146 3918 311 3997 habuisset,
332 3938 477 4002 nunquam
495 3931 575 3985 esset
591 3921 724 3985 suffixus.
768 3919 815 3982 Eo
837 3940 909 3982 rero
933 3919 1008 4000 quod
1031 3940 1117 3983 carne
1138 3922 1286 4006 praeditus

146 4031 177 4083 et
192 4021 358 4085 allixus'est
376 4020 472 4098 cruci,
496 4031 595 4084 nostra
612 4023 698 4086 simul
716 4033 835 4108 peccata
852 4020 963 4083 defixit.
1008 4018 1150 4105 Equidem
1170 4023 1287 4088 veritati

145 4142 198 4208 per
213 4122 298 4185 iidem
320 4120 475 4200 inhaereo,
501 4144 555 4187 uec
572 4123 728 4187 tardissimi
751 4123 896 4208 serpentis
915 4144 1014 4187 errore
1034 4125 1081 4189 rel
1097 4126 1159 4189 eiua
1178 4124 1285 4187 doctri-

144 4245 200 4289 nae
221 4223 317 4288 sibilis
338 4223 441 4286 abduci
463 4246 509 4287 me
532 4226 638 4310 patior.

227 4324 288 4392 Sed
304 4347 380 4389 nune
393 4326 507 4391 haeresi
524 4327 574 4390 illa
587 4325 792 4410 praetermissa
807 4328 954 4414 deinceps,
975 4330 1128 4407 carissimi,
1148 4331 1182 4391 ad
1201 4351 1283 4414 prae·
1298 4333 1436 4401 0³1³·le

194 4492 219 4546 3.
244 4496 340 4547 careal
366 4499 489 4567 πλανητῄ.
528 4499 593 4548 Lmra'
618 4499 701 4548 habeat
733 4502 789 4551 dom
806 4502 927 4551 artetum
944 4501 1028 4569 rubria
1044 4516 1087 4563 pro
1104 4499 1203 4568 ambria.

145 4563 215 4626 ocho
235 4560 316 4631 πλάνῃ
335 4563 376 4632 τῇ.
394 4594 427 4606 -
460 4571 555 4619 Petarto
574 4568 699 4619 rescriben-
