3046 5084
405 346 539 398 ransart
557 347 620 400 Lttt.
634 349 655 399 l.
670 349 752 402 Tota.
766 349 811 401 lli.
828 349 928 400 naha.
939 349 1020 400 XLll.
1230 337 1291 399 557
1387 422 1388 426 Ἰ

131 461 229 528 Nobis
245 463 359 529 iniussu
373 466 533 530 venerandi
551 467 641 552 patris
658 468 698 532 tui
716 469 816 532 faeere
828 469 905 531 istud
923 490 980 531 riou
996 468 1076 532 licet.
1121 465 1186 533 Una
1201 468 1291 551 siqui-

133 567 199 630 dem
215 566 286 631 fides
303 578 365 644 cst,
390 578 420 631 et
436 569 598 632 animorum
614 591 670 634 una
687 571 860 650 eouseosi03
885 591 979 654 neque
994 581 1095 633 eontra
1109 570 1289 655 spectatissi-

132 689 210 733 mum
237 669 379 753 collegam
404 681 515 755 patrem
547 682 626 736 tuum
659 673 755 736 moliri
781 672 923 758 quippiam
953 693 1119 758 possumus.
1170 672 1212 734 At
1241 673 1288 735 ille

133 771 337 835 vehementius
360 775 584 838 excandescens
606 796 641 837 oc
663 775 801 860 superbia
823 775 990 859 invidiaque
1013 775 1141 860 percitus
1163 775 1289 838 schisma

132 874 281 952 conflavit,
307 896 340 937 ac
355 876 497 960 privatam
516 876 650 940 haeresin
666 877 873 941 architectatus
887 889 945 956 est,
968 887 1009 955 et,
1035 875 1212 956 Ecclesiam,
1236 879 1288 956 ait,

132 988 262 1041 vestram
284 998 339 1061 ego
359 978 535 1056 dissociabo,
559 979 589 1042 iu
608 1001 730 1063 eamque
749 980 875 1043 schisma
894 981 1103 1063 sempiternom
1123 980 1286 1044 immittam.

132 1075 218 1161 Quod
236 1079 283 1143 ille
301 1101 407 1144 revera
425 1103 479 1145 uec
496 1081 643 1145 mediocre
660 1082 774 1166 quidem
791 1081 908 1159 iniecit,
941 1081 1057 1145 nonita
1078 1093 1174 1147 tamen
1193 1097 1225 1147 ut
1241 1105 1289 1148 ee·

131 1180 268 1261 clesiem,
292 1184 343 1246 sed
367 1194 399 1246 ut
421 1204 454 1247 se
478 1183 574 1270 potius
597 1205 631 1247 ac
653 1205 724 1247 suos
746 1184 935 1248 discinderet.

217 1280 311 1348 Cuius
334 1287 360 1349 ei
380 1286 546 1350 schismatis
564 1299 767 1370 argumentum
786 1286 892 1350 nebulo
915 1287 964 1349 ille
986 1298 1016 1349 et
1033 1288 1175 1372 impostor
1190 1285 1288 1352 Cerdo
1309 1301 1368 1367 Cap.
1385 1304 1426 1353 ιιι.

130 1386 276 1472 praebuit.
321 1387 399 1452 Nam
418 1400 448 1452 et
463 1391 520 1454 duo
535 1390 597 1474 ipse
613 1386 761 1474 Principia
779 1389 941 1452 constituit.
984 1389 1025 1451 At
1040 1386 1155 1453 Marcio
1171 1392 1288 1455 tertium

130 1489 166 1553 ad
187 1489 264 1553 illius
291 1491 396 1575 dogma
418 1490 596 1576 Principium
620 1492 743 1571 adiecit,
776 1503 809 1555 ut
833 1492 950 1554 omnino
975 1492 1029 1554 tria
1053 1494 1129 1555 sint:
1165 1514 1288 1576 quornm

130 1613 219 1656 unum
242 1593 282 1655 sit
302 1615 486 1679 supremum,
521 1594 595 1677 quod
619 1614 714 1678 oeque
737 1593 853 1657 nomine
876 1594 1081 1679 comprehendi
1106 1616 1201 1679 neque
1222 1597 1288 1659 visu

130 1695 240 1780 percipi
257 1696 361 1780 possit,
385 1717 470 1780 quern
489 1705 518 1758 et
535 1693 648 1759 Bonum
667 1693 760 1758 Deum
776 1697 913 1781 appellat,
938 1719 954 1758 a
973 1718 1029 1780 quo
1047 1697 1117 1759 nibil
1133 1696 1172 1759 sit
1187 1719 1288 1761 eorum

131 1817 205 1880 quae
221 1797 250 1860 iu
266 1798 373 1861 muodo
388 1809 456 1861 suant
471 1799 631 1861 eonditum.
678 1798 813 1861 Alterum
830 1819 903 1861 vero
920 1796 1014 1862 Deum
1033 1820 1100 1862 esse
1118 1798 1184 1862 dicit
1205 1821 1288 1884 aspe-

131 1897 265 1963 ctabilem
283 1921 318 1962 ac
336 1897 520 1965 Creatorem.
570 1898 706 1962 Tertium
724 1900 850 1984 denique
866 1898 1021 1964 Diabolum
1039 1900 1116 1963 inter
1135 1902 1235 1964 ambos
1253 1902 1288 1965 il-

130 2001 193 2082 los,
217 2002 424 2087 aspectabilem
445 2004 558 2068 scilicet
575 2012 605 2065 et
622 2009 687 2066 euru
706 2002 753 2087 qui
770 2002 861 2086 aspici
880 2002 980 2086 nequit
996 2001 1192 2067 interiectum.
1238 2001 1288 2066 Ex

130 2103 168 2167 iis
195 2107 243 2188 qui
267 2100 393 2168 Creator
420 2116 467 2168 est
495 2117 525 2168 et
550 2104 668 2190 opifex,
703 2105 853 2188 riderique
877 2115 989 2189 potest,
1027 2102 1199 2168 ludaeorum
1221 2127 1288 2168 esse

129 2205 228 2285 deum,
253 2208 435 2292 eundemque
455 2204 595 2271 iudicem.
643 2203 784 2270 Ceterum
801 2207 955 2290 virginitas
970 2228 985 2268 a
1002 2204 1157 2269 Marcione
1173 2208 1287 2292 praedi·

129 2320 223 2373 catur.
272 2306 414 2374 ieiunium
434 2321 463 2375 et
480 2310 602 2374 sabbato
619 2309 771 2373 observari
790 2309 942 2394 praecipit.
987 2305 1133 2393 Mysteria
1150 2310 1286 2373 catechu-

128 2411 223 2475 menis
243 2412 432 2476 cernentibus
455 2413 532 2498 apud
550 2412 630 2476 illum
651 2411 848 2475 celebrantur.
897 2411 942 2504 dd
962 2411 1034 2474 haec
1053 2434 1125 2475 vero
1146 2413 1286 2497 mysteria

128 2533 232 2599 aquam
255 2514 384 2579 adhibet.
431 2512 561 2579 Sabbato
586 2514 622 2579 ob
647 2534 711 2577 eam
734 2533 867 2578 caussam
891 2513 1030 2576 ieiunium
1053 2515 1164 2578 sanxit.
1212 2511 1286 2580 Cum

128 2616 281 2697 enimait,
314 2615 487 2681 ludaeorum
505 2619 570 2697 dei,
601 2616 648 2701 qui
666 2617 742 2680 hune
760 2616 896 2679 mundum
915 2616 1086 2694 fabricavit,
1117 2617 1286 2681 illasitre·

128 2719 229 2803 quies,
262 2741 327 2782 eum
351 2721 396 2783 die
416 2717 486 2784 Vll.
506 2719 703 2803 requieverit,
737 2715 838 2782 eadem
862 2741 916 2782 nos
939 2718 1071 2783 ieiunare
1093 2719 1284 2797 instituimus,

127 2842 165 2885 ue
188 2819 363 2887 ludaeorum
387 2823 433 2885 dei
457 2823 560 2886 ritibus
583 2822 623 2886 uti
646 2821 809 2885 videamur.
856 2818 984 2886 Carnem
1009 2833 1097 2907 negat
1114 2843 1283 2907 resurgere,

127 2922 214 3008 idme
236 2924 325 2987 babet
346 2925 491 3010 plerisque
513 2947 578 2988 cum
598 2924 769 2988 haeresibus
788 2945 953 2988 commune.
1000 2923 1125 2987 Animae
1144 2925 1287 2988 duntaxat

127 3023 375 3090 resurrectionem
392 3049 426 3091 ae
440 3028 529 3092 vitam
546 3027 631 3093 unius
647 3037 677 3090 et
691 3026 814 3090 salntem
830 3028 948 3090 asserit.
995 3025 1146 3112 baptismo
1164 3050 1222 3091 noo
1239 3049 1286 3092 se-

128 3128 201 3207 mel,
233 3130 284 3192 sed
309 3130 396 3193 tertio
418 3130 492 3215 apud
516 3130 582 3193 illos
600 3129 764 3192 initiantur.
811 3127 896 3212 Quod
919 3129 980 3191 fieri
997 3129 1107 3193 idcireo
1125 3131 1283 3207 concessit,

127 3232 202 3316 qued
222 3252 238 3293 a
257 3232 407 3317 discipulis
423 3232 503 3306 suis,
536 3233 640 3316 quibus
660 3235 756 3295 fuerat
773 3231 924 3314 cogruitus,
957 3232 993 3294 ob
1011 3233 1146 3295 delictam
1166 3234 1233 3295 illud
1252 3254 1286 3294 ac

128 3333 253 3418 uirginis
274 3345 405 3419 stuprum
425 3334 549 3398 ludibrio
569 3347 649 3398 esset
667 3334 792 3397 habitus.
838 3331 916 3395 Nam
939 3355 1004 3396 error
1025 3335 1168 3416 virginem
1190 3335 1220 3396 in
1238 3356 1288 3418 pa·

126 3434 183 3498 tria
198 3446 435 3521 conclamasset,
468 3447 498 3501 et
515 3437 644 3520 ingentis
662 3436 762 3519 flagitii
780 3436 933 3499 convictus
951 3436 1129 3519 aufugisset,
1162 3434 1285 3500 alterum

127 3538 182 3603 sibi
207 3541 459 3603 circumforaneus
481 3543 538 3602 istc
562 3539 734 3625 baptismum
753 3539 892 3617 adscivit,
925 3539 1014 3600 licere
1032 3538 1223 3623 pronuntians
1240 3549 1286 3602 ter

127 3641 246 3705 omuino
262 3641 345 3725 aquis
359 3643 417 3705 elui
432 3664 466 3705 ac
481 3643 625 3726 baptismo
641 3652 827 3728 peccaterum
843 3642 877 3703 ad
895 3642 1138 3705 condonationem
1156 3642 1282 3727 expiari,

126 3753 159 3807 ut
173 3743 200 3806 si
217 3743 282 3827 quis
298 3755 364 3828 post
378 3756 546 3830 usurpatum
563 3745 689 3830 priorem
705 3743 883 3829 peccaverit,
908 3744 942 3806 ad
960 3745 1118 3808 secundum
1136 3766 1200 3808 eum
1215 3765 1285 3829 poe-

127 3845 252 3910 nitentia
266 3847 436 3931 confugiat,
461 3848 653 3931 similiterque
671 3848 807 3924 tertium,
832 3845 856 3908 si
874 3856 939 3929 post
955 3848 1113 3910 secundum
1130 3848 1234 3911 iterum
1251 3868 1285 3912 se

127 3948 241 4013 delictis
261 3948 464 4013 obstrinxerit.
512 3947 598 4032 Quod
618 3951 652 4013 ad
671 3949 807 4013 infamiae
823 3967 893 4010 suae
912 3948 1072 4011 remedium
1090 3949 1282 4033 excogitavit,

126 4072 184 4136 quo
206 4071 241 4114 se
261 4072 376 4115 rursum
398 4063 464 4137 post
487 4052 599 4116 facinus
617 4061 769 4137 purgatum
790 4061 821 4113 et
841 4051 919 4112 inter
936 4051 1110 4115 innoeentes
1128 4075 1284 4116 numeran-

126 4154 193 4219 dum
217 4174 284 4218 esse
306 4157 508 4239 persuaderet.
556 4154 601 4217 Ad
624 4153 809 4236 quodetiam
832 4153 905 4216 falso
925 4153 1122 4218 testimonium
1140 4156 1282 4239 quoddam

126 4257 344 4336 accommodat,
377 4258 452 4340 quod
475 4256 574 4340 specie
592 4255 655 4340 ipsa
673 4255 821 4339 probabile
839 4256 929 4341 possit
948 4256 1059 4336 rideri,
1080 4257 1225 4347 ,etsipeu
1247 4279 1284 4323 eo

126 4387 216 4460 dehet<
232 4390 322 4459 bieco.
727 4394 846 4443 Vctieaoo.
1156 4420 1161 4427 -

162 4462 222 4512 car.
235 4464 281 4513 tlt.
297 4490 332 4502 -
351 4460 372 4513 l.
389 4463 455 4512 tono
471 4458 574 4512 destruo.
756 4457 780 4512 ὃ.
794 4457 860 4515 κατὰ
871 4466 977 4514 emendet
987 4466 1131 4517 Peteutusta
1142 4465 1284 4516 animadvv.

160 4531 186 4582 st.
206 4533 281 4582 Verbo
294 4529 340 4582 καὶ
352 4527 464 4594 κτίστην,
479 4543 539 4592 quae
553 4531 692 4580 desiderem·
758 4526 782 4580 l.
799 4527 919 4597 nathanili
936 4535 989 4582 edit.
1004 4536 1079 4595 puae.

126 4605 166 4649 tur
180 4602 205 4649 tn
218 4600 365 4662 edttprtac,
380 4601 492 4649 Petamus
502 4599 589 4649 adiecit
602 4599 690 4650 reond.
725 4653 732 4663 ἢ
