3046 5084
261 329 319 389 152
684 339 805 390 εεειοτι
823 339 992 390 ενινιεεειιι

258 461 379 540 μυρίων.
403 458 463 518 Καὶ
478 452 650 520 ὑποτίθεται
666 463 730 530 τοῖς
744 451 838 519 αύτοῦ
855 463 1003 536 μαθηταῖς
1013 454 1105 539 λέγων
1120 452 1177 533 δἐι,
1196 451 1300 538 ’Τμεῖς
1312 453 1415 541 πάντα

258 554 427 643 γινώσκετε,
456 554 534 638 ύμᾶς
552 557 586 622 δὲ
607 557 711 639 μηδείς
727 558 900 641 γινωσκέτω.
943 553 1044 631 Αύτδς
1065 557 1098 620 δὲ
1120 558 1171 620 καί
1195 559 1227 621 σί
1249 554 1300 621 ἄπ’
1322 555 1420 625 αὐτοῦ

258 657 442 742 ἐρωτώμενοι
463 655 632 733 Ἰουδαίους
654 658 706 740 μὲν
729 654 853 732 ἑαυτούς
870 658 974 740 μηκέτι
992 653 1068 722 εἰναι
1082 657 1247 738 φάσκουσι,
1278 665 1420 744 Χριστια-

258 758 331 836 νούς
345 760 377 824 δὲ
394 761 497 842 μηκέτι
514 768 706 845 γεγενῆσθαι,
729 756 787 822 ἀλλ’
802 756 958 844 άρνεῖσθαι
973 757 1109 837 πάντοτε,
1132 761 1207 842 ἔχειν
1224 760 1256 824 δὲ
1269 763 1302 825 ἐν
1319 763 1417 850 ἑαυτῷ

259 869 326 950 σιγῇ
344 859 399 943 τὴν
414 867 527 940 πίστιν,
550 863 600 927 καί
615 862 720 944 μηδενί
734 856 961 938 ὑποδεικνύναι,
982 858 1036 942 τὴν
1054 859 1196 942 αἰσχύνην
1212 863 1320 928 ἑαυτοῦ
1334 858 1414 944 ύφο·

260 962 406 1047 ρώμενος,
439 962 490 1028 διά
513 962 545 1028 εδ
570 961 808 1046 ἀπαρρησίαστον
830 968 884 1043 τῆς
901 963 1109 1046 αἰσχρουργίας
1127 964 1180 1027 καὶ
1202 971 1297 1046 κακῆς
1319 961 1415 1030 αύτοῦ

261 1069 457 1138 διδασκαλίας.

142 1284 149 1291 ·
223 1275 239 1328 ’.
338 1265 424 1348 ’Ἑσχε
443 1265 475 1329 δὲ
493 1261 514 1347 ἡ
530 1261 604 1349 άρχῆ
624 1262 716 1347 αύτῆς
734 1272 787 1348 τῆς
803 1271 898 1348 κακῇς
912 1265 1093 1350 προφάσεως
1106 1266 1160 1351 τὴν
1175 1271 1271 1334 αἰτίαν
1285 1266 1345 1334 άπδ
1361 1276 1417 1335 τοῦ

260 1373 354 1449 ζητεῖν
373 1367 424 1431 καλ
439 1367 532 1450 λέγειν
555 1364 652 1431 πύθευ
671 1364 704 1431 τδ
721 1365 823 1431 κακόν.
870 1374 938 1442 Παῖς
951 1368 984 1434 δὲ
1000 1365 1059 1434 άπδ
1082 1376 1134 1452 τῆς
1149 1372 1258 1437 ἑαυτοῦ
1280 1397 1416 1456 πραγμα-

261 1473 339 1545 τείας
355 1466 540 1550 δειχθήσεται
553 1464 660 1544 δποῖύς
676 1470 763 1533 ἔστιν.
813 1466 984 1553 1’Ἑμποροι
1002 1478 1075 1555 γοῦν
1097 1465 1182 1538 οὗτοι
1199 1479 1300 1538 κακοῖν
1324 1475 1415 1557 δίρα-

262 1572 344 1648 σταῖ,
366 1572 416 1635 καλ
432 1567 497 1651 ούχῖ
517 1567 658 1654 άγαθαῖν,
681 1567 722 1644 ιύς
737 1571 787 1634 καί
805 1566 823 1651 ἡ
839 1569 940 1656 γραφὴ
955 1568 1037 1637 εἶπεν
1053 1572 1114 1652 ὅτι,
1140 1581 1311 1654 Ζητοῦντας
1326 1573 1417 1654 κακά,

263 1670 463 1754 καταλήψεται
487 1669 574 1734 κακά.
621 1669 696 1735 Ούτε
713 1669 768 1757 γάρ
787 1696 857 1736 ποτε
878 1671 973 1738 κακδν
991 1668 1045 1756 ἦν,
1075 1673 1142 1740 σι’ίτε
1161 1678 1225 1758 ῥίζα
1242 1677 1343 1760 γέγονε
1365 1702 1418 1740 κα-

263 1779 345 1854 κίας,
367 1772 434 1838 ούτε
448 1771 648 1838 ἒννπύστατον
663 1770 697 1837 τδ
714 1770 808 1837 κακόν
827 1775 913 1838 ἔστιν.
959 1773 1024 1840 Ούκ
1042 1769 1080 1858 ἦν
1094 1775 1151 1865 γάρ
1168 1801 1238 1841 ποτε
1252 1775 1285 1840 τύ
1304 1774 1417 1841 κακόν·

264 1879 431 1951 ίπείςακτον
448 1876 480 1939 δί
496 1873 546 1938 διά
563 1873 741 1957 προφάσεως
754 1872 867 1964 ἑκάστην
882 1882 941 1940 τῶν
956 1877 1122 1943 ποιούντων
1136 1876 1169 1942 τδ
1188 1874 1281 1942 κακδν
1297 1879 1417 1942 ίνεστιν.

262 1975 311 2042 Ἐν
327 1985 367 2066 τῷ
385 1976 426 2060 μὴ
441 1985 537 2042 ποιεῖν
557 1973 613 2042 ούκ
629 1979 733 2058 ίνεστι,
757 1976 893 2061 καθάπερ
911 1980 943 2042 ἐν
958 1987 1022 2055 τοῖς
1039 1977 1101 2044 άυω
1116 1976 1215 2065 λύγοις
1229 1977 1418 2063 προδεδήλω-

264 2106 320 2145 ται.
363 2081 452 2164 Λίγει
466 2077 523 2165 γάρ
548 2075 565 2143 δ
587 2076 691 2162 κύριος
708 2076 780 2161 μετά
796 2076 830 2144 εδ
850 2076 947 2144 πάντα
963 2082 1176 2161 πεποιηκέναι,
1204 2077 1299 2158 Ἰδού,
1321 2078 1419 2146 πάντα

263 2179 338 2246 καλά
353 2186 426 2260 λίαν,
449 2179 566 2256 δεικνύς
581 2178 625 2245 δτι
641 2179 674 2246 τύ
689 2178 783 2246 κακδν
800 2178 855 2245 ούκ
872 2177 1008 2265 άρχαῖζει,
1025 2179 1096 2248 ούδὲ
1109 2185 1139 2260 ἐξ
1153 2179 1289 2269 ύπαρχῆς
1302 2179 1419 2265 ύπῖχρχε

263 2282 322 2366 πρδ
339 2291 393 2348 τοῦ
410 2281 469 2348 άπδ
489 2290 543 2348 τοῦ
560 2281 728 2368 άνθροίπον
742 2280 930 2368 ἐνάρξασθαι
974 2280 1022 2348 Δι’
1039 2280 1126 2366 ἡμῶν
1142 2283 1198 2370 γάρ
1218 2289 1342 2369 γίνεται,
1364 2285 1418 2349 καλ

264 2382 301 2450 δι’
322 2381 408 2468 ἡμῶν
430 2383 466 2450 ού
484 2389 600 2471 γίνεται.
636 2382 703 2465 ’Ἆρ’
720 2376 775 2449 οὖν
793 2386 823 2448 ἒν
840 2391 883 2472 τῷ
901 2383 998 2449 πάντα
1017 2383 1180 2471 άνθρωπον
1202 2384 1354 2451 δύνασθαι
1375 2382 1417 2469 μή

264 2496 361 2553 ποιεῖν
380 2485 412 2553 τδ
432 2486 540 2567 κακδν,
568 2489 619 2551 καί
635 2485 784 2551 δύνασθαι
804 2495 901 2551 ποιεῖν
916 2485 949 2551 τδ
966 2485 1076 2567 κακδν,
1105 2487 1177 2554 ὅταν
1193 2489 1310 2570 μέντοι
1331 2495 1417 2577 ποιῇ,

148 2604 239 2661 paw-
266 2592 326 2654 ’ἐστι
342 2588 375 2654 w*
394 2587 499 2665 κακδν,
521 2587 593 2652 δ’ταν
608 2588 640 2651 δὲ
655 2586 696 2670 μὴ
712 2595 795 2677 ποιῇ,
813 2586 868 2653 ούκ
883 2591 944 2654 ἔστι
957 2587 991 2655 τύ
1008 2588 1110 2656 κακόν.
1157 2596 1226 2656 Ποῦ
1241 2593 1344 2655 τοίνυν
1364 2595 1419 2655 τοῦ

132 3009 197 3072 Κεφ.
220 3001 249 3068 ἴ.

265 2697 361 2755 κακοῦ
382 2687 403 2770 ἡ
424 2693 502 2773 ῥίζα,
528 2686 570 2770 3η
591 2685 752 2765 ύπύστασις
772 2696 825 2772 τῆς
846 2693 1008 2777 πονηρίαςς

352 2997 409 3071 Εἰς
428 2995 459 3060 δὲ
475 2995 585 3079 πολλὴν
601 2989 688 3073 οὗτος
703 2996 822 3079 ίλύλακε
836 3003 960 3083 μωρίαν,
983 2997 1109 3079 φάσκων
1126 2997 1172 3064 δτι
1188 2995 1208 3082 ἡ
1224 2997 1351 3082 δύναμις
1366 2995 1421 3064 τδν

265 3105 339 3163 νοῦν
359 3095 552 3180 προεβάλετο,
583 3096 649 3165 δδλ
664 3106 738 3174 νοῦς
752 3096 804 3165 τδν
820 3098 923 3186 λόγον,
954 3097 1020 3165 δδὲ
1036 3098 1124 3185 λύγος
1139 3098 1195 3183 τὴν
1213 3096 1421 3186 φρύνησιν,ἡ

267 3204 299 3266 δὲ
314 3199 459 3286 φρόνησις
473 3199 599 3283 δύναμιν
616 3202 667 3266 καί
684 3206 809 3282 σοφίαν,
832 3205 865 3269 ἐκ
879 3202 912 3267 δὲ
927 3201 1082 3284 δυνάμεως
1096 3204 1148 3266 καί
1162 3206 1273 3283 σοφίας
1288 3205 1421 3278 ἐξουσίαι

266 3307 318 3370 καλ
334 3301 474 3384 δυνάμεις
489 3305 540 3367 καί
558 3300 679 3389 άγγελοι.
722 3307 812 3391 Λέγει
829 3305 861 3370 δὲ
877 3302 931 3387 τήν
947 3301 1088 3390 ύπεράνω
1101 3301 1216 3369 τούτων
1229 3301 1357 3384 δύναμιν
1380 3298 1421 3365 εἰ·

266 3434 315 3472 ναι
327 3408 378 3473 καλ
394 3403 487 3492 άρχήν
500 3403 660 3491 Ἀβρασάξ,
683 3406 733 3472 διά
750 3406 783 3472 τδ
803 3405 858 3491 τὴν
880 3415 989 3490 ψῆφον
1012 3413 1067 3472 τοῦ
1081 3403 1227 3492 Ἀβρασύξ
1249 3406 1323 3487 ἔχειν
1338 3427 1421 3485 τρια-

267 3507 424 3576 κοσιοστδν
442 3505 601 3593 ἕξηκοστδν
617 3511 751 3592 πέμπτον
767 3507 916 3596 άριθμύν,
939 3506 981 3584 τίς
1003 3511 1036 3575 ἐκ
1055 3507 1165 3574 τούτου
1186 3505 1239 3590 την
1258 3508 1422 3589 μαρτυρίαν

268 3615 321 3689 τῆς
340 3611 431 3678 αύτοῦ
452 3616 636 3696 μυθοποιίας
656 3620 717 3677 τῶν
736 3617 913 3698 τριακοσίων
933 3612 1158 3694 ἕξηκονταπίντε
1180 3607 1317 3695 ούρανοῖν
1340 3629 1422 3674 σννι·

227 3774 230 3781 .
270 3717 340 3773 στᾶν
359 3724 528 3799 πειρᾶσθαι.
575 3713 630 3791 Οἷς
651 3712 789 3798 ούρανοῖς
812 3717 864 3780 καί
881 3718 1061 3790 τοποθεσίας
1086 3716 1157 3778 Ιίσα
1179 3721 1244 3789 τοῖς
1267 3709 1425 3796 μαθήμασι

270 3812 392 3894 διαιρεῖν
418 3820 469 3881 καλ
492 3825 632 3884 συνιστάν
651 3817 832 3900 ἐπιτηδεύων
855 3815 891 3883 ού
907 3817 1064 3902 παρέργως
1082 3822 1255 3900 μηχανᾶται.
1303 3811 1346 3879 Τά
1368 3811 1424 3900 γάρ

272 3914 391 3977 ἐκείνων
409 3916 517 3997 μάταια
540 3920 721 4007 θεωρήματα
741 3918 840 4001 λαβεῖν
864 3921 907 3995 εἰς
920 3921 999 3983 ἰδιον
1017 3924 1187 4005 χαρακτῆρα
1211 3916 1303 3995 αύτύς
1323 3941 1354 3982 τε
1374 3916 1424 3980 καί

271 4017 302 4079 οί
314 4010 365 4077 ύπ’
382 4014 472 4083 αύτύν
489 4024 531 4097 είς
547 4026 644 4087 αἰτίαν
663 4028 717 4105 τῆς
739 4025 817 4098 ἰδίας
833 4024 1028 4086 εἰδωλοποιοῦ
1044 4021 1097 4086 καλ
1117 4022 1341 4102 πεπλανημένοις
1360 4018 1424 4081 ἰπῑ·

270 4113 401 4182 πλάστου
419 4122 607 4200 διδασκαλίας
625 4123 819 4209 μετήνεγκαν,
840 4124 890 4189 καί
906 4120 1066 4205 βούλονται
1080 4120 1136 4206 τὴν
1150 4120 1291 4187 σύστασιν
1310 4113 1427 4183 κοτίνων

306 4341 366 4392 Cn.
376 4345 420 4394 vl.
438 4371 472 4383 -
509 4339 672 4412 1.”Εμτῑορα.
690 4348 749 4415 γοῦν
766 4339 833 4400 οὗτοι
900 4346 924 4398 3.
944 4349 1112 4411 vomendum
1127 4347 1219 4395 νίιίτίιιε
1235 4335 1254 4408 ἢ
1271 4356 1325 4393 ενοι
1338 4343 1427 4393 Goma-

271 4412 324 4460 ανδ.
344 4413 417 4463 ῖαίῖτ.
442 4416 515 4477 Vulgo
526 4408 659 4478 ’Έμπορος
676 4418 735 4482 γοῦν
752 4406 831 4474 οὗτος.
866 4420 917 4478 rio,
934 4421 975 4480 ηαι·
992 4427 1035 4466 τοι
1052 4419 1128 4467 vertit.

305 4477 329 4528 ¹2.
347 4476 513 4545 ίραοταλοοσ.
526 4485 598 4532 Vatia.
620 4485 691 4545 ίάιηο
703 4480 717 4538 ὁ
729 4484 774 4534 τοῦ
786 4500 832 4535 κα-
901 4487 961 4534 θεν.
978 4487 1032 4535 vu.
1049 4511 1082 4522 -
1117 4483 1140 4532 1.
1155 4474 1202 4531 ἶσα
1217 4482 1271 4538 τοῖς
1288 4476 1429 4547 μαθήμασι

269 4547 318 4601 κεῖ
335 4544 452 4617 ἐργάτης.
858 4554 968 4619 ,διαιρῶν
985 4555 1037 4605 ωδ.
1055 4552 1145 4611 Vatia,
1171 4552 1194 4599 τί
1212 4548 1269 4599 ίτιιίε
1287 4550 1325 4601 ed.
1346 4551 1428 4600 Ρτιαν.
