3046 5084
377 393 512 446 renunt}
528 395 590 446 Llll.
603 395 623 446 l.
639 394 778 469 Tounlll.
794 394 893 445 HAER.
906 395 1027 445 XXXIV.
1213 383 1272 444 441

131 514 274 581 desistere
295 534 381 599 quem
403 513 440 578 sd
464 523 627 578 extremam
648 513 775 577 extremi
796 513 932 577 elementi
954 512 1067 576 literam
1089 486 1278 597 silgoluritcr

130 616 344 703 pronuntiando
359 615 456 701 lingue
472 615 650 700 pervenerit.
684 614 803 677 Actum
820 615 932 676 demum
948 613 1113 677 restitutum
1128 596 1164 676 iri
1177 615 1275 701 pulpis

131 718 247 797 delinit,
279 741 342 782 cum
361 738 462 782 omnes
478 716 506 780 in
527 738 612 780 unam
629 717 766 780 reductae
781 716 883 780 literne
902 737 957 779 ona
976 717 1133 799 eademque
1151 712 1278 801 pronun-

132 820 252 884 tiatione
270 820 459 884 resonabunt.
501 818 595 883 liuius
610 839 683 882 vero
697 819 941 904 pronuntiationis
957 819 1051 882 simile
1068 819 1200 902 quiddam
1218 818 1278 880 nie-

130 922 181 986 bat
200 923 346 1000 existere,
380 944 444 986 cum
463 943 564 985 omues
583 922 693 1006 pariter
709 920 805 983 Amen
825 921 958 984 dicimus.
1004 916 1187 984 Sonosesse
1205 941 1278 984 vero

132 1024 236 1109 quibus
252 1034 373 1088 creturae
388 1024 635 1108 regenerationis
650 1043 757 1106 expers
773 1022 859 1085 Aeon
875 1023 922 1085 ille
937 1022 1122 1100 informetur,
1146 1024 1278 1085 eosdem·

132 1145 188 1210 que
210 1127 317 1190 lormas
340 1148 406 1190 esse
431 1126 534 1211 quibus
555 1125 726 1209 angelorum
749 1146 854 1187 nomen
876 1145 894 1186 a
917 1125 1033 1187 domino
1055 1125 1191 1188 tributum
1218 1135 1274 1201 est,
1290 1133 1375 1229 ppapp

132 1248 206 1313 quse
225 1225 324 1291 Patris
344 1230 446 1292 taciem
465 1228 581 1292 assidue
601 1237 786 1292 contuentur.
831 1224 892 1290 lam
911 1226 1277 1290 rvcrnclementnrumno-
1316 1220 1323 1236 ’
1362 1219 1367 1230 ’

131 1332 227 1409 mina,
251 1351 324 1413 quae
342 1333 456 1416 quidem
471 1331 594 1416 exprimi
611 1331 654 1393 las
670 1339 730 1405 est,
755 1339 878 1414 suntque
893 1329 1067 1406 conamunia,
1092 1330 1224 1404 Aeones,
1249 1338 1278 1389 et

131 1429 310 1510 Sermones,
340 1454 374 1495 ac
393 1431 538 1512 Radices,
563 1430 700 1508 Semina,
725 1427 891 1494 Pleromate
908 1453 942 1521 qo
958 1428 1084 1495 Fructus
1104 1430 1276 1516 appellabat.

133 1534 217 1618 Quae
231 1545 326 1598 nutem
345 1534 511 1618 singillatim
528 1534 668 1619 cuiusque
683 1543 752 1596 sunt
767 1534 896 1620 propria,
920 1529 953 1596 ed
967 1532 1121 1598 Ecclesiae
1136 1533 1278 1597 vocabulo

132 1634 340 1721 comprehensa
366 1636 486 1720 intelligi
513 1636 729 1720 significabat·
756 1634 887 1718 Quorum
910 1636 1121 1699 elementorum
1146 1647 1279 1699 extrema

132 1737 224 1803 ultimi
247 1738 331 1801 litera
354 1759 456 1802 vocem
478 1759 559 1802 suam
582 1738 695 1818 emisit,
729 1740 812 1802 cuius
832 1760 922 1803 sonus
941 1739 1045 1802 exiens
1065 1740 1100 1801 ad
1120 1738 1279 1801 elemento·

132 1863 195 1904 rum
219 1839 436 1904 similitudinem
464 1840 580 1925 propria
607 1840 749 1904 elementa
776 1842 930 1925 produxit3
964 1863 979 1903 a
1009 1841 1113 1924 quibus
1139 1840 1279 1903 inferiora

133 1943 205 2007 haee
221 1943 373 2022 ordinata,
397 1943 549 2028 superiora
568 1963 640 2006 vero
655 1943 752 2027 genita
768 1963 835 2006 esse
851 1943 976 2006 censuit.
1022 1943 1112 2005 Addit
1127 1963 1199 2005 vero
1216 1942 1279 2004 lite·

131 2067 209 2124 ram,
234 2045 317 2116 cuius
332 2066 423 2108 sonus
440 2065 544 2108 sonum
563 2045 640 2108 inira
657 2045 907 2129 consequebatur,
932 2067 949 2108 a
967 2046 1076 2131 syllaba
1093 2066 1145 2108 sua
1162 2066 1276 2107 sursum

131 2160 262 2214 evectam
282 2148 317 2210 ad
337 2148 504 2211 universum
524 2147 718 2231 explendum
750 2169 851 2211 sonum
873 2159 967 2210 eutem
988 2149 1080 2232 ipsum
1101 2147 1182 2209 velut
1200 2148 1278 2208 loros

131 2250 274 2314 abiectum
295 2251 325 2312 in
343 2250 530 2313 interioribus
551 2249 693 2313 haesisse.
739 2248 922 2313 Elemeutum
942 2272 1046 2335 porro,
1079 2249 1161 2312 cuius
1180 2248 1228 2311 illa
1245 2248 1279 2310 li·

131 2363 192 2416 tera
214 2362 276 2430 est,
309 2374 373 2415 cum
395 2352 630 2436 pronuntiatione
654 2373 708 2415 sua
729 2353 863 2416 deorsum
882 2353 1050 2429 deseendit,
1082 2351 1167 2435 idque
1187 2351 1279 2413 literis

130 2465 266 2519 constare
284 2455 403 2518 tricenis
420 2453 543 2533 asserit,
569 2476 689 2539 quarum
708 2455 839 2539 singulae
856 2453 926 2517 alias
942 2455 971 2517 in
988 2476 1021 2518 se
1038 2455 1137 2517 literas
1154 2455 1280 2538 comple·

130 2579 188 2622 xae
207 2558 282 2637 sint,
307 2558 411 2641 quilius
427 2557 528 2620 literae
545 2578 650 2620 nomen
668 2558 839 2643 appelletur.
885 2556 1069 2642 Easdemque
1087 2577 1200 2620 rursum
1216 2557 1281 2620 lite-

130 2681 178 2724 ras
194 2659 259 2723 aliis
277 2659 421 2723 nominari
438 2660 543 2738 literis,
567 2680 641 2745 quae
659 2660 763 2724 iterum
780 2661 844 2723 aliis
865 2672 894 2723 et
912 2661 992 2746 ipsae
1010 2669 1224 2744 nuncupentur,
1250 2671 1282 2721 ut

128 2763 160 2826 iu
177 2760 319 2826 inlinitum
338 2762 387 2826 illa
406 2764 555 2826 literarum
577 2763 729 2826 multitudo
750 2765 899 2848 procedat.
946 2762 1030 2847 Quae
1051 2763 1149 2826 omnia
1168 2763 1280 2826 lucilius

131 2866 185 2929 lunc
207 2866 292 2927 modo
315 2864 470 2951 percipies.

213 2964 398 3030 Elementum
417 2968 493 3030 delta
514 2966 640 3052 quinque
657 2968 758 3032 literas
776 2969 922 3047 eontinet,
948 2968 1082 3032 nimirum
1101 2968 1145 3048 l),
1170 2968 1214 3049 Ε,
1239 2968 1277 3046 L,
1301 2977 1359 3043 cip.
1377 2976 1408 3026 v.

130 3068 171 3147 Τ,
196 3068 237 3131 Α.
284 3068 368 3153 Quae
386 3070 489 3132 literae
506 3069 571 3132 aliis
585 3069 707 3155 insuper
722 3071 813 3134 literis
830 3071 1008 3150 scribuntur,
1034 3084 1062 3134 et
1080 3072 1133 3135 luae
1150 3073 1279 3135 vicissim

128 3172 203 3238 aliis.
251 3170 343 3256 igitur
360 3171 385 3235 si
403 3172 448 3250 id,
471 3171 502 3235 iu
520 3193 577 3256 quo
595 3173 686 3257 ipsius
704 3174 781 3237 delta
798 3184 900 3237 nature
916 3175 1067 3253 consistit,
1092 3175 1120 3238 in
1138 3174 1278 3237 inlinitum
1324 3224 1332 3234 .

128 3276 277 3354 excurrit,
302 3286 331 3338 et
348 3275 383 3336 ab
402 3273 466 3337 aliis
484 3275 539 3336 alia
555 3287 751 3360 propagantur
767 3276 951 3361 invicemque
970 3278 1147 3354 succedunt,
1172 3287 1279 3359 quanto

127 3378 220 3462 magis
239 3377 390 3463 ipsiusmet
408 3376 544 3439 elementi
565 3379 657 3440 maius
676 3379 733 3442 erit
749 3378 898 3443 literarum
918 3381 997 3444 velut
1014 3381 1154 3464 pelagus?
1199 3378 1278 3441 Etsi

127 3481 200 3545 adeo
219 3481 329 3544 infinita
352 3480 390 3542 sit
410 3500 465 3542 une
484 3479 628 3542 duntaxat
646 3481 749 3562 litera,
782 3483 849 3546 vide
868 3483 957 3546 tutius
979 3481 1103 3545 nominis
1123 3502 1206 3566 qnam
1226 3482 1280 3544 im·

127 3675 165 3721 tor
187 3675 239 3734 post
262 3664 324 3722 oriri
349 3671 449 3732 addin,
475 3684 528 3720 cum
553 3673 689 3721 sententium
721 3675 812 3724 lrenoei
828 3675 961 3723 eddoribos.

126 3753 223 3802 moeurs
244 3740 376 3800 perturbent
396 3741 587 3801 paucissimisque
609 3744 689 3788 notem
756 3739 798 3792 29.
814 3745 851 3790 Ex
868 3742 1082 3803 Pseudo-Oripeoe
1106 3746 1127 3790 et
1147 3743 1193 3791 l'et.
1209 3743 1281 3792 loter-

127 3813 166 3856 tur
180 3809 325 3869 pleromatis
339 3808 448 3868 indiciis,
474 3808 545 3869 ploce
561 3808 627 3856 rides
646 3809 687 3858 de·
718 3816 783 3873 prete
796 3811 888 3872 reposui
906 3799 941 3859 cir
956 3825 999 3870 pro
1015 3801 1060 3873 οὗ,
1076 3811 1139 3871 quod
1155 3812 1225 3873 vulpe
1240 3824 1281 3859 err·

128 3876 198 3926 tendo
214 3877 292 3938 sumre.
720 3884 754 3927 tut
771 3882 796 3928 in
812 3879 941 3939 Epiphanii
957 3880 1029 3927 tibris.

160 3941 203 3995 26.
225 3940 296 3996 κάτω
322 3948 381 3992 reete
404 3946 551 3993 restituerunt
577 3946 687 4006 Grotius,
754 3945 794 3997 30.
812 3943 862 4010 qnia
880 3947 1117 4010 Pseudo-Oripenes.

128 4013 223 4074 otiique,
238 4025 282 4074 pro
295 4012 394 4073 ratpoto
407 4013 524 4073 scriptore
539 4008 632 4065 καὶτὸ.
657 4015 687 4061 Et
754 4013 794 4064 31.
817 4009 859 4065 διὰ
884 4013 934 4065 τῶν
957 4011 1113 4082 γραμμάτων
1144 4013 1282 4083 γραφέντος

131 4081 175 4129 Vei
185 4081 299 4141 Interpres
312 4081 380 4128 noser
394 4077 515 4128 deorsum.
539 4082 566 4131 lu
579 4082 630 4130 cod.
644 4081 686 4129 Ve·
719 4083 953 4145 Pseudo-Ortpsnes.

126 4152 179 4198 neto
196 4153 259 4198 rotet
276 4145 320 4199 xci
336 4148 381 4198 rui.
754 4148 811 4198 Cer.
827 4149 857 4198 V.
880 4179 913 4188 -
941 4152 961 4202 l.
985 4169 1014 4206 τε
1030 4157 1149 4218 corripient
1164 4156 1282 4215 Petuor'us,

159 4213 200 4268 27.
221 4218 257 4267 lto
274 4217 434 4277 corripendum
450 4220 513 4277 erol,
538 4230 580 4265 neo
595 4221 688 4278 praeter
720 4220 820 4268 Grotius
837 4221 930 4282 ultique.

127 4288 287 4334 auctoritorem
301 4287 347 4333 Vel.
360 4287 499 4347 lnterprets‘s,
512 4287 553 4346 qut
563 4286 631 4334 volit
644 4282 684 4332 di·
752 4288 778 4335 2.
795 4283 932 4352 γράμματα
951 4305 996 4341 noa
1015 4296 1079 4342 estut
1096 4295 1122 4342 in
1139 4293 1194 4341 edit.
1205 4295 1281 4353 princ.

129 4350 171 4402 cit.
205 4354 271 4402 libri
287 4354 370 4402 notem
387 4350 474 4418 λέγειν.
720 4356 809 4404 Adiecit
827 4360 931 4416 mnium
952 4362 1064 4410 Petoor‘us
1089 4363 1118 4410 de
1139 4361 1190 4410 cod.
1209 4360 1281 4408 Votic.

160 4418 201 4472 28.
219 4423 255 4471 ltu
267 4422 490 4483 Pseudo-(triponis.
514 4423 541 4472 lo
554 4422 620 4471 tibris
631 4421 687 4482 Epi·
719 4424 840 4484 lteperttur
857 4428 926 4474 etr'om
942 4431 967 4477 tn
984 4430 1204 4498 Pseudo-Oripene
1221 4433 1242 4482 et
1258 4431 1283 4479 ia

125 4489 209 4552 pionii
219 4492 333 4551 reperitur
343 4484 422 4548 κάτω,
433 4480 619 4554 ὃγραμμάτων.
641 4491 687 4539 De·
720 4492 771 4541 cod.
787 4493 876 4543 Veneto.

127 4559 172 4607 term
187 4557 247 4606 tuno
262 4548 292 4622 ὃ,
317 4559 379 4620 quod
394 4570 435 4607 nec
454 4559 501 4607 Vel.
514 4559 627 4621 lnterpres
640 4572 687 4607 nnn
754 4559 778 4612 3.
796 4558 832 4621 εἰς
848 4563 899 4613 cod.
917 4566 991 4616 Vener.

128 4627 248 4688 opressit,
270 4639 323 4676 oum
337 4627 437 4688 Gentio,
460 4628 577 4678 llossuelo
589 4628 687 4692 odiisque
