3046 5084
135 347 195 409 528
555 360 676 411 SANCTI
695 361 864 412 ΕΡΙΡΗΛΝΙῘ

138 474 216 541 Κόϊν
231 478 278 542 καί
297 474 316 541 ό
332 475 420 558 Σὴθ,
443 479 541 557 δῆλον.
585 472 619 539 ‘0
634 474 788 562 γῦρ”Αβελ
801 475 941 562 νεῶτερος
955 475 1150 562 ύπεκτιίνθη,
1172 480 1297 564 μηδέπω

134 606 239 663 γημας.

66 826 72 839 ·
99 787 115 838 '·
217 781 268 859 Ὡς
283 785 314 849 δέ
330 786 361 849 έν
375 792 436 858 τοῖς
448 781 627 866 Ἰωβῃλαίοις
643 780 820 868 εύρίσκεται,
844 791 881 873 τῇ
894 786 945 850 καλ
960 788 1176 871 Λεπτογενέσει
1189 796 1295 853 καλου·

133 890 222 977 μένῃ,
254 889 305 951 καλ
322 887 358 951 τοί
377 884 507 969 όνόματα
524 894 585 950 τῶν
600 893 749 971 γυναικῶν
765 893 819 951 τοῦ
835 910 865 951 τε
880 885 959 951 Κόϊν
976 891 1028 953 καὶ
1045 896 1101 955 τοῦ
1117 890 1196 973 Σήθ
1213 888 1236 975 ἦ
1251 894 1292 973 βί·

133 994 201 1071 βλος
218 992 354 1074 περιέχει·
387 992 436 1053 ἵνα
451 987 525 1053 κατό
543 986 637 1053 πάντα
653 987 764 1073 τρόπον
781 981 864 1054 οῦτοι
880 1000 1156 1073 καταισχυνθῶσιν,
1179 996 1213 1059 σῖ
1224 992 1295 1069 τοῦς

134 1091 253 1173 μύθους
268 1100 308 1180 τῷ
324 1096 380 1180 βίῳ
397 1090 635 1179 βαψφδήσαντες.
680 1098 740 1157 Τοῦ
755 1090 811 1177 γῦρ
824 1090 916 1173 Ἀδόμ
930 1092 1126 1177 γεννήσαντος
1140 1094 1232 1173 υίούς
1245 1098 1294 1161 καί

134 1197 302 1279 θυγατέρας
318 1191 431 1279 α’νόγκιχ
450 1195 550 1278 γέγονε
569 1190 631 1257 κατ’
650 1196 745 1259 έκεῖνο
761 1202 867 1281 καιροῦ
883 1192 1022 1276 οίδελφαῖς
1035 1206 1100 1275 ταῖς
1117 1200 1211 1275 ἰδίαις
1226 1222 1293 1265 συν-

134 1305 273 1378 οφθῆναι
288 1295 358 1371 τοῦς
376 1299 493 1370 παῖδας.
543 1293 588 1359 Ού
606 1294 661 1379 γῦρ
679 1289 718 1377 ἦν
734 1297 909 1381 παράνομον
923 1295 956 1363 τό
974 1306 1126 1379 τοιοῦτον,
1158 1304 1224 1367 ἐπεὶ
1241 1328 1292 1385 μῃ-

134 1400 183 1463 δέν
198 1401 295 1482 ἕτερον
312 1400 396 1482 γένος
413 1390 459 1480 ἦν.
505 1400 565 1461 Καὶ
581 1397 636 1482 γαρ
652 1400 701 1461 καὶ
716 1397 820 1478 αῦτός,
843 1396 884 1475 ῶς
898 1403 969 1475 έπος
982 1404 1091 1481 εἰπεῖν,
1113 1402 1134 1469 ο’
1147 1400 1241 1487 Ἀδοίμ
1257 1396 1292 1493 τῃ

134 1504 194 1587 ἰδίᾳ
220 1502 347 1585 θυγατρί
370 1498 474 1582 σχεδόν
496 1507 532 1588 τῃ
553 1503 585 1565 έκ
608 1500 816 1583 τοῦσώματος
837 1500 927 1568 αύτοῦ
948 1508 1113 1595 πλασθείσῃ
1135 1504 1292 1591 συνήφθῃ,

134 1602 208 1667 κατοί
226 1607 365 1687 συζυγίαν
383 1600 463 1690 αύτῷ
480 1605 512 1666 έκ
530 1610 609 1666 θεοῦ
625 1606 830 1695 πεπλασμένῃ,
853 1607 902 1669 καλ
918 1602 972 1670 ούκ
991 1600 1029 1689 ἦν
1044 1606 1241 1692 παρύνομον·
1263 1612 1295 1675 οῖ

133 1732 160 1768 τε
182 1704 290 1770 τοῦτου
313 1707 374 1769 υίολ
396 1704 595 1787 συνήφθησαν
616 1703 634 1769 ό
656 1707 707 1787 μέν
727 1705 806 1771 Κοίϊν
826 1715 863 1796 τῃ
884 1705 995 1797 α’δελφῃ
1013 1718 1049 1798 τῃ
1064 1714 1178 1793 μείζονι
1193 1710 1291 1795 Σαυιλ,

133 1807 212 1873 οῦτοι
231 1809 413 1895 καλουμένῃ,
445 1805 462 1872 ό
484 1809 515 1871 δέ
535 1806 606 1890 Σύθ
623 1813 719 1893 τρίτος
738 1807 805 1885 υίός
823 1808 894 1891 μεταλ
911 1807 964 1876 τόν
973 1808 1062 1894 ’Ἅβελ
1078 1816 1242 1897 γεννηθείς
1256 1820 1292 1903 τῇ

132 1912 274 1999 λεγομένῃ
292 1908 383 1975 αύτοῦ
399 1908 510 1999 οίδελφῃ
525 1909 656 1997 Ἀζουρςῖ.
691 1910 833 1996 Γεγόνασι
847 1913 879 1977 δέ
892 1919 933 2001 τῷ
946 1910 1037 1996 Ἀδολμ
1050 1916 1104 1979 καί
1118 1912 1206 1981 ἄλλοι
1217 1918 1291 1995 υίσλ,

135 2011 176 2089 ῶς
190 2010 210 2095 ἡ
227 2011 332 2093 Λεπτή
347 2015 464 2088 Γένεσις
479 2015 619 2097 περιέχει,
641 2015 725 2078 ε’ννέα
742 2012 811 2095 μετό
827 2012 896 2090 τούς
910 2024 985 2099 τρεῖς
998 2013 1138 2093 τούτους·
1162 2014 1207 2095 ῶς
1218 2014 1291 2085 εἶναι

134 2114 213 2204 αύτῷ
234 2115 289 2181 δύο
303 2117 356 2198 μέν
371 2117 547 2201 θυγατέρας,
571 2114 697 2199 όίρρενας
713 2117 744 2181 δέ
758 2120 896 2197 δεκαδύο,
916 2120 969 2183 ἕνα
982 2120 1036 2201 μέν
1048 2117 1291 2199 οίποκτανθένσιι,

132 2222 236 2284 ένδειια
257 2220 289 2284 δέ
306 2221 549 2302 περιλειφθέντας
565 2226 605 2306 τῷ
623 2224 686 2307 βίῳ.
723 2217 820 2301 Ἔχεις
841 2221 873 2285 δέ
890 2222 941 2286 κοιλ
957 2218 1142 2305 τούτουτὴν
1158 2224 1291 2306 ἔμφασιν

132 2325 163 2387 έν
183 2330 218 2409 τῃ
236 2324 351 2386 Γενέσει
369 2329 423 2385 τοῦ
442 2319 565 2402 Κόσμον
585 2322 635 2385 καὶ
654 2320 757 2411 τερείνῃ
776 2326 868 2411 βίβλῳ
884 2322 966 2409 παρῦ
983 2330 1115 2389 Μυῦσεῖ
1128 2322 1214 2393 οῦτοι
1232 2352 1289 2409 φα-

131 2423 256 2512 σκούσῃ·
292 2426 352 2488 Καὶ
373 2427 471 2506 έζησεν
489 2421 582 2505 Ἀδόμ
604 2426 653 2505 έτῃ
676 2422 829 2491 ἐννακόσια
850 2424 1022 2511 τριάκοντα,
1050 2426 1102 2493 καλ
1127 2428 1286 2513 ἐγέννησεν

132 2524 218 2601 υἱούς
240 2528 288 2589 καί
312 2528 492 2611 θυγατέρας,
515 2528 566 2590 καὶ
589 2524 729 2592 όπέθανε.

86 2618 114 2672 Ψ·
219 2630 453 2693 Πλατυνθέντων
470 2629 502 2692 δέ
518 2636 575 2692 τῶν
590 2626 777 2713 οίνθρῶποιν,
806 2632 924 2713 καὶτῆς
939 2636 1110 2717 γενεῦςτσῦ
1124 2628 1223 2717 Ἀδελμ
1238 2636 1287 2701 Cu·

131 2838 221 2915 θεξῆς
235 2838 455 2916 προβαίνουσα,
477 2835 526 2897 καί
545 2835 662 2919 ἐπείπερ
680 2836 815 2920 γεγόνασι
830 2839 933 2912 παῖδες
948 2842 989 2925 τῷ
1001 2824 1165 2919 Ἀδόμ-καλ
1181 2842 1289 2917 παῖδες

131 2942 261 3013 παίδων,
294 2938 454 3021 θυγατέρες
475 2936 507 2999 δὲ
529 2938 561 3001 ἐκ
578 2936 691 3002 τούτων
705 2936 780 3003 κατεῖ
797 2938 935 3021 διαδοχήν
950 2939 1053 3024 γένους
1069 2938 1288 3025 έγεννήθησιεν,

131 3038 236 3105 λοιπόν
258 3036 356 3104 οῦκέτι
373 3038 426 3114 τοῖς
442 3036 539 3103 αύτῶν
556 3036 687 3119 οίδελφός
704 3038 780 3124 πρός
793 3038 889 3126 γόμον
903 3040 1026 3128 ἤγοντο,
1057 3038 1130 3107 οίλλιλ
1146 3044 1191 3121 είς
1204 3040 1288 3111 εόντ-

131 3148 201 3226 μίαν
218 3144 340 3224 κατέστη
362 3144 412 3207 καλ
435 3138 493 3226 πρό
516 3146 569 3206 τοῦ
586 3140 637 3206 διολ
653 3144 811 3219 Μωῦσέως
826 3143 977 3230 έγγρόφου
992 3141 1088 3225 νόμου
1103 3142 1124 3211 ό
1139 3144 1219 3211 κιττῶ
1233 3146 1287 3215 τόν

129 3245 235 3328 σεμνόν
255 3248 351 3332 γοίμον
370 3243 498 3326 θεσμός,
528 3248 580 3309 καὶ
602 3248 634 3310 έκ
653 3252 713 3311 τῶν
732 3248 946 3331 πατραδέλφων
965 3244 1065 3314 αῦτῶν
1085 3244 1142 3325 τοῖς
1156 3246 1289 3335 γαμεττίς

129 3352 243 3414 ἑαυτῶν
259 3347 372 3434 ἤγοντο.
419 3349 479 3410 Καὶ
497 3345 592 3423 οῦτοις
608 3351 833 3431 πλατυνομένων
851 3346 917 3433 όίρτι
931 3356 991 3415 τῶν
1006 3346 1180 3435 ύνθρῶπιον
1197 3354 1286 3439 έμίγῃ

128 3451 165 3515 τό
180 3451 233 3517 δύο
250 3455 336 3537 γένῃ,
357 3458 411 3516 τοῦ
427 3476 456 3515 τε
473 3449 551 3515 Κόϊν
568 3449 644 3536 πρός
658 3447 690 3515 τό
707 3453 790 3535 γένος
805 3458 858 3518 τοῦ
871 3450 958 3535 Σὴθ,
980 3454 1032 3517 καλ
1047 3458 1103 3517 τοῦ
1118 3452 1193 3537 Σὴθ
1210 3452 1288 3541 πρός

130 3554 273 3639 θείτερον,
305 3558 356 3619 καὶ
377 3553 412 3619 τό
435 3552 504 3618 ε’ίλλα
525 3561 584 3618 τῶν
607 3558 681 3619 υίῶν
701 3562 754 3619 τοῦ
771 3551 862 3637 Ἀδύμ
881 3557 958 3640 γένη.
999 3550 1159 3621 Ἐντεῦθεν
1178 3556 1288 3625 λοιπόν

129 3666 182 3723 τοῦ
197 3665 401 3740 κατακλυσμοῦ
419 3656 512 3742 όίρδ-ῃν
527 3654 560 3722 τό
576 3664 637 3721 πᾶν
652 3665 705 3740 τῆς
719 3655 847 3734 στοίσεοις
861 3666 920 3723 τῶν
936 3654 1108 3741 ύνθρῶπων
1121 3654 1287 3727 οῖπολέσαν-

129 3788 179 3837 τος
195 3761 429 3840 διαπεφύλακται
451 3759 542 3843 μόνος
559 3767 644 3839 Νῶε,
676 3757 770 3843 εύρῶν
790 3758 875 3845 χύριν
896 3758 977 3845 παρῦ
997 3766 1039 3849 τῷ
1054 3766 1137 3849 θεῷ,
1169 3765 1288 3841 δίκαιος

130 3862 263 3950 εῦρεθείς
280 3866 310 3927 έν
326 3872 361 3953 τῃ
378 3861 440 3927 κατ’
456 3866 549 3929 έκεῖνο
565 3870 671 3947 καιροῦ
686 3870 784 3951 γενεᾷ·
805 3860 935 3947 λόρνακα
951 3863 984 3928 δέ
996 3860 1071 3929 κατεῖ
1085 3860 1123 3927 τῦ
1136 3860 1198 3947 ἤδη
1212 3862 1287 3951 πρό-

131 3994 214 4052 τερον
233 3965 305 4050 ἡμῖν
327 3968 464 4050 εἰρημένα
482 3964 691 4032 κατεσκεύασεν
712 3967 807 4053 ἑαυτῷ
828 3968 861 4031 έιι
877 3962 1098 4051 προςτοίγματσς
1118 3974 1214 4047 θεοῦ,
1244 3964 1288 4047 ῶς

131 4074 246 4153 έχουσιν
261 4073 294 4134 αἱ
306 4067 446 4152 ιίλῃθιναλ
460 4072 583 4155 γραφαί,
607 4072 638 4134 έν
655 4062 673 4157 ᾖ
688 4072 885 4133 διασεσῶσθαι
902 4066 924 4151 ἦ
937 4064 1013 4151 αύτὴ
1026 4065 1135 4149 φόσιιει
1146 4074 1203 4155 τῆς
1215 4068 1285 4155 τέλη-

130 4179 215 4248 θείας
231 4178 332 4256 βίβλος
355 4171 446 4237 αῦτόν
466 4198 496 4237 τε
515 4175 566 4238 καὶ
586 4170 639 4248 τοῖς
656 4172 867 4257 προειρημένας
885 4168 966 4261 αύτῷ
987 4170 1049 4254 δι’μα
1069 4168 1146 4237 έπτολ
1167 4172 1285 4257 ψυχιίς·

129 4279 208 4359 φημί
224 4277 256 4341 δέ
268 4274 321 4359 τήν
334 4302 365 4340 τε
380 4277 459 4340 ἰδίαν
472 4272 598 4361 σύζυγον
612 4276 663 4339 καλ
676 4271 748 4351 τοῦς
761 4282 839 4360 τρεῖς
849 4271 947 4354 υῖούς,
967 4272 1112 4359 γυναῖκές
1124 4298 1157 4341 τε
1169 4274 1286 4345 ταῦτα

129 4377 240 4463 ὁμοίως
253 4388 337 4465 τρεῖς.
379 4376 430 4443 Ἐκ
445 4375 552 4443 τούτου
566 4380 599 4443 δέ
613 4383 739 4460 λείψανα
753 4382 928 4463 γεγενῆσθαι
942 4382 994 4461 τῆς
1006 4373 1081 4443 τατό
1094 4374 1150 4443 τόν
1163 4376 1284 4465 ι’ίνθρι-

130 4510 188 4551 πον
203 4481 368 4559 συστάσεως
388 4483 420 4547 έν
436 4478 538 4568 κόσμῳ
555 4478 642 4546 πόλιν
662 4477 824 4564 ἦοίλήθεια
839 4484 1021 4563 συνίστησιν·
1051 4478 1129 4547 ὅθεν
1145 4478 1224 4549 κατεῖ
1238 4506 1282 4569 χε-
