3046 5084
271 335 332 395 ιιι
682 285 987 395 mmmmm

273 461 479 543 μυθευομένης
502 456 708 538 πολυκεφάλου
726 456 840 545 Ὕδρας
860 454 978 538 ῦφιόδη
998 454 1117 539 μορφὴν
1136 457 1167 521 ἐν
1191 457 1286 543 ἐαυτῷ
1307 452 1418 522 ἆνατυ·

275 560 463 642 πασάμενος,
484 558 572 624 πάλιν
585 561 726 639 ἐπανέστη
742 566 783 647 τῶ
798 562 870 647 βίῳ,
891 559 925 625 ἐκ
939 565 991 639 τῆς
1006 555 1118 622 τοῦτον
1133 559 1186 639 μέν
1200 564 1304 640 σχολῆς
1320 555 1418 643 ῦπάρ·

276 689 351 745 γιον,
373 664 455 743 ἕτερα
473 660 505 724 δέ
521 658 601 743 παρά
616 658 739 735 τούτους
754 658 905 745 κηρύττων
918 661 970 725 καί
985 656 1201 743 ὑφηγούμενος.
1241 656 1295 735 Ὦς
1313 657 1370 745 γάρ
1392 664 1423 726 εί

276 789 321 839 τις
334 761 482 839 συνάξειεν
500 763 593 848 ἑαυτῷ
610 762 643 826 ἐκ
661 759 815 843 διαφόρων
831 764 925 825 λίθοιν
940 764 1044 842 τιμίαν
1063 759 1191 842 κόσμον,
1212 764 1264 828 καί
1283 767 1420 845 ποικίλης

277 866 404 945 ἐσθῆτος
419 866 548 944 ἔνδυμα,
570 864 620 927 καί
639 866 793 942 διαφανῶς
808 859 912 926 ἓαυτδν
928 860 1083 944 κοσμήσει,
1105 860 1183 927 οῦτοι
1204 864 1255 928 καί
1277 855 1363 939 οὗτος
1383 862 1418 930 τδ

278 962 423 1030 α’νάπαλιν
448 971 508 1029 πᾶν
533 961 634 1029 ὁτιοῦν
656 962 752 1029 δεινὸν
773 965 825 1027 καὶ
847 960 997 1044 όλετηριον
1020 964 1071 1027 καὶ
1092 961 1251 1044 βδελυκτδν
1271 962 1419 1049 κήρυγμα,

278 1063 418 1150 άμορφόν
439 1091 468 1129 τε
489 1066 541 1129 καί
564 1061 729 1142 άπίθανον,
751 1060 867 1145 ἆζηλίας
887 1065 1032 1145 ἔμπλεων,
1055 1061 1122 1148 παρ’
1141 1063 1265 1147 ἑκάστης
1280 1068 1419 1149 αἱρέσεως

276 1165 376 1249 λαβοίν
398 1163 503 1230 ἑαυτόν
520 1162 704 1230 άνετόπιυσεν
719 1168 761 1239 είς
777 1162 901 1240 άπάσας.
943 1171 1134 1248 Σαμαρειτῶν
1157 1167 1210 1248 μέν
1228 1165 1285 1251 γάρ
1305 1170 1362 1249 ἔχει
1383 1166 1418 1234 τό

277 1264 433 1353 βδελυρόν,
455 1261 608 1331 Ἰουδαίαν
630 1267 662 1332 δέ
684 1264 716 1331 τδ
740 1264 851 1348 όνομα,
873 1263 1015 1330 Ὀσσαίιον
1037 1266 1070 1331 δέ
1091 1268 1144 1331 καλ
1164 1271 1347 1352 Ναζωραίων
1367 1271 1417 1334 καί

280 1372 460 1453 Νασαραίιον
483 1365 537 1450 τήν
561 1366 696 1452 γνῶμην,
726 1374 938 1450 Κηρινθιανῶν
962 1365 996 1433 τό
1021 1365 1113 1446 εἶδος,
1145 1375 1419 1453 Καρποκρατιανῶν

276 1468 330 1552 τὴν
343 1472 556 1552 κακοτροπίαν,
577 1470 629 1534 καί
648 1475 832 1552 Χριστιανῶν
848 1466 982 1550 βούλεται
996 1471 1070 1551 ἐχειν
1085 1468 1138 1552 την
1155 1475 1353 1555 προςηγορίαν
1369 1469 1419 1553 (οῦ

276 1570 333 1657 γάρ
348 1570 503 1652 δήπουθεν
519 1569 573 1653 τήν
587 1586 617 1634 τε
633 1573 740 1654 πρᾶξιν
754 1571 804 1635 καί
819 1569 872 1651 τὴν
887 1568 1006 1655 γνῶμην
1022 1574 1072 1635 καί
1085 1570 1138 1653 τήν
1155 1579 1277 1657 γνῶσιν,
1299 1574 1351 1637 καλ
1364 1572 1419 1656 τὴν

277 1679 336 1760 τῶν
363 1669 534 1757 εὐαγγελίων
557 1673 606 1736 καί
629 1669 799 1736 ἀποστόλων
822 1674 890 1754 περί
916 1676 1038 1747 πίστεως
1061 1672 1301 1757 συγκατάθεσιν)·
1329 1676 1419 1757 μίσος

277 1774 325 1849 δέ,
357 1771 397 1848 ῶς
421 1776 528 1852 εἰπεῖν,
557 1770 696 1837 άπάντων
717 1771 867 1857 τυγχάνων
890 1771 977 1839 οῦδὲν
1002 1777 1149 1854 πέφυκεν,
1176 1772 1247 1839 άλλά
1271 1771 1316 1841 ἐπ’
1337 1773 1419 1862 αῦτρῑ

277 1881 438 1958 πληροῦται
452 1874 485 1940 τδ
504 1876 717 1961 γεγραμμένον,
741 1871 818 1956 Παρ’
833 1872 929 1959 ὀλίγον
944 1874 1080 1960 ἐγενόμην
1096 1878 1127 1940 ἐν
1142 1877 1229 1941 παντί
1249 1882 1345 1963 κακῷ,
1368 1879 1419 1957 μέ-

278 1998 331 2040 σον
347 1977 499 2057 ἐκκλησίας
515 1978 566 2040 καὶ
584 1982 762 2060 συναγωγῆς.
805 1981 989 2061 Σαμαρείτης
1004 1977 1056 2058 μέν
1078 1969 1133 2041 οῦν
1151 1975 1193 2043 ῶν
1216 1975 1265 2042 διά
1282 1985 1334 2061 τῆς
1348 1981 1418 2059 βδε-

277 2082 378 2161 λυρίας
401 2075 530 2159 τοῦνομα
557 2075 701 2161 άρνεῖται,
729 2074 878 2142 Ἰουδαῖον
903 2078 935 2143 δδ
958 2075 1063 2143 έαυτδν
1086 2074 1236 2163 ὁμολογῶν
1257 2076 1420 2156 Ἰουδαίοις

279 2176 452 2259 άντίκειται,
480 2183 574 2243 καίτοι
597 2186 766 2259 συμφωνῶν
791 2176 889 2254 αὐτοῖς
913 2180 945 2245 έν
967 2180 1063 2263 μέρει,
1093 2176 1134 2254 ῶς
1156 2177 1279 2264 ὕστερον
1300 2183 1418 2257 ἐντοῖς

277 2283 345 2365 περί
365 2280 473 2347 τοῦτου
494 2279 656 2356 άποδείξεσι
682 2282 755 2345 1καί
776 2287 829 2344 τοῦ
851 2277 913 2345 κατ’
933 2276 1031 2345 αὐτῶν
1052 2281 1167 2366 ἐλέγχου
1183 2279 1418 2367 παραστήσομεν,

279 2389 354 2448 θεοῦ
377 2385 618 2466 ἐπιβοηθοῦντος.

145 3001 211 3070 Κιρ.
228 2997 261 3069 β.
363 2984 460 3070 Οὗτος
481 2991 536 3080 γάρ
556 2989 574 3060 ό
590 2990 697 3076 Ἐβίαν
715 2991 874 3080 σόγχρονος
889 2992 942 3076 μέν
958 2991 1070 3059 τούτων
1085 2989 1231 3077 όπῆρχεν,
1252 2990 1301 3061 ἀπ’
1318 2990 1417 3061 αάτῶτ

278 3095 311 3161 δέ
328 3093 383 3163 σῦν
402 3093 503 3171 αῦτοῖς
518 3093 652 3179 ὁρμᾶται
700 3093 743 3160 Τά
761 3102 864 3182 πρῶτα
880 3095 912 3161 δέ
932 3097 967 3161 ίκ
984 3099 1168 3179 παρατριβῆς
1184 3098 1238 3163 καί
1253 3097 1418 3179 σπέρματος

277 3195 399 3285 άνδρδς,
426 3200 557 3263 τουτέστι
577 3203 631 3262 τοῦ
651 3192 782 3279 Ἰωσὴφ,
808 3194 860 3262 τόν
877 3194 1007 3281 Χριστόν
1029 3204 1223 3282 γεγεννῆσθαι
1245 3198 1354 3281 ίλιγεν,
1375 3193 1418 3272 οῦς

159 3333 208 3377 μς.
223 3323 265 3366 ινα
278 3303 330 3367 καί
349 3299 408 3383 ἤδη
430 3296 501 3382 ἡμῖν
522 3303 692 3383 προείρηται
706 3297 752 3363 ὅτι
767 3295 803 3363 τά
820 3302 869 3364 ίσα
885 3306 947 3373 τοῖς
968 3294 1065 3373 άλλοις
1083 3299 1115 3363 ἐν
1132 3297 1224 3365 ἅπασι
1244 3303 1363 3382 φρονῶν
1384 3299 1416 3362 ἐν

276 3403 372 3492 τοότμ
390 3400 472 3491 μόνμ
493 3402 657 3485 διεφέρετο,
679 3401 710 3464 έν
724 3407 765 3487 τῷ
785 3406 827 3488 τῷ
849 3398 930 3487 υόμμ
952 3405 1006 3465 ταῦ
1020 3396 1213 3483 Ἰουδαῖσμοῦ
1229 3398 1416 3484 κροςανίγειν

233 3551 237 3557 -
276 3502 351 3570 κατά
366 3501 563 3588 σαββατισμδν
581 3502 632 3567 καί
649 3499 725 3567 κατά
743 3498 795 3583 τὴν
810 3499 986 3587 περιτομὴν,
1007 3502 1058 3566 καί
1077 3500 1151 3568 κατά
1166 3499 1202 3566 τά
1216 3498 1288 3567 ῦλλα
1307 3497 1416 3579 πάντα,

277 3602 387 3691 ὅσαπερ
411 3602 492 3689 παρά
510 3601 670 3679 Ἰουδαίοις
690 3604 742 3668 καί
758 3608 953 3690 Σαμαρείταις
974 3605 1149 3669 ἐπιτελεῖται.
1186 3599 1253 3669 Ἔτι
1273 3601 1307 3667 δέ
1326 3604 1415 3669 πλείω

278 3696 366 3780 οὗτος
390 3705 471 3790 παρά
495 3705 566 3783 τοῦς
584 3703 753 3781 Ἰουδαίους
777 3702 888 3787 ὁμοίως
907 3713 969 3780 τοῖς
987 3709 1184 3790 Σαμαρείταις
1202 3700 1415 3791 διαπράττεται.

279 3807 447 3887 Προςίθετο
460 3806 515 3893 γάρ
528 3805 561 3875 τό
577 3816 811 3894 παρατηρεῖσθαι
823 3805 969 3873 ἅπτεσθαί
980 3831 1069 3871 τιναν
1080 3812 1141 3872 τῶν
1153 3804 1330 3889 άλλοεθνῶν,
1346 3801 1417 3873 καθ’

279 3902 402 3986 ἑκάστην
419 3909 451 3971 δέ
468 3906 594 3992 ἡμέραν,
616 3912 645 3974 εί
664 3934 736 3974 ποτε
759 3909 877 3993 γυναικί
895 3911 1078 3989 συναφθείη,
1099 3908 1150 3973 καλ
1168 3903 1219 3973 (ἐπ’
1236 3903 1327 3991 αῦτῆς
1344 3904 1416 3973 άντ-

277 4012 347 4095 στῇ,
369 4009 557 4087 ῥαπίζεσθαι
575 4012 607 4074 έν
621 4019 683 4086 τοῖς
698 4007 816 4086 ι’ίδασιν,
839 4011 924 4074 είπου
942 4009 975 4073 δέ
990 4007 1027 4073 δν
1041 4006 1198 4092 εάποροίη,
1219 4006 1240 4090 ἢ
1253 4006 1414 4088 θαλάσσης,

274 4105 297 4190 ἢ
317 4106 410 4172 άλλαν
433 4103 558 4175 ῦδάταν.
599 4108 682 4177 ’And
698 4113 749 4177 καί
766 4114 793 4177 εί
806 4108 992 4192 συναντήσειέ
1014 4136 1070 4176 τινι
1092 4107 1183 4175 α’νιιδν
1203 4106 1262 4175 άπδ
1283 4116 1337 4191 τῆς
1357 4113 1416 4172 τῶν
1443 4110 1449 4119 “

274 4204 392 4273 άδάταν
406 4206 590 4287 καταδύσεως
610 4214 660 4278 καί
680 4217 862 4295 βαπτισμοῦ,
884 4206 1021 4287 ῶςαότας
1042 4212 1131 4276 πάλιν
1147 4207 1295 4297 άνατρίγιι
1310 4210 1414 4292 βαπτί-

273 4315 384 4388 ζεσθαι,
406 4305 545 4383 πολλάκις
561 4312 613 4373 καί
625 4311 680 4377 στίν
694 4322 756 4389 τοῖς
771 4316 904 4396 ίματίοις.
952 4309 995 4377 Τά
1014 4318 1068 4378 νῦν
1082 4312 1114 4378 δέ
1129 4309 1327 4398 άπηγόρενται
1340 4335 1413 4375 παν-

306 4478 364 4529 Cu.
385 4482 405 4529 1.
431 4508 462 4518 -
507 4483 527 4531 1.
551 4482 591 4529 διο
613 4484 663 4531 ovd.
682 4485 779 4546 Ηλισίρ.
805 4491 827 4533 ιι
858 4478 1073 4537 ιαααλαεῖκτοῦ
1088 4479 1144 4535 κατ’
1156 4477 1241 4535 adrev
1256 4480 1417 4551 έλίγχοναιιλ

270 4549 346 4598 m
365 4549 422 4598 λλοιτ
440 4554 541 4611 utaque.
576 4548 740 4609 mmm
761 4552 826 4601 τίδι-
858 4546 906 4605 adv
920 4550 958 4619 τῷ
975 4546 1032 4603 κατ’
1045 4545 1130 4605 αάτῦτ
1145 4547 1252 4619 ium».
1287 4552 1417 4603 m
