3046 5084
509 370 669 423 natarunt
691 368 968 423 consultabunt.
1293 360 1311 418 5

162 486 228 552 lloc
246 489 322 551 cuim
344 507 514 573 persuasum
534 486 689 568 habemus,
713 488 740 554 si
758 489 871 573 quidem
892 509 1023 552 essemus
1039 489 1135 572 digni,
1159 491 1312 553 venientes

163 590 199 652 ad
217 600 245 654 te
261 601 291 654 et
309 589 460 653 audientes
479 610 532 652 nos
551 589 581 651 in
599 609 636 651 eo
651 589 807 651 sanctioris
824 591 903 652 vitae
918 611 1033 669 genere,
1045 589 1119 673 quod
1138 589 1312 673 arripuimus

163 693 363 755 confirmatum
383 692 437 769 iri,
469 690 623 753 dummodo
640 702 803 753 extremum
828 690 904 752 illius
926 713 960 753 ac
982 713 1123 753 summum
1148 714 1312 756 mereamur

162 795 290 877 assequi.
336 791 575 876 Quandoquidem
595 790 683 873 igitur
700 791 823 853 adrersa
843 791 1005 854 valetudine
1025 792 1196 876 premimur,
1221 795 1311 875 pieta-

162 905 219 959 tem
239 907 315 959 tuam
332 895 523 956 vehementer
536 911 671 970 oramus,
695 902 843 954 uteorum
861 891 944 954 nubis
962 893 1193 956 communionem
1211 915 1249 956 ue
1265 895 1310 957 in·

160 997 262 1060 videas
285 1015 358 1079 quae
380 995 410 1056 in
428 1004 456 1055 te
473 1013 577 1056 revera
596 1003 665 1056 sunt
683 1014 699 1056 a
716 993 865 1056 salvatore
882 994 999 1056 collata.
1043 993 1161 1057 Etenim
1180 1016 1238 1057 unu
1256 1017 1310 1058 nos

161 1099 216 1184 ipsi
241 1099 351 1174 solum,
384 1096 434 1159 sed
458 1094 657 1172 marinensi,
689 1094 737 1177 qui
762 1095 932 1173 andierunt,
963 1116 1070 1158 novum
1097 1105 1126 1159 tc
1146 1097 1307 1181 apostolam

160 1217 393 1285 praeconemque
408 1196 613 1260 confitentdta
631 1191 751 1260 Christo
769 1195 852 1259 nubis
870 1195 924 1258 bac
938 1207 1035 1260 aetate
1052 1198 1233 1281 productum,
1258 1219 1309 1261 ve-

160 1303 203 1364 lat
225 1300 346 1362 alterum
367 1298 508 1382 quendam
527 1296 684 1375 loannem,
717 1308 749 1361 ut
771 1318 806 1361 ea
828 1299 1012 1380 praeciperes
1034 1319 1108 1382 quae
1129 1299 1165 1363 ab
1187 1300 1224 1364 iis
1246 1321 1310 1364 ser·
1414 1304 1419 1319 '

161 1401 257 1465 vunda
277 1409 346 1463 aunt
366 1400 414 1483 qui
435 1420 503 1463 sese
524 1401 553 1463 in
574 1399 642 1463 illud
661 1399 835 1463 curriculum
853 1399 1064 1462 commiserint.
1109 1398 1307 1483 Quamobrem

162 1523 226 1566 oum
243 1499 401 1566 Marcellus
421 1501 582 1565 cummunis
601 1511 733 1565 nostrum
752 1502 880 1564 amnium
903 1503 994 1565 lratcr
1014 1511 1112 1566 tantae
1134 1505 1229 1567 lama'e
1248 1525 1309 1567 ma·

160 1603 309 1687 gnitudine
329 1603 492 1667 stimulatus
514 1604 549 1667 ad
570 1614 597 1666 te
614 1602 732 1688 pietatis
751 1613 818 1666 tuae
838 1603 983 1667 desiderio
1001 1604 1184 1683 traheretur,
1217 1606 1308 1668 idem-

159 1725 215 1790 que
236 1706 414 1769 munasterio
432 1715 534 1768 nostru
553 1716 634 1768 esset
652 1705 830 1790 adscriptus,
864 1705 1009 1769 huminem
1030 1707 1105 1769 nauti
1124 1707 1172 1790 qni
1193 1707 1307 1790 longin-

159 1808 266 1892 quitate
288 1817 369 1870 tanta
389 1806 503 1869 itineris
526 1816 627 1869 nostra
647 1809 713 1871 viee
731 1808 918 1890 fungeretur,
950 1809 1051 1871 rudem
1073 1809 1166 1872 adbuc
1185 1820 1214 1872 et
1236 1809 1306 1871 tiro-

157 1930 243 1986 nem,
274 1908 340 1971 huic
359 1909 413 1992 ipsi
434 1917 635 1992 peccatorum,
658 1906 784 1971 omnium
804 1908 941 1973 videlicet
958 1920 1105 1988 nostrum,
1137 1909 1308 1995 postulatio·

157 2033 224 2075 nem
240 2011 276 2074 ad
294 2022 323 2074 te
341 2006 453 2075 Christi
470 2008 639 2093 discipulum
655 2010 875 2092 perferendam,
901 2011 985 2095 paulu
1004 2032 1068 2074 eam
1086 2012 1201 2095 quidem
1218 2011 1308 2076 auda·

157 2114 284 2190 cionem,
308 2111 518 2175 mandavimus.
562 2107 718 2173 Petitianis
735 2130 824 2194 parra
841 2123 960 2175 nostrae
977 2135 1090 2177 summa
1107 2113 1180 2176 baec
1195 2126 1252 2192 est,
1276 2126 1308 2177 ut

157 2236 231 2299 qnae
248 2214 394 2277 nonnullis
412 2213 547 2276 iratribus
566 2212 683 2289 dixisti,
713 2231 750 2275 ea
768 2212 804 2274 ad
822 2222 951 2275 nostram
970 2204 1183 2279 institutionem
1200 2217 1306 2301 imper-

156 2316 205 2380 tiri
223 2336 282 2380 nou
298 2315 443 2399 graveris.
489 2312 575 2397 Quod
591 2324 622 2377 ut
640 2312 690 2377 tibi
706 2312 814 2375 bamini
832 2312 909 2376 iusto
925 2315 1076 2378 molestum
1095 2341 1153 2381 noo
1169 2319 1241 2396 erit,
1266 2319 1307 2382 ita

156 2419 241 2482 nobis
266 2417 484 2502 peccatoribus,
501 2416 540 2482 ,si
561 2416 718 2501 impetrare
739 2415 936 2499 patuerimus,
968 2415 1115 2498 ingentem
1137 2420 1166 2481 in
1189 2421 1306 2483 domiuo

155 2519 296 2584 laetitiam
318 2539 353 2581 ac
373 2518 550 2603 voluptatem
573 2519 696 2581 adferet.
743 2513 818 2582 Cum
835 2517 911 2579 enim
927 2516 1104 2602 spiritalibus
1124 2521 1180 2582 tuis
1194 2541 1307 2583 sermu-

156 2622 241 2686 nibus
261 2622 416 2698 satiamur,
446 2620 630 2704 iniquitatum
649 2629 814 2682 nostrarum
833 2638 925 2682 unere
942 2620 1141 2683 sublevamur.
1186 2621 1232 2683 Αι·
1253 2644 1306 2683 na-

155 2724 234 2789 mina
253 2724 366 2808 quidem
384 2723 465 2808 ipsa,
495 2740 569 2805 quae
585 2742 603 2784 a
618 2730 647 2783 tc
664 2731 733 2785 sunt
750 2721 921 2785 haeresibus
937 2721 1090 2808 imposita,
1119 2723 1176 2787 iam
1193 2724 1306 2788 audivi·

155 2849 232 2891 mus.
277 2824 366 2890 Nune
387 2823 614 2906 uniuscuiusque
635 2833 734 2886 aeetae
757 2824 860 2907 dogma
881 2824 1032 2908 perspicue
1054 2825 1196 2889 dcelarari
1216 2847 1233 2888 a
1256 2836 1306 2890 tua

155 2929 264 3014 pietate
281 2927 422 3013 cupimus.
467 2923 533 2988 lloc
553 2924 629 2987 enim
647 2944 800 2988 commune
819 2946 967 3010 exaequo
985 2927 1090 2989 donum
1109 2938 1155 2991 est
1173 2929 1306 2992 omnibus
1342 2926 1349 2945 ⁸

156 3033 295 3093 futurum.
342 3027 419 3092 Tum
435 3029 502 3092 illud
521 3027 610 3090 enixe
626 3047 779 3110 rogamus,
798 3038 834 3090 at
853 3048 905 3112 pro
922 3029 1081 3107 universis,
1105 3029 1153 3113 qui
1172 3030 1212 3092 tui
1229 3030 1306 3094 desi·

155 3133 237 3196 derio
255 3141 408 3208 tenentur,
441 3130 547 3214 quique
564 3129 632 3192 illud
653 3150 670 3191 a
690 3138 718 3191 te
735 3150 840 3193 munus
858 3139 1033 3214 expectant,
1066 3141 1115 3210 tu,
1147 3130 1305 3215 quiiustus

154 3256 205 3313 es,
236 3233 383 3297 dominnm
405 3232 546 3318 preceris.
590 3228 712 3295 Interim
734 3251 789 3294 nus
807 3231 837 3294 iu
857 3231 967 3295 ieiunio
989 3242 1019 3295 et
1035 3233 1167 3296 oratione
1184 3234 1217 3294 ad
1236 3232 1303 3294 illud

153 3335 341 3401 obtinendum
359 3333 541 3420 persistimus
561 3343 594 3397 nt
611 3334 702 3396 irater
721 3333 770 3396 ille
795 3345 896 3398 noster
916 3334 1042 3419 benigne
1064 3356 1081 3397 a
1103 3345 1131 3397 te
1151 3344 1304 3417 susceptus

154 3451 304 3525 acceptum
320 3437 390 3501 illud
408 3457 513 3499 munus
531 3436 566 3498 ad
583 3456 637 3498 uus
653 3446 802 3519 reportet,
826 3448 912 3521 atque
928 3437 967 3500 ita
981 3437 1054 3512 deo,
1078 3434 1168 3519 patri,
1193 3434 1250 3497 filio
1269 3458 1303 3498 ae

153 3542 267 3628 spiritui
282 3549 385 3606 sancta
400 3538 502 3602 solitas
521 3556 623 3623 preces
640 3536 808 3602 oderamus.
855 3537 966 3604 Omnes
986 3538 1078 3599 nostri
1094 3537 1200 3599 fratres
1216 3536 1301 3600 valde

153 3645 301 3708 ennddunt
323 3642 396 3706 lusis
417 3662 433 3703 ιι
457 3651 485 3703 te
508 3660 560 3725 pru
576 3639 647 3724 ipsis
664 3640 799 3724 precibus
818 3661 885 3705 sese
906 3657 1082 3721 magnopere
1103 3637 1302 3702 confirmatum

153 3742 203 3806 iri.
246 3741 375 3808 Oramus
397 3754 425 3807 te
447 3752 479 3806 nt
501 3741 550 3826 qui
567 3742 693 3805 divinam
713 3743 909 3827 apostolorum
924 3740 1047 3824 gratiam
1063 3750 1238 3804 consecutus
1254 3763 1299 3818 es,

154 3844 230 3929 quud
254 3846 378 3928 petimus
400 3867 437 3909 ne
460 3845 589 3908 tribucre
608 3843 766 3907 cuncteris.
811 3840 913 3906 Pusilli
933 3861 1052 3921 omnes,
1085 3841 1180 3926 quiin
1201 3864 1300 3905 muna-

153 3944 253 4012 steriis
269 3944 395 4027 degunt,
424 3947 510 4011 deum
531 3955 706 4031 precantur,
736 3957 768 4007 ut
789 3966 806 4008 a
824 3955 852 4006 te
870 3942 1000 4025 spiritale
1016 3944 1122 4009 donum
1139 3944 1208 4007 illud
1227 3943 1301 4007 obti-

152 4057 254 4113 neant.
298 4042 407 4110 Valere
427 4058 455 4111 tc
473 4048 637 4111 indumine
655 4066 689 4110 ae
707 4047 812 4111 laetum
830 4044 946 4109 assidue
964 4046 1071 4131 degere
1089 4056 1222 4131 optamus
1239 4045 1300 4130 plu-

153 4152 277 4228 rimum,
306 4158 336 4212 et
354 4148 538 4213 commissum
562 4148 614 4212 tibi
634 4148 768 4212 thronum
791 4150 820 4211 in
842 4147 944 4231 spiritu
962 4158 1082 4226 sancto,
1114 4147 1299 4232 divinumque

153 4253 228 4317 tueri
253 4270 374 4329 munus,
409 4248 501 4312 donec
524 4270 588 4315 eam
612 4271 686 4334 quae
709 4261 738 4313 te
762 4259 860 4315 manet
881 4270 1019 4316 eoronam
1039 4255 1069 4312 in
1092 4250 1175 4313 coelo
1196 4269 1300 4312 corase-

154 4355 264 4439 queris.

629 4503 827 4516 -·—-——-
