3046 5084
397 369 532 423 raanan
546 371 610 425 191
623 373 644 425 r.
661 371 801 426 991199.
817 373 915 426 naua.
928 375 1008 426 xuu.
1214 367 1276 429 919

128 489 451 576 199991919911999999,
468 495 556 554 Nocit
569 496 697 554 1999919999
708 504 763 554 919.
783 493 836 556 bac
855 494 1027 558 anctoritate
1040 495 1271 580 comprobatum,

126 591 251 656 alionum
275 592 311 656 ab
337 614 373 656 eo
398 594 515 676 minime
540 605 693 674 causatur,
724 593 772 679 qui
797 595 871 657 banc
893 616 909 658 9
932 596 1076 681 scriptura
1099 599 1272 660 sententiam

126 694 262 779 protulit,
287 696 421 781 apostolo
435 697 587 776 videlicet,
612 717 702 780 aquo
714 696 769 760 ista
787 697 908 760 collecta
925 708 1004 761 suut.
1051 699 1148 781 Atque
1167 700 1221 761 hoc
1236 720 1275 762 ex

126 818 180 861 999
198 798 327 861 locorum
342 799 414 862 satis
429 809 549 884 apparel
563 799 742 884 apostolicae
756 800 906 863 doctrinae
921 799 1041 863 formam
1058 800 1127 863 nihil
1142 821 1159 863 a
1174 812 1275 864 vetere

127 909 303 963 testamento
325 901 485 979 dissidere,
509 901 593 964 cuias
614 901 663 964 ille
686 901 881 965 testimouium
903 901 1041 965 adhibuit.

211 999 312 1065 Schol.
328 1001 353 1065 V
370 1014 399 1065 91
412 1001 500 1067 Xlll.
529 1008 639 1066 Elantia
649 1008 757 1085 9999199
767 1016 892 1066 nostram
906 1008 1117 1066 immolatores!
1130 1009 1270 1068 01919199.
1288 1028 1306 1070 1.
1315 1024 1366 1068 cor.
1375 1027 1396 1078 9,
1407 1025 1427 1066 r.

211 1103 311 1168 119191.
329 1103 358 1170 V
375 1118 405 1169 et
421 1102 509 1168 thl.
544 1102 618 1169 Cum
640 1117 671 1170 91
692 1106 799 1192 pascha
819 1107 967 1190 apostolus
986 1118 1141 1190 agnoscat,
1173 1118 1202 1170 el
1221 1109 1273 1170 im-

127 1206 262 1269 molatum
282 1203 431 1271 Christum
455 1229 512 1270 non
535 1219 640 1293 neget,
675 1205 1275 1294 99999191911999919999119191999-

126 1308 197 1372 sclua
219 1309 266 1394 qui
289 1331 328 1373 cx
347 1310 493 1396 paschatis
510 1311 574 1394 lege
592 1331 694 1375 verum
714 1332 819 1394 agnum
841 1332 899 1372 uon
917 1311 1116 1394 specietenus
1134 1311 1273 1389 immolat,

126 1411 208 1475 cuius
223 1413 291 1495 agni
310 1414 430 1475 formam
447 1434 505 1476 uon
523 1414 622 1498 specie
639 1415 707 1476 item
724 1414 786 1476 sola
803 1411 967 1475 immolatus
985 1407 1121 1476 Christus
1141 1434 1195 1476 nec
1210 1415 1274 1476 siue

126 1534 216 1577 carne
236 1535 339 1599 passus
362 1516 521 1600 expressi-l.
568 1513 625 1599 Qui
648 1515 725 1580 enirn
749 1515 868 1579 mactari
892 1515 1010 1601 spiritus
1034 1517 1151 1599 9999911
1195 1513 1274 1589 Sane

127 1616 188 1680 beri
205 1616 281 1680 istud
300 1617 419 1681 omniuo
436 1618 552 1702 nequit,
583 1620 635 1681 sed
654 1639 747 1702 neque
766 1617 829 1680 sine
847 1638 936 1680 carue
954 1628 1049 1702 potest
1065 1616 1168 1680 occidi.
1215 1614 1275 1681 09-

127 1720 217 1782 cisum
236 1730 330 1782 autem
349 1741 416 1784 csse
436 1741 539 1783 revera
560 1720 634 1784 baud
652 1720 737 1783 dubia
755 1721 877 1807 apostoli
896 1719 1081 1783 confessione
1098 1720 1273 1783 declaratur.

128 1820 325 1905 Quamobrem
344 1822 508 1886 successario
526 1822 594 1885 illud
612 1824 727 1885 ratione
744 1823 904 1907 colligitur,
930 1843 987 1883 999
1007 1821 1130 1884 alienam
1149 1823 1274 1886 999919-

125 1945 208 2008 gem,
233 1945 307 2008 quae
324 1925 502 1988 adumbratis
517 1925 604 1988 rebus
621 1946 655 1987 ac
671 1925 772 2008 liguris
787 1924 893 1987 tamdiu
910 1924 1074 2002 constabat,
1100 1925 1192 1988 donec
1209 1946 1274 2010 per·

127 2027 248 2105 1991199,
273 2027 407 2112 idemque
424 2029 595 2091 manilestus
612 2048 704 2111 agnus
719 2027 908 2104 succederet,
940 2026 993 2089 boc
1012 2037 1055 2088 est
1075 2023 1210 2091 Christus
1228 2048 1274 2090 re-

126 2129 187 2214 ipsa
210 2140 369 2208 mactatos,
401 2151 484 2214 quem
504 2130 607 2215 priscis
624 2128 800 2215 temporibus
819 2129 979 2191 antecessit
995 2128 1070 2191 alter
1090 2129 1138 2190 ille
1154 2129 1201 2212 qui
1222 2129 1274 2192 im-

127 2231 290 2296 molabatur
304 2254 409 2316 agnus,
434 2233 539 2317 quique
554 2253 643 2296 sensu
662 2232 769 2317 percipi
786 2240 916 2316 polerat:
941 2233 1076 2292 Nortmcm
1091 2253 1155 2293 cero
1167 2237 1275 2311 999919

126 2339 283 2396 camelarias
306 2349 349 2397 est
374 2339 516 2398 Christos.

213 2435 312 2501 Schol.
331 2436 372 2500 Vl
389 2448 419 2501 cl
433 2435 522 2502 XlV.
556 2442 680 2500 Nescr'lrs
696 2441 771 2519 qaod
785 2442 837 2519 pai
851 2441 985 2497 adducre!
1002 2440 1157 2510 9999919191,
1191 2458 1413 2514 caracenam.

128 2561 231 2621 corpses
251 2553 302 2603 991.
349 2546 444 2604 Errant
464 2546 551 2615 99919,
577 2546 683 2623 rapaci,
708 2546 762 2602 199
785 2545 813 2600 ia
835 2561 947 2600 carnem
969 2560 1062 2599 anam.

212 2642 310 2706 119191.
331 2642 372 2706 Vl
397 2655 425 2706 ct
442 2640 529 2706 xlv.
564 2642 632 2706 Nisi
659 2664 727 2707 vera
753 2643 803 2706 lex
827 2643 883 2719 911,
920 2652 964 2704 991
989 2641 1103 2704 taudem
1129 2643 1203 2724 quod
1227 2643 1274 2726 qui

126 2745 242 2810 veritati
257 2748 373 2810 student
387 2745 576 2810 auctoritates
592 2767 630 2809 ea
646 2746 692 2808 illa
711 2746 902 2831 depromunt?
918 2744 1078 2807 cuiusmodi
1095 2754 1213 2807 sanctus
1228 2744 1274 2807 dci

126 2849 275 2936 apostolus
297 2860 343 2912 est
358 2848 465 2913 Paulus
488 2851 535 2934 qui
559 2870 623 2912 cum
641 2847 706 2911 aliis
721 2848 882 2911 innumeris
902 2847 955 2911 boc
973 2847 1057 2909 etiam
1077 2845 1272 2910 testimonium

126 2953 162 3016 ad
177 2952 328 3015 veritatem
346 2952 471 3037 bonique
487 2953 532 3014 dei
547 2951 792 3036 praedicationem
808 2950 960 3014 evidenter
974 2948 1199 3014 asseverandam
1215 2970 1273 3013 nou

126 3055 268 3119 dubitavit
289 3055 415 3118 afferre?

209 3155 309 3222 Schol.
328 3156 387 3221 Vll
403 3155 519 3221 ccxv
554 3154 687 3220 Mutatus
703 3167 749 3219 est
764 3155 857 3218 locus
903 3154 980 3218 Nam
998 3176 1050 3239 pro
1067 3174 1102 3216 ec
1120 3155 1195 3237 quod
1213 3162 1322 3231 est
1289 3176 1344 3270 cp.
1348 3180 1406 3272 99

126 3267 160 3324 ln
176 3265 253 3340 lege,
278 3259 412 3345 scripsit,
437 3265 470 3321 ln
487 3264 595 3340 Moysis
611 3263 683 3338 lege.
731 3255 790 3322 Sed
810 3268 897 3321 antea
916 3259 1050 3334 dixerat,
1087 3261 1209 3317 Tametra
1225 3242 1325 3317 199

126 3386 158 3425 ea
179 3387 236 3425 non
256 3367 339 3425 911991.

210 3464 311 3529 119191.
331 3463 388 3527 Vll
407 3476 436 3528 91
452 3463 525 3528 XV.
561 3462 676 3528 Licet
668 3486 697 3528 m
715 3465 841 3527 secunda
861 3461 1006 3526 sententia
1026 3459 1272 3524 1999999999ῑὶ9-

126 3569 172 3632 nis
187 3568 401 3646 immutaveris,
426 3566 552 3648 Marcio,
576 3578 662 3653 atque
676 3589 716 3631 cx
731 3588 767 3631 99
782 3567 875 3652 quod,
900 3570 933 3626 la
946 3569 1008 3644 lege
1023 3569 1131 3643 Moysis
1147 3563 1273 3649 scripse·

126 3672 179 3750 ris,
205 3673 257 3736 bac
275 3693 359 3748 voce,
383 3675 501 3752 1119991,
527 3672 653 3736 alienum
668 3692 684 3734 a
700 3671 764 3754 lege
780 3672 864 3733 derum
882 3668 994 3730 ostendi
1011 3666 1158 3753 putaveris
1173 3688 1272 3752 posse,

127 3786 223 3838 tameo
249 3773 384 3859 superior
405 3773 453 3837 illa
481 3774 648 3838 coniunctio
676 3774 825 3839 vesaniam
856 3783 931 3835 luam
954 3770 1119 3853 redarguit,
1156 3775 1278 3832 Tametsi

126 3883 174 3941 199
187 3883 241 3940 abta
254 3901 309 3940 9999
322 3881 408 3939 11991.
458 3875 490 3941 19
506 3878 571 3962 lege
586 3879 690 3963 quippe
704 3876 842 3961 seriptum
859 3885 921 3937 est:
945 3878 1009 3935 Non
1022 3876 1155 3953 alligabis
1168 3896 1199 3935 99
1212 3876 1276 3935 doci
1289 3889 1425 3944 9999991

127 3985 283 4044 1911199911.
330 3977 469 4044 Ceterum
489 3983 564 4066 qnod
583 3992 613 4043 19
630 3981 724 4064 legem
743 3976 859 4063 Moysis
878 3977 1008 4040 scribere
1028 3975 1187 4054 maluisti‚·
1204 3977 1272 4039 nibil

127 4085 212 4148 nobis
227 4083 345 4147 omuino
362 4085 503 4163 nocuisti,
508 4085 578 4148 sed
598 4083 730 4184 profuisti
747 4082 859 4167 potius,
884 4102 917 4143 ac
935 4079 1107 4143 luculentius
1126 4088 1227 4142 contra
1245 4090 1273 4143 tc

164 4271 203 4325 13
221 4274 300 4335 Sapra
315 4264 438 4324 Ἔσονται
455 4270 517 4339 γὰρ,
542 4270 635 4339 99919,
661 4272 684 4324 ol
752 4270 790 4322 15.
807 4271 871 4320 editt
887 4271 940 4319 libri
957 4266 992 4320 El
1008 4266 1060 4320 9991.

127 4336 1273 4395 1199911.1111999119119.9191.Ρ9199.1991

162 4404 611 4492 14.911919999999’1991γ919991,
629 4407 682 4461 Kal
713 4405 1273 4472 991991991199111919199.11999199911999

128 4475 142 4531 c‘
157 4475 252 4562 vdua<
250 4478 331 4531 ταῦτα
345 4495 374 4530 99
368 4471 469 4544 ’191999
497 4474 564 4544 9991
580 4475 682 4537 lascivae,
715 4481 741 4528 19
757 4490 818 4540 9999.

127 4540 343 4613 111991991999
356 4541 990 4606 1919199991999111-1111911Ε19991.

126 4630 173 4681 γει.
