3046 5084
288 335 349 396 212
711 346 832 398 sANch
850 345 1018 398 ΕΡΙΡΗλΝίί

290 461 452 548 περιόντων
471 468 530 525 τῶν
552 459 738 539 ἀποστόλων,
771 464 847 543 φημί
876 461 908 525 δέ
928 466 988 525 τῶν
1007 461 1073 543 περὶ
1096 462 1212 544 Πέτρον
1231 463 1283 526 καὶ
1305 466 1443 541 Παῦλον,

291 562 470 638 ἐπισκόπους
491 560 597 638 άλλους
622 566 837 641 καθίστασθαι,
867 562 917 627 διά
942 561 975 627 τό
1001 560 1071 636 τοῦς
1093 561 1276 638 ἀποστόλους
1300 562 1443 640 πολλάκις

290 670 339 734 ἐπὶ
359 665 411 741 τάς
430 664 518 739 άλλας
538 668 682 748 πατρίδας
699 662 752 744 τήν
768 669 891 747 πορείαν
907 666 1087 743 στέλλεσθαι,
1116 662 1166 728 διά
1180 663 1213 729 τό
1231 662 1368 749 κήρυγμα
1387 674 1442 730 τοῦ

293 775 438 854 Χριστοῦ,
470 765 510 849 μή
532 764 680 830 δύνασθαι
703 765 735 829 δέ
755 763 809 846 τήν
830 772 889 830 τῶν
906 763 1055 846 Ῥωμαίων
1077 766 1162 830 πόλιν
1182 764 1253 831 άνευ
1275 766 1443 832 ἐπισκόπου

291 868 373 936 εἶναι.
414 866 447 932 Ὁ
466 868 519 950 μέν
537 867 591 953 γάρ
611 874 733 941 Παῦλος
750 868 802 931 καὶ
819 868 868 931 έπλ
885 866 939 949 τήν
955 864 1104 930 Ἱσπανίαν
1121 864 1302 947 άφικνεῑται,
1326 869 1444 957 Πέτρος

291 972 323 1036 δέ
341 968 479 1044 πολλάκις
497 968 615 1034 Πόντον
632 992 663 1031 τε
680 970 732 1031 καί
750 972 899 1032 Βιθυνίαν
916 969 1106 1048 ἐπεσκέψατο.
1148 966 1300 1055 Ἐνεχῶρει
1320 971 1352 1034 δέ
1370 967 1442 1052 μετά

289 1071 323 1138 τό
339 1078 557 1152 κατασταθῆναι
574 1068 728 1151 Κλήμεντα
745 1071 796 1133 καὶ
810 1068 1050 1154 παραιτήσασθαι
1072 1073 1112 1147 (εί
1125 1095 1157 1155 γε
1179 1068 1274 1146 οῦτοος
1294 1069 1441 1155 ἐπράχθη,

290 1180 467 1254 διανοοῦμαι
484 1170 557 1257 γάρ,
586 1166 640 1253 ούχ
656 1168 798 1256 όρίζομαι)
814 1168 938 1253 ῦστερον
959 1168 1029 1251 μετά
1049 1168 1081 1235 τό
1100 1173 1329 1253 τετελευτηκέναι
1346 1181 1442 1238 Λῖνον

289 1278 342 1341 καὶ
360 1281 475 1356 Κλήταν
492 1269 763 1346 ἐπισκοπεύσαντας
783 1270 859 1355 πρός
873 1270 1000 1337 δεκαδύο
1022 1274 1072 1354 ἐτη
1088 1275 1209 1338 ἕκαστον
1230 1271 1302 1355 μετά
1317 1271 1373 1356 τήν
1388 1280 1442 1340 τοῦ

290 1375 376 1462 άγίου
396 1378 512 1458 Πέτρον
531 1375 582 1438 καί
601 1371 725 1437 Παύλου
743 1371 874 1454 τελευτήν
890 1372 944 1454 τήν
963 1375 1013 1438 ἐπὶ
1030 1381 1070 1460 τῷ
1090 1374 1246 1462 δωδεκάτῳ
1263 1377 1320 1440 ἐτει
1339 1377 1438 1461 Νέρω-

290 1506 343 1555 νος
358 1478 533 1564 γενομένην,
553 1481 659 1539 τοῦτον
676 1467 767 1549 αὖθις
785 1472 1006 1559 ἀναγκασθῆναι
1020 1475 1075 1557 τήν
1096 1475 1259 1558 ἐπισκοπὴν
1276 1486 1439 1559 κατασχεῖν.

281 1581 385 1663 Ὅμως
399 1576 420 1661 ή
432 1585 490 1643 τῶν
505 1580 537 1642 ἐν
547 1573 643 1663 Ῥῶμη
658 1574 828 1641 ἐπισκόπων
840 1574 963 1658 διαδοχή
977 1575 1086 1659 ταύτην
1100 1580 1155 1659 έχει
1169 1577 1224 1659 τήν
1237 1576 1439 1644 άκολουθίαν·

293 1686 407 1767 Πέτρος
421 1681 471 1745 καὶ
487 1686 615 1756 Παῦλος,
637 1686 732 1753 Λίνος
746 1679 796 1742 καί
811 1683 936 1758 Κλήτος,
956 1677 1089 1760 Κλήμης,
1111 1677 1292 1764 Εύάρεστος,
1312 1678 1443 1758 Ἀλέξαν-

290 1790 377 1870 δρος,
400 1781 527 1860 Ξύστος,
553 1782 746 1862 Τελέσφορος,
770 1777 956 1862 Εὐάρεστος,
976 1777 1107 1865 ’Τγῖνος,
1131 1787 1221 1860 Πίος,
1242 1779 1402 1863 Ἀνίκητος,
1425 1779 1444 1848 ό

291 1884 352 1952 άνω
367 1888 398 1951 ἐν
409 1892 450 1972 τῷ
462 1880 613 1970 καταλόγῳ
628 1882 895 1962 προδεδηλωμένος.
925 1881 985 1945 Ka}
1001 1881 1042 1964 μή
1056 1908 1100 1957 τις
1116 1882 1263 1972 θαυμάσῃ
1277 1883 1322 1949 ότι
1334 1885 1444 1949 ἕκαστα

291 1989 386 2062 οῦτως
407 1979 537 2071 άκριβῶς
558 1982 724 2066 διήλθομεν.
766 1981 828 2046 Διά
848 1982 903 2067 γάρ
921 1982 1035 2048 τούτων
1052 1981 1098 2047 άεὶ
1117 1981 1150 2048 τό
1172 1986 1264 2065 σαφές
1283 1989 1441 2050 δείκνυται.

288 2090 338 2155 Ἐν
351 2087 467 2174 χρόνοις
481 2091 597 2165 τοίνυν,
620 2082 661 2160 ῶς
679 2087 808 2167 ἔφημεν,
829 2081 983 2166 Ἀνικήτου
1000 2083 1021 2167 ή
1039 2088 1284 2170 προδεδηλωμένη
1300 2095 1441 2170 Μαρκελ-

168 2217 220 2262 οεε·
233 2205 276 2250 ¹⁰2
289 2198 354 2258 λίνα
370 2193 403 2256 ἐν
416 2186 512 2277 Ῥιόμη
527 2188 683 2272 γενομένη,
711 2185 766 2268 τήν
780 2185 875 2268 λύμην
891 2193 943 2267 τῆς
960 2194 1127 2272 Καρποκρῦ
1143 2191 1329 2265 διδασκαλίας
1345 2190 1443 2271 ἐξεμέ·

289 2315 381 2371 σασα,
403 2290 529 2364 πολλοῦς
543 2296 602 2353 τῶν
619 2291 710 2353 ἐκεῖσε
723 2290 913 2370 λυμηναμένη
927 2285 1061 2369 ήφάνισε.
1106 2290 1167 2354 Καί
1184 2292 1270 2355 ἐνθεν
1284 2290 1403 2375 γέγονεν
1420 2287 1444 2373 ή

289 2392 362 2481 άρχή
379 2399 554 2460 Γνωστικῶν
568 2397 627 2455 τῶν
641 2390 835 2472 καλουμένων.
857 2387 982 2471 Ἔχουσι
996 2391 1028 2455 δέ
1043 2389 1159 2467 εἰκόνας
1172 2390 1377 2477 ἐνζωγράφους
1390 2390 1443 2457 διά

288 2494 461 2581 χρωμάτων,
481 2494 557 2568 τινές
573 2492 604 2556 δέ
620 2493 653 2556 ἐκ
668 2499 778 2573 χρυσοῦ
795 2493 845 2555 καί
860 2489 991 2577 άργύρου
1004 2495 1055 2556 καί
1072 2499 1177 2574 λοιπῆς
1192 2491 1274 2576 ῦλης,
1295 2491 1380 2559 δι’τινα
1396 2496 1445 2561 έκ-

289 2595 451 2681 τυπῶματά
473 2616 564 2675 φασιν
584 2589 659 2656 εἶναι
679 2599 733 2656 τοῦ
749 2588 860 2674 Ἰησοῦ,
888 2596 939 2658 καί
959 2601 1052 2658 ταῦτα
1074 2591 1133 2660 ύπό
1157 2600 1288 2661 Ποντίου
1308 2595 1443 2661 Πιλάτου

290 2707 465 2785 γεγενῆσθαι
480 2696 516 2760 τά
532 2692 729 2774 ἐκτυπῶματα
745 2701 798 2758 τοῦ
815 2693 905 2760 αύτοῦ
918 2693 1027 2777 Ἰησοῦ,
1050 2694 1097 2761 ὅτε
1115 2696 1248 2779 ἐνεδήμει
1261 2704 1302 2786 τῷ
1318 2703 1376 2763 τῶν
1392 2694 1443 2762 άν·

289 2799 424 2884 θρῶπων
442 2799 526 2883 γένει.
570 2798 715 2881 Κρύβδην
734 2796 765 2860 δέ
782 2795 835 2872 τάς
853 2796 991 2873 τοιαύτας
1008 2801 1124 2880 ἐχουσιν
1142 2797 1274 2875 εἰκόνας·
1305 2796 1374 2865 άλλά
1391 2801 1445 2865 καλ

190 2924 195 2933 ·
291 2898 465 2981 φιλοσόφων
482 2906 585 2977 τινῶν,
616 2896 804 2983 Πυθαγόρου
820 2901 872 2963 καὶ
890 2899 1051 2975 Πλάτωνος
1067 2902 1118 2963 καί
1134 2898 1363 2983 Ἀριστοτέλους,
1393 2904 1446 2967 καί

290 3008 416 3080 λοιπῶν,
447 2998 514 3082 μεθ’
531 2992 573 3064 ῶν
590 2998 763 3079 φιλοσόφων
782 3003 833 3064 καί
850 3003 932 3085 έτερα
951 2999 1146 3082 έκτυπῶματα
1163 3009 1219 3068 τοῦ
1232 3000 1329 3084 Ἰησοῦ
1345 3005 1447 3069 τιθέα-

291 3127 347 3181 σιν,
367 3100 536 3186 ίδρύσαντές
548 3127 578 3166 τε
592 3109 790 3185 προςκυνοῦσι
805 3104 856 3167 καὶ
869 3102 906 3167 τά
921 3110 980 3168 τῶν
997 3105 1096 3168 ἐθνῶν
1112 3106 1275 3170 ἐπιτελοῦσι
1287 3104 1446 3191 μυστήρια.

292 3204 457 3288 Στήσαντες
475 3203 529 3289 γάρ
547 3203 654 3279 ταύτας
671 3202 723 3278 τάς
740 3203 856 3280 εἰκόνας
873 3203 909 3268 τά
925 3213 984 3270 τῶν
1003 3208 1101 3270 ἐθνῶν
1118 3208 1176 3288 έθη
1191 3203 1296 3271 λοιπόν
1312 3214 1445 3271 ποιοῦσι.

297 3316 368 3373 Τίνα
384 3308 417 3372 δέ
431 3308 508 3370 ἐστιν
524 3308 623 3371 ἐθνῶν
639 3309 712 3387 ἐθη,
735 3303 792 3369 ἄλλ’
807 3304 828 3388 ή
841 3311 945 3371 θυσίαι
963 3309 1014 3371 καὶ
1031 3305 1066 3371 τά
1084 3304 1171 3385 ἄλλος
1199 3312 1302 3388 Ψυχῆς
1316 3307 1349 3371 δέ
1365 3303 1446 3373 εἶναι

294 3410 388 3494 μόνης
406 3413 552 3493 σωτηρίαν
574 3410 663 3488 φασί,
687 3409 737 3472 καὶ
758 3405 825 3491 ούχί
846 3407 997 3492 σωμάτων.

166 3726 232 3793 Κεφ.
252 3722 281 3788 ζ.
383 3727 439 3783 Δεῖ
456 3722 557 3784 τοίνυν
577 3716 701 3793 τούτους
723 3714 894 3802 άνατρέπειν
911 3718 999 3782 παντί
1016 3718 1129 3785 σθένει·
1159 3717 1263 3800 μηδείς
1283 3714 1339 3803 γάρ
1357 3743 1447 3783 κοτα-

296 3823 441 3899 φρονείτω
465 3820 569 3906 λόγου,
597 3822 649 3886 καλ
671 3819 794 3903 μάλιστα
814 3816 896 3904 παρά
920 3817 1097 3895 όπατεῶνος.
1138 3815 1210 3885 Ἀλλ’
1233 3822 1312 3886 είποι
1331 3847 1377 3897 τις
1398 3819 1448 3901 δν,

299 3917 345 3983 Ού
361 3919 416 4003 γάρ
431 3924 492 3985 ἐστι
507 3921 631 4007 φωρατά
648 3926 698 3987 καί
715 3928 828 4006 μωρίας
845 3925 968 4003 ἐμπλεας
996 3918 1067 3986 Ἀλλ’
1085 3919 1149 3988 ἐσθ’
1165 3922 1227 4004 όπη
1243 3924 1295 3987 καί
1311 3920 1348 3988 τά
1362 3920 1450 4009 μιαρά

296 4026 395 4087 πείθει
411 4019 481 4096 τούς
498 4023 633 4108 ύφρονας
652 4027 702 4090 καί
719 4025 787 4100 τοῦς
803 4020 944 4097 συνετούς
961 4026 1172 4107 παρεκτρέπει,
1202 4023 1255 4089 ἐάν
1271 4022 1312 4106 μή
1329 4031 1412 4112 παρή
1429 4020 1451 4091 ό

295 4131 368 4199 νοῦς
383 4119 401 4187 ό
418 4124 449 4185 ἐν
465 4130 500 4211 τῇ
515 4123 640 4212 άληθείιγ
655 4124 830 4208 ήσκημένος.
871 4122 1067 4205 Ἐμπεσόντος
1081 4130 1183 4191 τοίνυν
1196 4127 1248 4191 παλ
1262 4123 1367 4189 τούτου
1388 4131 1449 4214 Ιτῇ

297 4231 435 4307 Σίμωνος
450 4229 555 4310 μαγείιγ
570 4228 621 4289 καί
636 4236 695 4292 τῶν
710 4236 836 4306 λοιπῶν,
860 4235 923 4302 τοῖς
937 4223 1038 4302 αύτοῖς
1052 4229 1104 4292 καλ
1117 4234 1222 4292 τοῦτον
1234 4222 1449 4310 άνατρέψομεν.
1492 4275 1498 4283 .

298 4329 341 4389 Εἰ
362 4325 416 4411 γάρ
439 4323 460 4408 ή
481 4324 629 4410 άγνωστος
651 4331 701 4392 καλ
720 4327 956 4411 άκατονόμαστος
976 4328 1102 4411 δύναμις
1121 4330 1199 4392 αἰτία
1217 4327 1336 4411 γέγονεν
1352 4323 1450 4393 άλλαν

333 4482 392 4531 cn.
406 4483 460 4533 vn.
480 4509 514 4521 -
535 4482 558 4531 ι.
573 4483 605 4548 τῇ
621 4485 688 4533 ποι.
707 4488 779 4535 vano.
795 4486 855 4534 κιε-
890 4501 948 4545 στος
963 4488 1018 4537 ιαι.
1032 4489 1115 4539 υκαι.
1130 4484 1214 4533 vtum
1230 4483 1299 4532 ιιοα
1315 4477 1330 4535 ο
1347 4475 1403 4549 {m

297 4553 346 4614 δι’μ.
373 4553 446 4612 λἀλςο
459 4552 515 4603 τοῦ.
525 4575 560 4587 -
572 4550 598 4599 λιι
611 4564 672 4612 seqq.
684 4566 728 4613 μτο
740 4548 759 4617 ή
773 4544 855 4617 ἅγιοι·
