3046 5084
714 367 833 419 SANGTI
851 368 1018 418 EPIPHANH

529 630 709 698 ΚΑΤΑ
737 624 1202 710 ’ΝΑΖΩΡΑΙΩΙΝᾎ

604 739 723 836 ἐνάτη,
749 740 848 834 ἡκαὶ
869 740 1001 833 εἰκοστή
1021 738 1131 833 ἐνάτη.

159 913 224 978 Κεφ.
242 906 273 959 α’.
378 897 547 974 Ναζωραῖοι
564 893 694 971 καθεξῆς
706 888 823 964 τούτοις
836 892 970 966 ἕπονται,
993 888 1053 971 δίμα
1071 913 1101 951 τε
1117 885 1218 963 αὐτοῖς
1232 885 1329 966 ῦντες,
1351 887 1438 970 ήκαί

289 991 348 1075 πρό
370 991 483 1070 αῦτοῖν,
511 991 532 1073 ή
555 989 610 1055 σῦν
625 990 739 1068 αύτοῖς,
761 988 854 1073 ήμετ’
874 988 998 1068 αύτούς,
1030 988 1110 1071 ὅμως
1133 988 1299 1074 σύγχρονοι·
1328 988 1364 1055 ου’
1378 990 1435 1076 γοίρ

171 1132 220 1176 μή.
235 1118 279 1161 ιιι.
293 1091 496 1177 οίκριβέστερον
509 1090 637 1173 δύναμαι
652 1095 773 1168 ἐξειπεῖν
788 1097 865 1166 τίνες
880 1096 961 1166 τίνας
975 1093 1148 1167 διεδέξαντο.
1172 1089 1265 1155 Καθιί
1279 1089 1335 1177 γῦρ
1350 1095 1436 1174 ἔφην,

289 1194 444 1278 σύγχρονοι
456 1186 533 1274 ήσαν
548 1191 696 1275 ἀλλήλοις,
718 1195 768 1257 καί
787 1192 877 1275 ῦμοια
897 1195 1049 1273 κέκτηνται
1063 1191 1099 1255 τῦ
1116 1191 1298 1275 φρονήματα.
1345 1186 1437 1259 Οῦτοι

288 1295 344 1380 γῦρ
361 1297 477 1369 ἑαυτοῖς
498 1293 590 1375 ίίνομα
614 1296 755 1359 ἐπέθεντο
782 1293 847 1377 ούχὶ
867 1298 1012 1378 Χριστοῦ,
1040 1292 1107 1357 οῦτε
1133 1291 1204 1358 αύτό
1222 1293 1256 1358 τό
1273 1293 1368 1376 ὄνομα
1381 1300 1435 1360 τοῦ

287 1395 404 1478 Ἰησοῦ,
427 1393 497 1460 ἄλλοί
517 1398 705 1480 Ναζωραίων.
752 1398 811 1460 Καί
827 1394 933 1470 πάντες
948 1397 979 1459 δὲ
998 1396 1168 1479 Χριστιανοὶ
1186 1403 1356 1480 Ναζωραῖοι
1370 1401 1436 1464 τότε

290 1495 427 1574 ω’ςαύτως
454 1500 618 1562 ἐκαλοῦντο.
663 1499 769 1583 Γέγονε
787 1498 819 1560 δὲ
846 1494 890 1561 ἐπ’
916 1494 1003 1584 ὀλίγῳ
1026 1495 1121 1584 χρόνῳ
1144 1505 1298 1562 καλεῖσθαι
1327 1496 1436 1575 αύτούς

288 1599 465 1677 Ἰεσσαίονς,
487 1600 558 1682 πρλν
575 1597 597 1680 ή
614 1600 664 1663 ἐπὶ
678 1604 730 1681 τῆς
746 1597 920 1680 Ἀντιοχείας
937 1596 1028 1681 ῦργήν
1045 1596 1173 1680 λάβωσιν
1191 1602 1221 1662 σί
1235 1602 1368 1682 μαθηταί
1383 1627 1434 1666 κα·

289 1709 403 1766 λεῖσθαι
421 1703 600 1784 Χριστιανοί.
642 1698 816 1766 Ἐκαλοῦντο
841 1701 873 1764 δέ
892 1697 1031 1764 Ἰεσσαῖοι
1049 1699 1099 1764 διδ
1120 1698 1173 1764 τόν
1190 1696 1314 1780 Ἰεσσαλ,
1343 1699 1437 1784 οἶμαι,

289 1802 445 1887 ἐπειδήπερ
466 1799 484 1867 δ
501 1804 599 1884 Δαβλδ
618 1803 649 1878 ἐξ
663 1799 786 1881 Ἰεσσαί,
813 1804 846 1867 ἐκ
867 1803 900 1867 δὲ
915 1809 970 1866 τοῦ
990 1804 1088 1883 Δαβλδ
1103 1799 1177 1865 κατολ
1194 1801 1331 1884 διαδοχήν
1346 1807 1435 1890 σπέρ·

290 1930 380 1986 ματος
402 1902 423 1986 ή
445 1907 568 1988 Μαρία,
597 1904 802 1989 πληρουμένης
819 1912 873 1986 τῆς
890 1907 977 1978 θείας
999 1911 1116 1988 γραφῆς
1137 1902 1212 1968 κατδ
1233 1901 1287 1986 τήν
1308 1905 1437 1972 παλαιόν

290 2004 456 2088 διαθήκην,
477 2012 531 2070 τοῦ
544 2010 649 2089 κυρίου
663 2008 798 2090 λέγοντος
813 2003 889 2090 πρός
906 2002 958 2070 τόν
972 2006 1070 2088 Δοβλδ
1077 2054 1085 2083 ,
1106 2002 1163 2068 Ἐκ
1178 2012 1297 2090 καρποῦ
1308 2013 1361 2088 τῆς
1374 2034 1435 2073 κοι-

289 2112 353 2183 λίας
374 2107 581 2190 συνθήσομαι
605 2109 654 2172 ἐπί
676 2114 730 2172 τοῦ
750 2105 866 2192 θρόνου
889 2128 952 2171 σου.

162 2237 229 2303 Κεφ,
244 2236 274 2304 γ’,
377 2213 469 2274 Δέδια
487 2210 519 2273 δέ
536 2207 606 2273 καθ’
620 2206 744 2291 ἐκοίστην
760 2206 908 2274 ύπόθεσιν
924 2209 1036 2284 λέξεως,
1058 2205 1099 2282 οῦς
1113 2206 1222 2289 ταύτην
1231 2206 1287 2291 τήν
1302 2207 1437 2294 ύπόμνη-

291 2330 337 2375 σιν
354 2317 512 2393 ποιοῦμαι,
539 2308 776 2399 παρακινωίσηζςζι
784 2335 818 2393 με
841 2316 895 2392 τῆς
918 2307 1057 2391 οίληθείας
1082 2306 1134 2383 τᾶς
1159 2312 1190 2374 έν
1215 2308 1289 2400 αύτή
1307 2319 1342 2401 τῇ
1363 2315 1436 2390 λέξει

291 2416 421 2496 θεωρίας
439 2411 627 2493 ύποφαίνειν,
648 2408 750 2497 διδ-’τῦ
767 2411 807 2493 μή
824 2410 900 2476 πολῦ
918 2409 1028 2486 πλάτος
1045 2409 1297 2495 περιποιήσασθαι
1314 2420 1350 2502 τῇ
1366 2434 1435 2479 συν-

290 2513 367 2592 τύξει
384 2522 437 2596 τῆς
452 2512 620 2599 διηγήσεως.
668 2518 729 2578 Ίθῦ
743 2510 799 2598 γδρ
817 2517 924 2597 κυρίου
939 2511 1088 2594 φήσαντος
1103 2519 1143 2600 τῷ
1158 2516 1270 2596 Δαβλδ,
1297 2512 1347 2579 Ἐκ
1363 2542 1435 2600 καρ·

292 2622 352 2679 ποῦ
368 2623 421 2698 τῆς
443 2618 553 2690 κοιλίας
577 2635 632 2678 σου
650 2612 783 2696 θήσομαι
805 2616 853 2678 ἐπί
871 2621 925 2679 τοῦ
948 2612 1062 2697 θρόνου
1079 2635 1151 2694 σου,
1179 2617 1230 2680 καί
1246 2613 1296 2694 τό,
1317 2613 1434 2698 Ὧμοσε

291 2715 395 2799 κύριος
413 2723 453 2802 τῷ
472 2719 587 2798 Δαβίδ,
615 2716 667 2780 καλ
690 2713 726 2781 ού
749 2715 1030 2799 μεταμεληθήσεται,
1060 2720 1149 2797 δῆλον
1176 2713 1217 2792 οἷς
1240 2713 1262 2799 ή
1281 2724 1336 2783 τοῦ
1357 2727 1433 2784 θεοῦ

293 2813 474 2897 ιίμετοίθετός
489 2820 566 2882 ἐστιν
581 2820 749 2903 ἐπαγγελία,
779 2820 828 2883 καί
845 2824 962 2903 πρῶτον
980 2819 1033 2900 μὲν
1050 2817 1094 2883 ὅτι
1116 2818 1206 2902 ὅρκος
1226 2818 1307 2905 παρὰ
1323 2827 1388 2911 θεῷ
1407 2827 1436 2887 τί

294 2918 372 2981 ἔστιν
393 2915 450 2982 ἄλλ’
466 2918 487 3000 ή
506 2918 566 2994 ὅτι,
600 2918 671 2984 Κατ’
685 2923 813 3004 ἐμαυτοῦ
831 2917 946 3001 ῦμοσοι,
967 2921 1041 3005 λέγει
1057 2918 1176 3004 κύριοςς
1223 2918 1269 2986 Ου’
1286 2920 1341 3009 γαίρ
1361 2922 1438 2989 κατὰ

295 3022 423 3100 μείζονος
441 3022 496 3103 ἔχει
512 3019 602 3104 ῦρκον
620 3020 702 3098 θεός.
743 3019 833 3086 ’And
848 3019 917 3087 οῦδὲ
932 3019 1038 3104 ῦμνυσι
1058 3020 1092 3086 τό
1108 3030 1208 3103 θεῖον,
1229 3025 1272 3099 είς
1288 3024 1436 3109 παραίσια·

295 3142 341 3186 σιν
357 3121 387 3185 δέ
408 3121 592 3204 βεβαιώσεως
615 3121 633 3188 δ
654 3123 741 3208 λόγος
760 3126 817 3205 ἔχει
834 3120 888 3205 τήν
905 3122 1047 3205 δύναμιν,
1074 3121 1141 3205 μεθ’
1155 3123 1247 3208 ὅρκου
1267 3122 1324 3210 γῦρ
1341 3125 1439 3210 ῦμοσε

295 3221 398 3308 κύριος
412 3230 453 3312 τῷ
469 3227 568 3306 Δαβίδ
585 3227 617 3289 ἐκ
632 3232 750 3310 καρποῦ
766 3232 818 3308 τῆς
833 3229 945 3301 κοιλίας
958 3224 1062 3308 θήσειν
1077 3226 1126 3290 ἐπὶ
1142 3224 1194 3292 τόν
1206 3224 1322 3311 θρόνον
1334 3224 1436 3296 αύτοῦ.

296 3332 493 3410 Μαρτυροῦσι
508 3327 540 3389 δέ
555 3330 587 3390 οῖ
599 3323 757 3392 οίπόστολοι
772 3327 818 3393 ὅτι
834 3329 867 3393 ἐκ
884 3327 1048 3411 σπέρματος
1060 3328 1159 3409 Δαβλδ
1176 3329 1232 3393 ίδει
1246 3324 1299 3393 τόν
1310 3328 1440 3413 Χριστόν

294 3432 490 3512 γεννηθῆναι,
513 3426 607 3513 όίςπερ
626 3422 682 3494 οῦν
695 3431 747 3493 καλ
766 3427 912 3514 ἐγεννήθη
926 3426 945 3494 ό
958 3428 1060 3514 κύριος
1073 3427 1159 3512 ήμιῦν
1171 3425 1287 3510 Ἰησοῦς
1301 3430 1440 3516 Χριστός.

299 3529 430 3614 Παρήσω
446 3531 479 3596 δέ
492 3529 526 3595 τό
542 3537 660 3612 πλῆθος
676 3537 735 3596 νῦν
748 3538 925 3617 μαρτυριῶν,
946 3534 997 3597 ἵνα
1013 3530 1053 3613 μή
1065 3534 1108 3606 είς
1122 3528 1215 3596 πολύν
1231 3528 1322 3615 ῦγκον
1336 3529 1439 3620 ῦγοίγω

294 3628 344 3693 τόν
361 3630 464 3717 λόγον,
487 3631 528 3709 ῦς
542 3657 573 3718 γε
589 3641 739 3717 προεῖπον.
783 3637 877 3698 Είποι
894 3630 920 3696 δ’
936 3630 974 3698 ῦν
986 3659 1033 3708 τις
1049 3637 1135 3713 ίσως,
1156 3639 1211 3698 τοῦ
1227 3639 1360 3720 Χριστοῦ
1374 3662 1440 3722 γεν-

296 3734 439 3810 νηθέντος
457 3739 489 3800 ἐκ
506 3737 671 3818 σπέρματος
687 3737 785 3818 Δαβλδ
804 3735 880 3801 κατολ
902 3733 1012 3819 σαίρκα,
1033 3737 1181 3801 τουτέστιν
1201 3732 1260 3802 οίπδ
1281 3744 1333 3820 τῆς
1353 3735 1440 3824 δγίσς

295 3835 449 3913 παρθένου
463 3840 601 3921 Μαρίας,
622 3841 678 3902 τίνι
693 3844 734 3926 τῷ
749 3835 827 3926 λόγῳ
843 3839 892 3903 ἐπί
906 3842 960 3902 τοῦ
973 3835 1090 3919 θρόνου
1106 3841 1206 3920 Δαβίδ
1223 3836 1262 3905 ού
1277 3841 1439 3918 καθίζεται.

289 3921 403 3996 Ἦλθον
417 3933 482 4018 γὰρ,
505 3941 580 4019 φησί
592 3937 624 4004 τό
644 3937 825 4024 εὐαγγέλιον,
846 3947 943 4023 χρῖσαι
958 3935 1048 4002 αύτόν
1063 3942 1105 4015 είς
1123 3943 1258 4023 βασιλέα,
1280 3944 1331 4008 καλ
1351 3941 1440 4028 γνοῦς

238 4036 242 4044 ’
294 4030 474 4118 οίνεχύρησε,
495 4040 545 4102 καί
563 4038 674 4124 ἐκρύβη
691 4043 723 4106 ἐν
738 4038 873 4126 Ἐφραλμ
887 4038 970 4104 πόλει
986 4047 1039 4123 τῆς
1053 4040 1174 4125 ἐρήμου.
1220 4042 1440 4120 Φθόσαντεςδλ

293 4132 378 4217 ήμεῖς
394 4136 443 4200 §nl
457 4136 510 4201 τόν
523 4139 616 4206 τόπον
633 4149 687 4206 τοῦ
702 4146 794 4226 ῥητοῦ
808 4141 930 4221 τούτου,
951 4144 1003 4207 καλ
1018 4142 1200 4225 ἐρωτώμενοι
1213 4147 1281 4231 περί
1295 4151 1349 4228 τῆς
1364 4170 1439 4232 μαρ-

293 4242 395 4320 τυρίας
410 4235 517 4320 ταύτης
530 4245 580 4307 καλ
595 4250 648 4324 τῆς
663 4241 850 4324 ύποθέσεως,
873 4243 920 4310 ῦτι
937 4248 994 4308 τίνι
1011 4251 1051 4331 τῷ
1066 4243 1143 4332 λόγῳ
1158 4245 1233 4310 κατολ
1248 4245 1282 4312 τό
1297 4246 1440 4331 σαρκικδν

172 4376 223 4420 m·
238 4366 282 4409 ne,
295 4335 334 4402 ού
354 4337 541 4424 πεπλήρωται
566 4344 636 4408 Ῑέπλ
657 4343 710 4411 τόν
726 4354 843 4432 σωτῆρα
860 4344 893 4413 τό
911 4350 1033 4412 καθίσαι
1058 4347 1107 4410 έπλ
1130 4344 1182 4410 τόν
1203 4346 1317 4434 θρόνον
1330 4354 1438 4432 Λαβίδ.

343 4580 402 4630 θεν.
419 4582 449 4630 ΙΙ.
475 4611 507 4620 -
544 4584 567 4633 1.
586 4586 697 4647 Suspicor
710 4586 767 4653 περὶ
781 4584 824 4639 τὸν
841 4585 952 4652 σωτῆρα.
