3046 5084
391 338 640 393 sternuntur.
656 340 737 393 rona
752 344 784 395 ιι.
800 344 1012 397 nnunxxxn
1216 336 1278 401 eto

125 469 218 525 tntum
235 469 298 540 est,
323 470 356 523 ιι
371 458 466 523 rideri
485 460 721 546 eontrerterique
737 471 850 549 posset.
895 458 1036 529 Ceterum
1053 486 1122 530 euro
1140 477 1227 531 retus
1244 466 1278 530 il·

125 562 173 628 lud
190 582 263 648 opus
280 560 327 625 dei
342 571 407 639 est,
430 561 490 626 iem
505 572 566 625 tum
580 560 618 625 ab
632 561 738 627 Adoni
754 564 933 649 temporibus
948 586 988 629 ex
1005 566 1093 631 bnmo
1109 570 1276 648 formatum,

123 686 210 750 qnam
227 664 273 729 dei
292 662 425 729 Verbum
443 663 535 727 luisse
551 663 707 729 verissime
725 662 851 729 loannes
867 666 1003 750 prodidit.
1050 666 1093 730 lte
1108 669 1200 754 prima
1213 668 1278 734 illo·

123 788 188 832 rum
208 776 239 831 et
255 765 459 850 antiquissima
478 762 600 851 Ogdoas
619 766 649 830 iu
669 766 788 831 nibilum
808 768 923 831 recidit.
968 766 1113 852 Quoniam
1134 770 1211 834 euim
1230 774 1279 835 nni

123 870 277 954 eidemque
296 867 458 932 oouveuire
476 878 669 933 monstratum
689 880 752 949 est,
777 880 808 933 ιι
826 881 855 933 ιι
873 866 1067 955 Unigenitus,
1092 883 1122 935 et
1138 870 1225 952 Vita,
1250 884 1280 937 et

123 970 256 1051 Lumen,
281 979 312 1034 et
329 966 485 1049 Salvator,
509 981 539 1035 et
553 967 709 1050 Christus,
733 982 763 1036 et
777 969 834 1036 Dei
853 972 929 1036 filins
946 985 1037 1054 esset,
1062 985 1092 1039 et
1106 975 1131 1038 is
1148 975 1211 1061 ipse
1225 997 1278 1039 no

122 1085 186 1139 stra
203 1093 308 1138 oanssa
327 1093 445 1137 earnem
463 1073 615 1153 indueret,
649 1084 710 1138 tota
729 1074 777 1138 illa
797 1070 946 1159 Ogdoadis
965 1074 1059 1139 labnla
1078 1077 1189 1161 dilapsa
1206 1098 1276 1141 eou-

123 1177 212 1241 oidet.
253 1172 319 1258 Qun
334 1174 464 1239 diseusse
477 1176 644 1242 universam
659 1197 747 1241 ruere
762 1177 872 1262 puriter
888 1179 1054 1261 dogmatum
1070 1178 1185 1244 illorum
1199 1192 1277 1245 stru·

123 1288 235 1342 oturam
252 1296 375 1343 neeesse
391 1286 452 1356 est,
475 1298 562 1362 quom
576 1278 619 1343 illi
636 1279 693 1343 sibi
711 1279 791 1344 velut
808 1301 862 1364 per
878 1280 1022 1344 somnium
1037 1281 1208 1365 affingentes
1227 1305 1276 1348 sa·

123 1401 191 1445 ores
206 1380 307 1445 literas
324 1380 499 1465 depravent,
523 1381 589 1445 dnm
606 1402 659 1446 ιιι
677 1382 713 1447 ad
732 1394 933 1467 argumentum
950 1404 1034 1447 snum
1052 1386 1274 1451 accommodare

121 1484 249 1549 student.
293 1480 409 1547 Deinde
427 1504 545 1569 sparsus
567 1483 711 1549 diationes
731 1506 767 1549 ao
786 1485 929 1550 voeabula
947 1487 1055 1573 passim
1072 1498 1191 1573 reperta
1213 1490 1273 1553 ool·

119 1586 245 1672 ligentes
261 1584 298 1649 eb
316 1586 416 1650 uetiro
429 1606 520 1651 seusu
536 1597 566 1650 et
581 1588 699 1673 proprio
715 1588 745 1651 in
761 1587 906 1667 alienum,
930 1601 962 1652 nt
978 1589 1123 1668 diximus,
1147 1592 1272 1675 pervim

121 1691 312 1755 transierunt.
347 1686 596 1772 Quemadmodum
611 1690 631 1752 ii
649 1690 760 1755 luriunt
773 1692 820 1776 qni
836 1691 963 1775 qualibet
976 1691 1097 1755 materia
1111 1694 1270 1777 proposita,

92 1853 97 1859 .
119 1792 297 1878 depromptis
316 1812 357 1856 ex
374 1788 507 1855 Homero
524 1791 677 1872 uersibus,
711 1794 754 1857 sio
774 1814 838 1856 earu
857 1802 984 1857 tractant
1000 1804 1087 1877 atque
1106 1794 1269 1879 expoliunt,

118 1893 308 1981 utimperitis
323 1895 520 1980 persuadeant
534 1894 569 1958 de
584 1894 697 1959 recenti
713 1895 764 1959 illo
778 1916 833 1959 suo
848 1907 1022 1979 argumento
1037 1894 1199 1961 Homerum
1215 1899 1272 1963 ista

117 1998 280 2076 supiniore,
313 2018 348 2061 ao
367 1998 513 2082 plerisque
531 1997 626 2061 series
645 1998 707 2083 ipsa
727 1998 887 2061 oar-minum
904 2019 938 2060 ao
955 2008 1111 2061 contextus
1128 1998 1269 2084 imponat,

117 2100 201 2189 quasi
215 2101 289 2165 baso
304 2100 333 2163 iu
349 2120 416 2163 euur
431 2101 546 2163 modum
563 2100 672 2164 inerint
686 2100 723 2164 ab
738 2098 869 2163 Homero
883 2099 1006 2183 digesta.
1041 2099 1092 2165 Sio
1104 2100 1154 2163 ille
1169 2103 1270 2165 neseio

117 2206 199 2291 quis,
233 2204 282 2289 qni
302 2201 459 2267 Heroulem
478 2202 514 2265 ab
532 2201 702 2289 Eurystheo
721 2204 756 2266 ad
775 2203 919 2266 internum
938 2222 1040 2265 runem
1058 2202 1270 2267 extrahendum

116 2308 238 2373 missum
257 2304 425 2369 Homeriois
442 2304 578 2370 versibus
600 2306 639 2369 ita
658 2305 814 2390 descripsit
830 2304 915 2385 (nibil
934 2304 1010 2367 euim
1030 2306 1156 2392 exempli
1176 2308 1269 2391 gratia

115 2410 251 2497 prohibet
270 2410 326 2473 ista
346 2407 586 2489 commemorari,
617 2429 683 2473 enm
701 2429 755 2492 pur
772 2408 905 2492 idemque
928 2406 968 2470 sit
986 2406 1136 2471 amborum
1155 2409 1269 2474 institu-

116 2516 208 2597 tum):

267 2619 317 2678 Sia
338 2619 395 2688 ait,
419 2627 447 2675 ιι
468 2619 548 2677 testes
567 2616 770 2696 gemebundam
793 2619 917 2675 extrusit
938 2614 974 2675 ab
995 2617 1062 2676 altr's

267 2722 479 2799 Magnentianae
499 2721 636 2792 Atriden,
653 2718 800 2800 suetorum
824 2720 907 2778 lande
923 2729 1062 2798 potentem

267 2826 415 2885 Perseidos
435 2824 613 2902 Eurystheum
635 2824 765 2882 Stheneli
782 2824 941 2882 olarissrina
959 2824 1082 2901 procles,

266 2927 411 3009 Inseraam
432 2937 466 2987 at
483 2946 601 3005 superus
622 2927 762 2985 emona
784 2926 901 3007 efferret
923 2929 952 2984 ia
972 2944 1069 2985 naras.

266 3032 348 3108 Ergo
368 3032 418 3090 ille
438 3031 594 3108 aanepriiua
616 3030 743 3088 montani
762 3048 838 3087 ruore
860 3028 947 3087 Ιιιιιίι

269 3133 343 3193 llrbe
362 3152 449 3192 ruens
470 3141 529 3191 tota
547 3134 633 3191 soeriis
654 3131 852 3190 comitantibus
873 3130 950 3203 ibat,-

265 3238 349 3295 nano
369 3238 481 3295 ιἰιιιιιιι
501 3237 650 3313 meamque
668 3254 749 3293 serres
769 3243 917 3313 castaeque
935 3235 1047 3312 puellae

265 3341 415 3399 Deliacam
434 3339 519 3416 longo
536 3340 661 3415 gerorius,
683 3356 735 3397 eeu
755 3347 843 3397 morte
861 3339 1029 3415 propinqua.

268 3443 337 3501 Turn
357 3462 388 3501 se
408 3442 571 3501 Merearriar
590 3443 716 3500 comitem
737 3458 798 3499 enm
820 3441 936 3500 Pallade
957 3441 1060 3516 sicagit,

266 3546 354 3622 Quum
374 3565 431 3605 noa
443 3544 578 3626 fraterni
594 3562 678 3603 enatos
699 3562 838 3623 raraeque
859 3542 992 3602 latebunt.

113 3645 210 3733 Quem
231 3667 291 3711 nou
312 3646 472 3732 simplicem
496 3642 672 3730 minimeque
694 3644 800 3708 mulum
822 3643 967 3708 bominem
987 3662 1093 3707 versus
1115 3642 1163 3706 isti
1186 3641 1264 3707 deoi-

112 3751 210 3839 pisut,
241 3759 273 3813 ut
293 3770 345 3815 eos
365 3748 605 3834 quemadmodum
626 3746 722 3826 audit,
753 3748 789 3810 de
812 3748 867 3811 boo
885 3756 1057 3830 argumento
1078 3744 1115 3809 ab
1133 3743 1264 3811 Homero

112 3853 238 3940 eotiptos
257 3852 453 3919 essentiatur?
495 3851 602 3937 Atqui
619 3848 741 3915 Homeri
757 3850 885 3914 leotione
902 3849 987 3913 tritos
1010 3860 1072 3930 est,
1104 3849 1190 3915 laoilo
1206 3850 1263 3914 istu

112 3957 277 4036 disseruet,
309 3975 364 4019 nee
385 3954 532 4039 ignorabit
548 3952 650 4019 borum
672 3954 777 4040 partim
799 3952 835 4016 de
852 3949 960 4037 Ulysse
980 3952 1072 4033 diota,
1102 3951 1206 4039 partim
1226 3954 1261 4017 de

111 4057 257 4140 Heronio,
290 4058 392 4144 partim
409 4061 445 4123 ad
462 4055 626 4136 Priamum,
657 4057 762 4143 partim
780 4055 815 4118 nd
832 4052 1000 4118 Menelaum
1019 4066 1049 4119 et
1064 4057 1262 4141 Agamemno-

111 4183 179 4227 nem
199 4162 359 4250 pertinere.
406 4158 520 4245 Quibus
538 4159 606 4223 indo
625 4157 772 4224 translatis
794 4179 829 4221 ao
851 4179 905 4221 sno
928 4157 993 4223 loeo
1011 4159 1153 4224 restitutis
1169 4171 1260 4224 totum

110 4265 179 4331 illud
199 4285 273 4352 opus
290 4263 442 4329 dissolvet.
489 4259 540 4328 sto
556 4262 691 4343 omniuo,
715 4260 764 4347 qui
780 4260 914 4326 veritatis
931 4261 1063 4346 regulum
1079 4274 1211 4328 nentrum
1229 4264 1259 4328 in

110 4404 191 4467 tem
199 4404 293 4455 ιιιιιιιι
301 4404 394 4466 plenior
405 4395 572 4468 ἐπιγνώσεται
583 4396 628 4485 ptr
640 4397 673 4453 τὰ
740 4394 765 4451 9.
787 4402 832 4451 t'et
842 4400 956 4464 latenrer
965 4416 1082 4468 praeseus
1093 4413 1262 4469 argumentum

112 4467 178 4537 burn,
194 4466 243 4537 mir
259 4469 290 4525 dd
302 4465 422 4525 n‘ao'bson
437 4463 483 4522 orie
498 4466 672 4537 ἑπιγιισιται.
707 4470 783 4521 uertit.

143 4542 168 4591 tt
182 4540 365 4603 Vrtbrterpm:
379 4548 404 4590 ιι
417 4552 615 4607 unumquemque
626 4553 672 4589 sno
742 4536 781 4587 10.
800 4532 814 4592 ὁ
832 4551 877 4589 ιιι.
891 4539 943 4591 aad,
960 4540 1015 4589 Vm,

109 4604 176 4659 libro
190 4603 335 4658 reddiderit.
