3046 5084
193 346 253 408 636
613 352 735 405 saaca]
752 352 922 403 τεινειιιειι

192 472 263 557 μετά
283 480 342 538 τοῖν
363 479 489 557 νεκρῶνς
521 471 651 557 ήγέρθη,
680 468 830 552 μνήσθητε
853 467 909 535 ὅσα
931 468 1068 553 ἐλάλησεν
1098 474 1142 539 ἔτι
1165 470 1209 539 ι’δν
1234 470 1345 555 Μεθ’

192 575 291 659 όμοῖν,
322 575 368 641 ότι
392 579 439 640 δεῖ
459 574 511 640 τόν
533 573 600 639 υίδν
621 580 675 638 τοῦ
696 569 860 655 άνθριόπου
883 573 1020 639 ίῖπολλά
1040 584 1153 641 παθεῖν
1177 579 1232 642 καί
1252 604 1345 663 παρα·

193 683 329 762 δοθῆναι.

266 780 383 866 Ἔλεγχ.
397 778 447 855 ος’.
479 777 555 844 Οόδλ
570 771 653 844 οὗτοί
666 801 697 843 σε
710 783 868 844 πείθουσιν
880 781 912 844 οί
922 777 1046 865 ἄγγελοι,
1062 772 1087 845 οδ
1099 786 1262 868 Μαρκίων,
1275 779 1344 865 δμο-

190 892 344 969 λογοῦντες
365 883 418 964 μὲν
438 881 529 947 αὐτόν
546 880 703 966 τριήμερον
724 878 830 964 μεταξό
848 889 960 966 νεκρῶν
977 890 1170 967 γεγενῆσθαι,
1199 892 1296 963 ζῦντα
1313 888 1345 953 δέ

191 984 311 1064 λοιπόν,
342 988 392 1049 καλ
415 984 512 1050 οὐκέτι
532 982 652 1067 νεκρόν,
685 982 730 1047 άεὶ
752 984 803 1065 μὲν
820 990 913 1060 ζῶντα
934 986 966 1049 έν
983 992 1019 1073 τῆ
1037 984 1175 1069 θεότητι,
1204 988 1258 1053 καλ
1278 985 1345 1071 μηδ’

192 1088 268 1165 ὅλως
282 1089 481 1172 νεκρωθέντα,
504 1088 689 1170 νεκρωθὲντα
703 1087 735 1151 δέ
750 1084 824 1151 κατά
839 1082 935 1170 σάρκα
948 1085 981 1152 τό
996 1086 1169 1173 τριήμερον,
1191 1092 1245 1154 καὶ
1258 1090 1346 1157 πάλιν

191 1199 290 1268 ζῶντα.
335 1193 465 1276 Λέγουσι
481 1189 536 1276 γάρ
553 1187 665 1267 αὐτοῖς,
687 1186 820 1271 Ἀνέστη,
842 1186 899 1253 οῦκ
913 1190 990 1254 έστιν
1006 1182 1072 1255 ὦδε.
1119 1188 1162 1258 Τό
1177 1192 1211 1257 δέ
1225 1189 1345 1275 Ἀνέστη

191 1298 218 1357 τί
240 1296 313 1370 ἐστι,
344 1296 371 1356 εί
391 1292 431 1375 μῆ
454 1291 499 1357 ὅτι
520 1293 571 1355 καλ
589 1290 752 1374 ἐκοιμήθης
786 1292 976 1373 Σαφέστερον
997 1290 1052 1377 γάρ
1070 1288 1142 1359 αότδ
1162 1298 1343 1381 διηγοῦνται

191 1394 357 1478 Μνήσθητε
374 1393 444 1481 γάρ,
478 1396 627 1474 θθφασίν,
660 1393 704 1458 ότι
720 1396 762 1459 ἔτι
778 1392 888 1481 περιιόν
902 1400 992 1458 ταῦτα
1007 1396 1101 1479 ἐλεγεν
1116 1392 1203 1478 ῦμῖν,
1237 1396 1286 1463 δτι
1302 1402 1347 1463 δεῖ

191 1506 301 1562 παθεῖν
322 1495 374 1563 τόν
395 1495 462 1562 υίόν
482 1504 535 1562 τοῦ
558 1495 729 1580 άνθριόπου.

274 1806 358 1889 Σχόλ.
374 1807 421 1885 οξ.
454 1809 614 1890 Παρέκοψε
634 1806 666 1871 τό
684 1808 838 1888 εἰρημένον
853 1803 928 1887 πρός
946 1804 1084 1871 Κλεόπαν
1104 1808 1156 1871 καλ
1174 1806 1229 1872 τόν
1244 1806 1340 1887 ἄλλον,

191 1907 238 1972 ὅτε
251 1908 428 1991 συνήντησεν
445 1908 554 1987 αὐτοῖς,
579 1908 621 1987 τό,
639 1902 678 1971 Ὦ
694 1906 811 1991 άνόητοι
828 1909 877 1972 καί
889 1911 1006 1991 βραδεῖς
1019 1914 1073 1973 τοῦ
1088 1908 1238 1976 πιστεύειν
1256 1912 1340 1977 ο’ἐττλ

190 2018 279 2076 πᾶσιν
300 2008 345 2088 οἷς
365 2011 504 2095 ἐλάλησαν
526 2016 557 2077 οἱ
574 2018 741 2096 προφῆται,
771 2008 835 2091 οόχλ
857 2017 947 2074 ταῦτα
968 2013 1027 2076 ἐδει
1047 2020 1174 2089 παθεῖνς
1204 2010 1341 2079 καλόντί

68 2146 118 2191 pag.
131 2136 175 2179 τοο.
190 2121 258 2191 τοῦ,
278 2111 342 2194 Ἐφ’
357 2112 402 2190 οἷς
419 2114 559 2196 ἐλάλησαν
576 2116 607 2178 οί
618 2120 785 2197 προφῆται,
809 2115 960 2195 ἐποίησεν,
980 2109 1044 2193 Ἐφ’
1059 2110 1107 2189 οίς
1120 2112 1248 2198 ἐλάλησα
1264 2112 1339 2199 ῦμῑν.

187 2212 342 2300 Ἐλέγχεται
356 2218 388 2281 δὲ
403 2217 448 2283 ὅτι
463 2216 510 2283 δ’τε
526 2220 625 2282 έκλασε
639 2213 690 2279 τόν
706 2214 804 2302 άριον,
829 2222 865 2260 ⁷⁰
876 2213 1056 2299 ἠνοίχθησαν
1070 2214 1170 2281 αῦτῦν
1183 2220 1217 2283 οί
1227 2213 1340 2300 δφθνλ-

190 2318 256 2400 μοὶ,
280 2321 331 2383 καὶ
354 2322 519 2405 ἐπέγνωσαν
541 2317 639 2383 αὐτόν.

264 2420 381 2507 Ἕλεγγ.
397 2422 445 2499 οἵ.
482 2420 585 2486 Πόθεν
599 2417 620 2502 ῆ
635 2418 735 2496 κλάσις
747 2428 800 2484 τοῦ
813 2418 903 2502 άρτον
918 2422 1043 2505 ἐγένετος
1065 2422 1128 2507 λέγε
1141 2414 1167 2487 ιδ
1183 2428 1338 2508 Μαρκίαν.

187 2521 259 2590 'Ano'
279 2529 443 2606 φαντασίας
464 2522 486 2606 ῆ
506 2522 565 2589 άτιό
583 2522 717 2605 σώματος
735 2524 922 2607 ἐνεργοῦντος
939 2520 1068 2609 όγκηροῦ
1089 2522 1165 2589 κατά
1183 2522 1338 2609 ιίλήθειανς

187 2624 325 2703 Ἀναστάς
348 2626 404 2712 γάρ
426 2629 457 2691 ἐκ
479 2635 537 2691 τῶν
556 2632 666 2709 νεκρῶν
682 2627 713 2690 ἐν
731 2622 810 2713 αὐτῷ
828 2631 868 2713 τῷ
886 2621 959 2713 δγίφ
976 2624 1087 2708 σάματι
1102 2622 1209 2711 α’νέσιη
1227 2630 1261 2695 ἐν
1273 2626 1337 2711 άλη-

188 2734 266 2793 θεία.
309 2727 464 2812 Ἐποίησας
480 2731 526 2807 δέ,
557 2756 580 2792 ω
569 2721 763 2811 ³Maqulav,
792 2725 857 2792 όντι
873 2734 942 2805 τοῦ,
976 2726 1021 2792 Οό
1037 2736 1131 2794 ταῦτα
1122 2728 1264 2795 ’“έστιν
1243 2758 1263 2795 α
1278 2728 1337 2799 ἐλό-

186 2836 319 2914 λησαν
289 2858 316 2897 οι
332 2839 500 2955 προφῆται,Ι
520 2838 611 2895 ταῦτα
603 2829 738 2895 ’“ἐστιν
719 2858 737 2893 α
754 2826 911 2911 ίλάλησα’
891 2838 973 2912 νμῖνς
992 2832 1077 2893 ΠΕί
1089 2831 1122 2897 δέ
1134 2828 1270 2899 είιεεν’
1230 2842 1338 2913 αυτοῖς,

186 2931 363 3016 Ἐλάλησα’
343 2944 429 3017 υμῖν,
459 2932 554 3015 πάντη
570 2935 730 3017 ἐγίνωσκον
749 2929 839 2997 αὐτόν
855 2959 892 2997 αν
908 2930 967 2997 διεδ
984 2938 1038 2999 τοῦ
1054 2931 1144 3018 λόγον
1159 2940 1230 3013 τοῦ,
1258 2932 1337 3001 Ἠιό-

187 3034 297 3118 λησα
278 3046 356 3119 υμῖν.
390 3042 462 3112 Ιίῶς
479 3028 534 3101 οὖν
554 3038 586 3099 ίν
601 3062 637 3123 τη
624 3034 750 3099 κλάσει
764 3042 816 3099 τοῦ
830 3033 921 3119 άρτου
935 3036 1019 3119 λέγει,
1034 3032 1339 3121 Ἠνοίγθησιιναῦτῦν

189 3142 220 3203 οί
240 3136 407 3222 ὀφθαλμοί,
438 3141 487 3205 καὶ
509 3139 678 3222 ἐπέγνωσαν
699 3134 804 3216 αὐτόν,
833 3135 925 3202 καῖ’
905 3163 1036 3216 αφαντος
1057 3140 1186 3225 ίγένετος
1208 3138 1338 3229 'Eum

188 3240 243 3327 γάρ
262 3239 341 3331 αότρῖ
356 3249 418 3331 θεῷ
433 3240 511 3319 όντι,
535 3242 586 3304 καὶ
601 3238 805 3322 μεταβάλλοντι
819 3238 912 3304 αότοῦ
925 3237 957 3305 τό
974 3246 1059 3322 σῶμα
1072 3242 1114 3317 είς
1129 3240 1337 3327 πνευματικόν,

190 3344 340 3410 δεικνύναι
363 3344 415 3426 μέν
437 3341 507 3407 αότό
531 3350 614 3422 σῶμα
636 3340 794 3425 άληθινόν,
825 3340 1033 3423 άφαντοῦσθαι
1058 3342 1091 3408 δέ
1117 3342 1166 3409 δτε
1191 3344 1337 3429 έβοῦλετο,

188 3446 232 3511 ὅτι
254 3447 350 3511 πάντα
368 3444 447 3534 αὐτῷ
465 3444 583 3510 δυνατά.
630 3448 690 3510 Καί
711 3443 765 3531 γάρ
788 3446 839 3510 καλ
853 3442 1029 3525 Ἐλισσαῖος,
1056 3444 1214 3531 προφήτης
1230 3446 1275 3515 ιδν
1288 3450 1339 3515 καλ

188 3550 220 3613 ἐκ
236 3558 311 3614 θεοῦ
327 3547 425 3631 λαβοίν
442 3548 495 3631 τῆν
511 3550 611 3633 χάριν,
633 3546 720 3637 ήτησε
735 3546 816 3633 παρά
832 3554 908 3613 θεοῦ
920 3544 991 3623 τοῦς
1006 3544 1097 3615 αῦτδν
1110 3556 1272 3633 ζητοῦντας
1283 3578 1338 3619 ια·

187 3659 331 3734 ταχθῆναι
346 3651 487 3740 οίορασίςι,
509 3654 559 3716 καλ
576 3649 795 3734 ἐπατάχθησαν,
818 3652 867 3715 καλ
889 3648 943 3716 σῦκ
959 3652 1083 3734 ἔβλεπον
1096 3648 1189 3719 νῦεδν
1201 3662 1340 3723 τοιοῦτον

188 3752 259 3819 ὄντα
277 3751 341 3829 οίος
361 3749 406 3837 ῆν.
448 3752 534 3818 Ἀλλό
551 3756 600 3818 καί
616 3756 648 3818 ἐν
661 3751 811 3836 Σοδόμοις
824 3752 877 3837 τῆν
889 3752 990 3839 θόραν
1003 3760 1059 3820 τοῦ
1073 3752 1147 3821 Aac
1160 3751 1340 3845 α’τιίιρυφιν

188 3860 219 3921 οί
238 3856 369 3943 άγγελοι,
391 3860 441 3921 καὶ
463 3854 519 3923 οόκ
541 3860 664 3940 έβλεπον
685 3853 777 3939 αότῆν
798 3859 830 3922 οί
846 3860 1018 3939 Σοδομῖται.
1061 3856 1120 3941 Μή
1141 3860 1195 3925 καλ
1215 3856 1238 3945 ή
1256 3860 1341 3949 θόρι

187 3968 241 4024 τοῦ
258 3957 329 4024 Λιότ
352 3958 472 4042 δόκησις
492 3952 546 4042 ῆν,
578 3952 781 4047 ὦΜαρκίωνς
815 3955 877 4043 Οῦγ
896 3955 1081 4027 ῦπολείπεται
1103 3962 1137 4027 δί
1157 3982 1207 4029 σοι
1227 3960 1341 4033 &nala-

187 4066 235 4146 γία
255 4061 386 4145 οόδεμία.
421 4060 546 4127 ’Έκλασε
567 4060 622 4150 γάρ
638 4060 691 4127 τόν
705 4060 796 4147 άρτον
810 4068 929 4143 σαφῶς,
950 4063 1002 4127 καλ
1017 4064 1141 4131 διέδωκε
1161 4072 1226 4141 τοῖς
1245 4064 1341 4135 αδτοῦ

189 4174 345 4248 μαθηταῖς.

221 4318 262 4372 66.
281 4316 370 4385 μεθ’
346 4321 426 4405 υμῶν
443 4324 507 4371 abest
523 4335 603 4385 ευριο.
780 4337 861 4386 mara

222 4386 263 4439 67.
278 4386 356 4442 πολλὰ
374 4394 437 4440 abeat
454 4404 534 4451 ειηιτσ.
814 4390 854 4442 “ι“.0
872 4392 952 4454 Sapra
968 4386 1146 4463 ηνεηίχθησαν.

222 4456 265 4507 σε.
280 4459 477 4523 marianam
478 4455 544 4522 ηδτ
813 4458 853 4510 71.
873 4462 947 4509 »aaa
962 4459 998 4513 Et
1014 4448 1340 4531 δε---λίγωιυλ

220 4523 261 4575 69.
281 4527 377 4576 Restituta
391 4529 585 4588 praepositionem
602 4524 659 4593 ἐπὶ,
686 4544 745 4591 quaa
778 4521 991 4596 Ἐλᾶλησαδμῖν,
1004 4530 1341 4593 ammiud!-

186 4594 247 4643 θίν’
238 4596 341 4645 ιπλλδτίε
355 4596 508 4645 διεῖδετσλιιτ.
541 4597 745 4647 Ετίαίειιαιιλετι
774 4600 868 4659 priua„
882 4610 914 4647 τε
928 4600 980 4649 ωδ.
996 4598 1072 4649 Vatia.
1086 4600 1325 4663 wma-
