3046 5084
205 341 266 402 484
625 348 747 398 ειααιι
766 347 933 397 τεινιιιαιι

205 465 263 532 ἀλλ’
277 464 333 532 ούκ
349 464 459 549 ἀνδρα·
483 464 528 529 διδ
546 468 596 529 καί
612 462 629 528 6
643 462 807 548 ἀνθρωπος
818 466 948 548 λέγομεν,
966 463 1016 527 καὶ
1031 460 1051 543 τί
1066 460 1239 547 ἅνθρωπος.
1278 472 1368 531 Διαι-

206 577 326 653 ροῦντες
353 569 384 632 δέ
406 566 438 633 τύ
464 569 549 652 γένος
573 565 740 643 ἰδιαζόντως
762 564 816 647 τὴν
837 567 889 647 μὲν
910 563 1034 647 θήλειαν
1056 574 1182 650 γυναῖκα
1201 574 1367 650 καλοῦμεν,

206 669 257 735 τύν
278 672 310 734 δὲ
332 668 440 755 ἀρρενα
461 668 564 753 ἀνδρα.
608 666 693 749 Αῦτη
717 666 772 752 γάρ
796 667 942 753 διάκρισίς
963 670 1023 733 ἔστι
1043 674 1097 733 τοῦ
1114 669 1221 752 γένους
1238 666 1368 755 ῦρρενος

204 775 255 837 καὶ
271 777 406 854 θηλείας,
428 769 460 836 τύ
477 768 552 854 ἀνὴρ
570 773 620 834 καί
634 769 726 855 γυνη,
753 771 960 854 διαιρουμένης
976 777 1029 850 τῆς
1044 777 1102 834 τῶν
1115 776 1208 855 γενῦν
1223 773 1364 853 σχέσεως·

205 873 402 957 ύμωνυμικῶς
424 876 455 938 δὲ
477 872 640 957 ἀνθρωπος
662 875 712 937 καλ
734 870 751 936 6
773 870 848 957 ἀνὴρ
870 874 921 936 καλ
942 868 963 954 η
984 870 1058 957 γυνη
1080 880 1219 938 καλεῖται.

69 1081 127 1148 Κεφ
153 1077 184 1148 εἴ
292 1078 411 1145 Τούτων
429 1082 528 1143 τοίνυν
543 1076 637 1151 οῦτως
655 1074 779 1158 ἐχόντων
795 1075 880 1158 ἥκετέ
898 1104 947 1159 μοι
964 1075 1070 1153 πάντες
1087 1084 1165 1143 θεοῦ
1180 1082 1302 1155 δοῦλοι,
1335 1081 1367 1144 σι’

204 1189 256 1263 τῆς
272 1179 412 1263 ἀληθείας
427 1182 562 1263 έρασταλ,
584 1181 631 1242 καί
650 1177 784 1263 γελάσατε
801 1177 852 1243 τδν
866 1177 1022 1244 ἀπατεῶνα
1035 1182 1086 1244 καί
1100 1178 1232 1265 ἀγύρτηυ
1247 1180 1362 1264 Κολύο-

204 1289 313 1366 βασον,
336 1291 443 1364 μᾶλλον
459 1283 491 1346 δέ
505 1279 672 1362 πενθήσατε
687 1279 757 1356 τούς
773 1279 994 1365 ἀπατηθέντας,
1015 1285 1066 1347 καλ
1084 1281 1207 1359 ἑαυτούς
1225 1286 1279 1349 καὶ
1292 1292 1363 1349 πολ·

203 1384 273 1461 λούς
289 1384 495 1459 ἀπολέσαντας.
540 1382 636 1448 Αύτοὶ
652 1385 683 1447 δέ
698 1392 761 1471 θεῷ
777 1383 1038 1467 εύχαριστύσιομεν,
1062 1382 1102 1460 ὥς
1116 1384 1166 1450 διά
1179 1393 1297 1473 μικρῶν
1311 1388 1363 1452 καί

204 1486 305 1552 ἀπλῶν
328 1490 421 1572 λόγων
442 1484 463 1568 ἡ
485 1483 608 1568 ἀλήθεια
628 1484 698 1560 τούς
718 1488 825 1569 ἑαυτῆς
847 1490 888 1562 είς
904 1485 977 1552 ύδύν
994 1485 1115 1552 εύθείαν
1131 1485 1256 1571 ὁδηγεῖν
1271 1492 1363 1554 εἴωθε

203 1593 255 1655 καί
270 1588 306 1654 τά
324 1592 435 1672 σχέτλια
449 1591 499 1653 καί
515 1587 692 1669 πολύκομπα
707 1589 756 1653 διά
773 1597 881 1671 πολλῆς
896 1596 1026 1672 μηχανῆς
1039 1592 1285 1655 καλλωπισθέυτα
1298 1594 1362 1657 δια-

203 1691 409 1770 σκεδάννυσιν,
432 1688 587 1777 ἀνατρέπει
601 1693 652 1754 καλ
669 1688 801 1771 ἀφανίζει
816 1690 909 1780 ἡσυχῇ
923 1696 1084 1774 βαίνουσα,
1106 1690 1148 1767 τύς
1162 1700 1272 1774 σαφοῦς
1284 1695 1362 1760 έστιν

203 1798 277 1859 ἰδεῖν
300 1792 359 1858 ἀπὸ
381 1800 434 1858 τοῦ
449 1800 637 1880 προφητικοῦ
652 1793 749 1879 λόγου.
792 1792 939 1879 Ἐγκαλῶν
960 1792 1015 1880 γάρ
1038 1791 1055 1859 6
1072 1794 1230 1879 προφήτης
1247 1806 1311 1873 τοῖς
1325 1796 1361 1863 τύ

204 1895 284 1961 δεινά
303 1898 576 1982 περιεργαζομένοις
592 1898 642 1961 καὶ
663 1895 848 1978 1πολύφημα
865 1899 1035 1963 ἐπινοοῦσιν
1051 1900 1094 1972 εἰς
1110 1900 1225 1965 ἑαυτῶν
1239 1898 1361 1983 ἀπύτην

203 2003 295 2084 ἔλεγε,
326 1996 385 2063 Διά
402 1998 434 2063 τύ
451 1998 491 2081 μη
508 2001 607 2064 θέλειν
621 1996 698 2080 ύμᾶς
715 1998 747 2065 τύ
766 1999 846 2081 ίίδωρ
862 2006 915 2063 τοῦ
934 1996 1073 2082 Σιλαάμ,
1103 1998 1136 2065 τύ
1156 2000 1361 2085 πορευόμενον

203 2098 315 2189 ἡσυχῇ,
346 2100 445 2188 ἀνάγει
468 2100 514 2182 ἐφ’
537 2100 616 2183 η’μᾶς
636 2101 738 2185 κύριος
760 2100 792 2167 τύ
811 2102 894 2187 ι’ίδωρ
912 2109 967 2167 τοῦ
986 2108 1139 2185 ποταμοῦ,
1168 2101 1223 2169 τύν
1239 2106 1360 2188 βασιλέα

201 2212 261 2268 τῶν
276 2201 443 2289 Ἀσσυρίων.
471 2204 573 2289 Ὕδωρ
591 2202 646 2289 γάρ
660 2203 782 2285 Σιλωάμ
799 2205 858 2269 έστι
875 2207 1047 2269 διδασκαλία
1062 2210 1115 2269 τοῦ
1127 2202 1360 2290 ἀπεσταλμένον.

207 2311 257 2382 Τίς
276 2304 300 2369 δ’
321 2305 420 2389 ἀνείη
438 2299 540 2384 οὗτος,
571 2304 629 2370 ἀλλ’
650 2305 671 2387 ἢ
692 2304 710 2371 6
725 2306 828 2389 κύριος
844 2303 928 2389 ἡμῶν
942 2304 1071 2389 Ἰησοῦς,
1102 2303 1200 2373 ύάπδ
1215 2316 1271 2374 τοῦ
1285 2316 1360 2375 θεοῦ

202 2406 314 2493 πατρύς
338 2406 430 2473 αύτοῦ
454 2407 681 2491 ἀπεσταλμένος,·
715 2406 809 2491 ἡσυχῆ
832 2409 879 2487 δέ,
910 2407 960 2474 διά
985 2407 1017 2474 τύ
1043 2410 1134 2491 μηδέν
1156 2410 1358 2494 καινύφοινον,

202 2509 274 2593 μήτε
291 2512 482 2590 ἐπίπλαστον,
514 2509 584 2575 ἀλλά
603 2514 634 2576 ἐν
652 2510 776 2599 ἀληθείᾳ
793 2509 846 2592 την
863 2508 951 2596 ἀγίαν
968 2509 1061 2576 αύτοῦ
1078 2510 1204 2595 νύμφην
1221 2512 1278 2597 τήν
1292 2512 1358 2597 παρ’

201 2610 296 2677 αύτοῦ
309 2610 482 2699 περιστεράν
494 2615 687 2695 καλουμένην,
701 2613 750 2677 διά
764 2612 796 2679 τύ
810 2612 922 2679 ἀκακον
934 2616 985 2678 καὶ
996 2612 1108 2698 ἥμερον
1120 2616 1172 2679 καλ
1182 2616 1356 2703 καθαρεύσα-

202 2741 253 2779 τον
267 2722 320 2779 τοῦ
332 2714 419 2793 ζιύου,
434 2718 466 2780 έν
477 2713 671 2798 κεῖς”Ασμασι
686 2725 740 2780 τοῦ
750 2724 936 2799 Σολομῶνος.
962 2717 1022 2780 Καὶ
1032 2718 1272 2801 έστιθαυμοίσαι,
1286 2718 1359 2795 Ξτίς

202 2818 254 2898 μὲν
270 2815 356 2892 ἀλλας
371 2816 412 2899 μὴ
429 2816 520 2893 ούσας
534 2815 637 2896 αύτοῦ,
653 2821 702 2883 έπί
716 2820 747 2883 δὲ
760 2826 799 2907 τῷ
811 2816 932 2899 ἀνύματι
948 2816 1041 2883 αύτοῦ
1052 2816 1161 2896 έαυτάς
1172 2826 1357 2901 κεκλυιινέσς,

201 2923 381 2994 παλλακίδας
394 2916 527 3002 ὠνόμασε
542 2922 594 2985 καὶ
608 2924 783 3001 βασιλίσσας,
806 2919 856 2986 διά
871 2921 903 2987 τύ
920 2925 1076 3003 βασιλεῦον
1091 2918 1197 3005 ὄνομα,
1219 2922 1357 3007 δέκιέσεη

206 3020 338 3107 Χριστύν
354 3024 575 3105 έπιγραφομένη
590 3025 679 3112 έαοτῇ
694 3024 873 3107 σεμνύνεται.
914 3020 986 3087 Ἀλλ’
999 3027 1027 3088 εέ
1038 3026 1089 3089 καλ
1103 3023 1290 3111 ύγδοήκοντύ
1303 3030 1357 3093 είοι

77 3152 130 3198 pag.
143 3140 188 3185 εσε.
202 3126 361 3202 παλλακαὶ,
385 3126 493 3200 αἵτινές
511 3128 583 3189 εἰσιν
600 3129 634 3189 αι’
648 3130 789 3211 αἱρέσεις,
811 3130 910 3191 ἔπειτα
927 3127 959 3191 δέ
976 3124 1123 3207 νεάνιδες,
1146 3120 1189 3195 ούν
1204 3126 1263 3195 σύιτ
1279 3132 1357 3195 lam

200 3224 344 3314 ἀριθμύς,
375 3230 449 3308 φησί
471 3232 523 3309 μία
541 3230 601 3293 ἐστὶ
618 3229 773 3314 περιστεραί
792 3256 865 3311 μου,
895 3232 987 3293 τελεία
1008 3256 1083 3312 μου,
1113 3232 1263 3297 τουτέστιν
1281 3230 1357 3315 αῦτή

200 3329 268 3415 ἀγία
283 3327 387 3411 νύμφη
402 3335 453 3395 καί
468 3330 616 3413 καθολική
630 3334 774 3415 ἐκκλησία.
821 3330 984 3416 Περιστερά
999 3332 1067 3413 μὲν,
1090 3328 1131 3408 οἷς
1145 3336 1238 3416 ἔφην,
1259 3332 1356 3401 δεῦτέ

199 3432 310 3520 ἥμερον
326 3435 377 3497 καὶ
393 3432 507 3499 ἀκακον
522 3436 572 3498 καί
590 3433 729 3519 καθαρόν
743 3442 797 3499 τοῦ
814 3432 906 3511 ζύον·
938 3439 1030 3498 τελεία
1046 3435 1093 3513 δέ,
1122 3433 1174 3500 διά
1191 3435 1226 3502 τύ
1243 3436 1299 3519 τὴν
1314 3462 1356 3503 το-

197 3542 276 3601 λείαν
298 3539 330 3601 έκ
351 3545 427 3601 θεοῦ
448 3544 548 3622 λαβεῖν
565 3535 650 3619 χάριν
666 3540 718 3601 καλ
734 3544 843 3620 γνῶσιν
860 3533 929 3619 παρ’
948 3532 1041 3601 αύτοῦ
1056 3544 1111 3603 τοῦ
1126 3546 1277 3624 σωτῆρος,
1306 3538 1356 3607 διιλ

199 3639 365 3719 πνεύματος
382 3637 476 3722 ἀγίον.
521 3636 622 3715 Αύτύς
637 3632 692 3703 ούν
708 3636 726 3703 6
741 3644 884 3721 νυμφίος,
909 3635 927 3703 6
942 3635 1174 3722 ἀπεσταλμένος,
1197 3640 1355 3727 έρμηνευί.

200 3766 302 3822 μενος,
326 3743 456 3806 τουτέστι
471 3740 609 3822 Σιλωιίμ,
633 3741 713 3826 ίίδωρ
729 3744 785 3823 ἔχει
800 3739 1000 3825 πορευόμενον
1014 3738 1125 3825 ἡσυχῆ,
1147 3746 1299 3812 τουτέστιν
1313 3748 1354 3811 ιλι-

198 3847 358 3907 δασκαλίαν
380 3841 513 3908 ἀδονπον
535 3846 585 3908 καὶ
603 3841 801 3923 ἀψοφοττοιύν
823 3847 875 3909 καλ
893 3841 1131 3923 ἀφαντασίαστον
1148 3848 1201 3909 καλ
1218 3844 1354 3931 ἀκόμπα-

199 3967 276 4011 στον.
314 3942 392 4009 Ἡδὲ
406 3945 498 4011 αύτοῦ
513 3946 616 4028 νύμφη
631 3949 681 4011 καὶ
697 3944 771 4030 αύτὴ
783 3946 893 4029 ἥσυχος
905 3944 1069 4031 περιστεραί,
1091 3944 1164 4029 μήτε
1177 3946 1227 4013 cdv
1238 3952 1355 4033 έχουσι,

199 4047 272 4129 μήτε
293 4054 522 4129 μυλοστομίδας,
555 4048 626 4131 μήτε
643 4052 765 4134 κέντρα,
796 4047 837 4124 (ύς
855 4042 936 4115 οῦτοι
956 4047 1064 4124 πάντες
1081 4050 1112 4113 οἱ
1125 4048 1355 4139 έρπετύμορφαι,

197 4151 248 4212 καλ
272 4147 318 4213 ίύν
340 4147 618 4231 ἀναβλαστάνοντες,
645 4154 766 4228 ἕκαστος
786 4150 1053 4235 φιλοτιμησάμενσς
1070 4150 1253 4238 δηλητήριύν
1269 4182 1299 4221 τε
1313 4160 1354 4245 ἦ

201 4247 326 4339 έκύσμφ
347 4251 579 4333 κατασκευάσαι,
610 4257 660 4319 καλ
681 4252 871 4339 λυμήνασθαι
887 4252 958 4329 τούς
976 4252 1057 4343 αύτῷ
1073 4256 1261 4333 πεισθέντας.
1297 4248 1356 4323 Ὧν

230 4441 289 4489 (λιν.
305 4444 349 4494 ΙΙΙ.
368 4472 396 4481 -
418 4443 438 4493 1.
454 4442 611 4509 παλίμφημα
622 4450 758 4498 σοπίιιλουίε
824 4447 848 4499 3.
866 4451 902 4499 λλα
918 4450 1017 4499 correxit
1030 4448 1142 4497 Ριλοοίυι
1157 4460 1189 4497 σε
1201 4450 1256 4499 τοῦ.
1272 4448 1355 4511 me,

196 4510 322 4569 Ρτλονίιιι,·
339 4530 415 4585 nngffs
432 4515 542 4561 ιοαιειλίε
561 4518 697 4564 Carnarius.
790 4530 844 4565 ουυι
855 4518 992 4579 ειλίε.γιτιίισ.
1004 4516 1096 4565 haberet
1105 4510 1183 4583 κάμῳ
1195 4530 1242 4579 m
1252 4512 1353 4585 τιέσμῳ.

229 4582 253 4629 2'.
270 4581 355 4639 „Deest
373 4586 426 4639 τίς·
444 4585 566 4631 annotavit
584 4585 701 4633 Ριλαοίυι.
