3046 5084
206 373 266 433 628
626 383 745 434 οκσοτι
763 383 931 433 κειεεεκειιι

197 500 256 564 Ἢν
273 499 328 585 γάρ
349 498 385 563 σύ
402 498 545 582 βδελύττει
563 504 783 584 σαρκοφαγίαν,
813 497 830 563 ό
848 501 951 583 κύριος
967 496 1088 580 Ἰησοῦς
1103 497 1176 581 μετά
1192 506 1253 566 τοῖν
1267 498 1359 567 αῦτοῦ

207 609 350 683 μαθητῶν
366 604 529 688 βέβρωκεν,
560 604 697 666 ἐπιτελῶν
715 600 746 666 τό
765 600 861 685 πάσχα
877 598 910 665 τύ
926 599 1001 665 κατά
1014 599 1116 684 νόμον.
1162 604 1225 667 Καὶ
1240 602 1283 687 μή
1297 606 1358 689 λέγε

206 704 251 769 ὅτι
265 703 284 768 δ
300 706 394 785 έμελλε
408 703 569 788 μυστήριον
586 707 731 783 ἐπιτελεῖν,
753 710 839 769 τοῦτο
859 702 1050 787 προωνόμαζε
1064 705 1167 789 λέγων,
1191 706 1275 771 Θέλω
1292 704 1359 789 μεθ’

205 804 288 886 ύμῶν
309 817 414 892 φαγεῖν
436 805 468 871 τό
491 806 594 889 πάσχα.
628 806 700 871 Ἵνα
723 805 777 892 γάρ
800 804 874 872 κατά
891 805 987 870 πάντα
1001 808 1114 891 τρόπον
1129 807 1311 897 καταισχύνῃ
1327 832 1358 873 σε

204 905 225 990 ά
240 906 379 991 άλήθεια,
403 908 459 973 ούκ
476 912 505 973 έν
521 918 556 998 τῇ
573 907 646 999 άρχγγ
663 919 742 973 ποιεῖ
754 906 787 973 τό
803 907 977 994 μυστήριον,
998 912 1048 974 ἵνα
1064 908 1106 993 μὴ
1121 906 1255 999 άρυήσχ,
1277 908 1356 989 άλλύ,

205 1013 294 1093 φησὶ,
323 1010 412 1076 Μετά
428 1010 460 1077 τό
477 1017 632 1094 δειπνῆσαι
649 1010 748 1094 λαβεῖν
763 1010 832 1075 τάδε
852 1014 902 1076 καὶ
920 1011 1005 1091 τάδε,
1037 1014 1087 1077 καλ
1106 1008 1170 1077 εἷπε
1188 1011 1280 1080 τοῦτο’
1299 1016 1356 1079 έστι

204 1113 273 1177 τάδε
289 1117 340 1179 καὶ
351 1114 435 1193 τάδε,
459 1121 496 1158 4⁶
506 1116 556 1179 καὶ
571 1112 626 1179 ούκ
641 1117 718 1178 είάσε
734 1112 826 1179 τόπον
840 1122 875 1203 τῇ
890 1118 1074 1202 ῥᾳδιουργίᾳ.
1109 1110 1227 1193 ”Effuge
1240 1114 1298 1201 γάρ
1313 1114 1357 1182 ῦτι

206 1215 276 1296 μετά
293 1214 325 1280 τό
342 1219 523 1302 βεβρωκέναι
540 1215 572 1281 τό
590 1215 686 1299 πάσχα
703 1215 735 1281 τό
752 1216 825 1281 κατά
843 1216 913 1293 τούς
929 1214 1113 1297 Ἰουδαίους,
1135 1219 1270 1284 τουτέστι
1286 1216 1356 1301 μετά

204 1317 237 1380 τό
261 1322 428 1401 δειπνῆσαι,
451 1312 521 1401 ἧκεν
543 1322 592 1385 ίπὶ
613 1318 646 1384 τό
669 1317 838 1405 μυστήριον.

290 1521 376 1606 Σχόλ.
393 1522 444 1606 ξβ.
477 1526 536 1588 Καὶ
550 1522 687 1603 άνέπεσε,
708 1527 757 1589 καλ
774 1528 805 1590 οί
818 1523 933 1589 δύδεκα
950 1521 1107 1591 άπόστολοι
1120 1523 1178 1591 σῦν
1192 1524 1285 1615 αῦτᾳῑ,
1306 1530 1355 1593 ιιαλ

205 1622 300 1705 εἶπεν,
329 1623 491 1714 Ἐπιθυμίᾳ
508 1625 682 1709 ἐπεθύμησα
698 1635 784 1693 τοῦτο
801 1625 834 1693 τό
852 1626 949 1710 πάσχα
965 1636 1070 1713 φαγεῖν
1084 1624 1152 1710 μεθ’
1167 1624 1271 1713 ῦμοῦν,
1298 1628 1354 1715 πρό

205 1735 257 1793 τοῦ
279 1754 314 1809 με
335 1738 452 1793 παθεῖν.

280 1828 397 1916 Ἕλεγχ.
415 1830 466 1913 ξβ.
497 1829 648 1896 Ἀνίπεσεν
664 1829 682 1897 ό
698 1830 805 1917 σωτὴρ,
828 1824 853 1897 οῦ
866 1836 1023 1915 Μαρκίων,
1045 1834 1096 1897 καλ
1109 1835 1141 1899 οί
1151 1831 1270 1901 δούδεκα
1283 1832 1351 1901 άπά-

205 1941 299 1998 στολοι
322 1932 381 2015 μετ’
401 1931 500 1999 αὐτοῦ.
545 1938 587 1997 Et
604 1932 724 1998 άνίπεσε
741 1937 792 1999 καλ
808 1936 1020 2014 συνανέπεσον,
1051 1930 1087 2001 οῦ
1103 1932 1231 2001 δύναται
1245 1938 1354 2019 μίαλί-

204 2042 247 2112 ξις
263 2034 316 2117 τήν
331 2042 475 2117 σιγμασίαν
490 2040 563 2119 έχειν
578 2038 677 2121 ἑτέραν
694 2038 790 2102 46καὶ
805 2039 919 2124 ἑτέραν,
941 2034 998 2101 κάν
1012 2062 1042 2101 τε
1056 2043 1093 2127 τῇ
1107 2034 1175 2127 άξίᾳ
1189 2040 1242 2103 καλ
1257 2038 1353 2127 τρόπῳ

205 2142 265 2220 έχοι
280 2137 334 2220 τήν
347 2138 504 2225 διαφοράν.
531 2137 575 2201 Ἢ
587 2137 641 2224 γάρ
656 2138 760 2215 δόσεις
774 2142 822 2204 καὶ
836 2138 907 2215 τούς
922 2138 1037 2205 διύδεκα
1050 2138 1171 2223 δοκήσει
1184 2138 1352 2209 άναπεκιιι·

203 2244 300 2321 κέναι,
331 2239 352 2323 ἢ
375 2243 424 2306 καὶ
447 2239 536 2306 αὐτόν
559 2240 683 2330 άληθείᾳ
703 2242 797 2328 σάρκα
816 2245 919 2326 έχοντα
937 2239 1088 2327 άληθινῦς
1104 2240 1351 2311 άναπεπτωκίναι.

207 2347 276 2419 Καὶ,
297 2342 460 2431 Ἐπιθυμίᾳ
475 2342 649 2426 ἐπεθύμησα
663 2352 750 2409 τοῦτο
767 2343 800 2409 τό
814 2344 912 2427 πάσχα
926 2354 1033 2430 φαγεῖν
1047 2342 1116 2426 μεθ’
1130 2342 1217 2429 ύμοῖυ
1229 2346 1290 2433 πρό
1303 2353 1352 2413 τοῦ

205 2474 239 2529 με
255 2455 380 2525 παθεῖν,
409 2448 458 2510 ἰ’να
475 2449 553 2535 δείξῃ
571 2445 667 2529 πάσχα
684 2445 742 2531 πρό
758 2455 812 2512 τοῦ
829 2446 951 2524 πάθους
966 2445 1057 2513 αύτοῦ
1076 2449 1109 2513 έν
1122 2454 1165 2537 τᾳῦ
1183 2448 1270 2539 κόμᾳ
1284 2474 1351 2535 πρε·

203 2548 389 2631 τυπούμενον
409 2551 459 2612 καὶ
476 2547 629 2633 γινόμενον
650 2547 683 2613 τό
702 2552 823 2635 βέβαιον
838 2548 930 2615 αύτοῦ
949 2556 1003 2617 τοῦ
1017 2548 1155 2629 πάθους,
1185 2554 1237 2619 καλ
1255 2554 1353 2621 ίνιελί-

203 2673 304 2739 στερον
326 2649 593 2737 προςκαλούμενον,
624 2652 675 2716 καὶ
691 2648 896 2717 ὑποδεικνύων
917 2650 958 2729 οῖς
978 2654 1029 2717 καλ
1050 2648 1069 2718 ό
1090 2650 1177 2738 ῦγιας
1194 2652 1353 2733 άποατολός

203 2776 292 2837 φησι,
317 2752 513 2839 Παιδαγωγός
529 2751 599 2836 ἡμῖν
619 2756 782 2840 4Τγίγονεν
800 2752 925 2837 όνόμος
940 2756 982 2833 εἰς
1000 2754 1136 2841 Χριστόν.
1182 2760 1227 2823 Ee
1241 2760 1276 2825 δέ
1289 2784 1350 2825 παι-

203 2855 336 2943 δαγωγός
358 2853 375 2922 ό
397 2855 489 2939 νόμος
511 2859 551 2932 εἰς
575 2855 719 2943 Χριστόν,
742 2854 797 2923 οῦκ
820 2854 968 2946 άλλότριος
991 2864 1124 2943 Χριστοῦ
1145 2854 1164 2925 ό
1184 2858 1288 2945 νόμος.

287 3163 373 3248 Σχόλ.
387 3164 437 3251 ξγ’.
471 3167 631 3250 Παρέκοψε
643 3165 688 3245 τό,
712 3168 840 3251 41’Λέγω
854 3164 935 3249 ύμῖν,
957 3164 1001 3232 Ού
1013 3166 1055 3251 μὴ
1068 3166 1157 3253 φύγω
1170 3164 1245 3235 αύτό
1258 3164 1349 3255 ύιιύρ·

202 3297 244 3348 τι,
268 3270 323 3344 ἕως
346 3266 429 3333 49άν
450 3275 596 3356 πληρωθῇ
617 3270 649 3333 έν
671 3276 707 3357 τῇ
728 3273 859 3357 βασιλείᾳ
877 3276 931 3335 τοῦ
951 3276 1037 3337 θεοῦ.

279 3370 395 3457 Ἕλεγχ.
413 3368 460 3456 ξγ’.
497 3378 590 3436 Τοῦτο
613 3379 737 3455 περιεῖλε
760 3372 812 3437 καὶ
833 3370 1093 3461 ίρρᾳδιούργησεν,
1123 3374 1176 3439 ’ίνα
1198 3370 1351 3459 mun*

202 3473 317 3557 ποιήσει
341 3476 373 3539 έν
394 3481 431 3563 τῇ
448 3478 578 3563 βασιλείᾳ
600 3482 654 3539 τοῦ
670 3481 745 3540 θεοῦ
763 3474 862 3561 βρωτά
877 3474 898 3559 ἢ
912 3474 1005 3556 ποτά,
1032 3472 1088 3543 ούιι
1103 3472 1192 3553 εἰδούς
1207 3472 1227 3544 ό
1242 3474 1351 3561 πτηνά·

203 3583 257 3659 διγς
278 3576 323 3643 ότι
340 3575 519 3660 άντιμίμημα
536 3584 596 3642 τοῖν
611 3578 747 3663 ἐπιγείων
766 3580 890 3644 δύναται
905 3574 979 3645 είναι
994 3576 1180 3661 πνευματικά
1197 3580 1250 3645 καλ
1266 3580 1350 3647 lm

203 3679 302 3761 ράυια,
324 3679 601 3763 μεταλαμβανόμενα
618 3677 657 3757 ιδς
673 3677 757 3763 ἡμεῖς
773 3678 828 3747 ούκ
844 3684 974 3765 οίδαμεν.
1018 3688 1181 3767 Μαρτυρεῖ
1191 3680 1250 3769 γάρ
1266 3680 1352 3749 πάλιν

201 3780 348 3866 ύσωτιξρ,
375 3784 422 3847 καί
442 3786 514 3869 λέγει
532 3782 592 3862 ύτι,
623 3788 795 3849 Καθίσεσθε
813 3785 862 3851 eni
879 3792 931 3868 τῆς
944 3784 1086 3869 τραπέζης
1098 3810 1175 3867 μου,
1203 3786 1353 3863 mlum

200 3888 250 3950 καὶ
277 3889 413 3961 πίνοντες
435 3888 466 3951 ίν
491 3892 526 3975 τῇ
549 3889 680 3974 βασιλείᾳ
703 3890 761 3951 τῶν
783 3884 929 3971 ούρανοῦν.
974 3884 1065 3951 5οἪ
1084 3888 1243 3973 παρέκυψε
1266 3886 1352 3955 πάλιν

200 3994 306 4067 ταῦτα,
335 3990 385 4052 ῖνα
402 3991 495 4071 δῆθεν
511 3986 619 4077 ποιήσχ
634 3986 671 4053 τά
686 3991 717 4055 ἒν
731 3996 770 4077 τῷ
786 3988 869 4079 κόμᾳ
887 3987 929 4074 μὴ
944 3992 1047 4074 ἔχοντα
1061 3986 1156 4055 τόπον
1171 3990 1205 4055 έν
1219 3998 1259 4083 τῇ
1273 3994 1352 4077 βα·

198 4094 259 4176 λείᾳ
283 4097 342 4154 τῶν
367 4089 511 4178 ούρανοῖν.
557 4090 661 4157 Πόθεν
686 4084 740 4158 οῦν
763 4090 862 4169 Ἠλίας
885 4094 936 4160 καλ
957 4100 1095 4177 Μωῦσῖγς
1117 4090 1275 4177 ῦφθησακ
1296 4090 1353 4179 μό

200 4188 292 4257 αύτοῦ
313 4196 345 4258 ίν
365 4201 406 4283 τῷ
428 4192 489 4279 ύρει
511 4196 541 4259 έν
562 4192 649 4285 δόξῃς
680 4192 752 4260 Ἀλλ’
771 4192 860 4261 ούδδν
876 4186 1033 4281 δυυήσεταί
1052 4220 1097 4273 τις
1116 4194 1196 4283 πρός
1212 4194 1271 4283 τελε
1287 4194 1353 4283 ffl-

197 4302 292 4358 θειαν.

232 4482 272 4559 λδ.
291 4488 334 4541 καὶ
346 4484 392 4542 οῦκ
404 4490 488 4543 εἴασεν
499 4485 528 4543 ου’
539 4488 613 4545 τόπον
625 4495 676 4543 cod.
686 4495 758 4543 tanc.
826 4488 867 4545 47.
882 4492 980 4560 γίγαντι
994 4484 1096 4559 όκόμος
1109 4492 1163 4545 ωδ.
1173 4492 1353 4559 Vaut-‚w

232 4554 272 4606 λδ.
290 4556 333 4608 καλ
345 4556 430 4623 ἑτέραν
445 4562 507 4610 abest
520 4564 550 4610 οο
559 4563 615 4611 edit.
628 4564 703 4624 μείου.
723 4564 761 4612 Ex
793 4562 849 4613 αλλ.
864 4566 946 4613 Ριιοο.
980 4554 1069 4629 γένοιτ’
1086 4554 1102 4615 ό
1117 4556 1147 4615 κύ
1213 4562 1351 4629 emb

198 4625 249 4673 cod.
264 4626 336 4675 λὀιιι.
354 4630 439 4678 adiecit
456 4630 575 4679 Ριλσυῖυι.
794 4628 888 4697 γένοιτο
905 4626 920 4685 ό
936 4626 1014 4699 κόμας
1028 4630 1081 4683 τοῦ.
1185 4664 1194 4683 .
