3046 5084
317 305 451 359 PdeRll
468 306 531 358 uls.
544 307 564 358 i.
582 305 662 360 ΤΟΜ.
675 307 719 359 lli.
735 305 835 359 HAER.
847 308 993 362 xxxvtu.
1170 302 1232 364 517

83 424 273 504 cognorimus
302 426 337 490 de
358 419 430 490 luda
451 424 636 491 intellexisse
664 447 729 490 eum
752 424 868 492 ludaeis
893 428 1072 515 loqueretur.
1123 430 1230 517 Aqno

83 529 159 591 enaim
179 528 301 613 quisque
319 536 472 614 superatus
493 539 555 608 est,
580 528 665 593 huius
682 540 712 592 et
730 549 834 593 seruus
852 542 913 609 εει,
939 553 973 594 ac
990 533 1161 618 cuicumque
1178 535 1231 598 ali-

82 632 147 716 quis
164 631 348 717 obsequitur,
374 630 450 695 huno
465 642 495 695 ει
511 630 603 717 patris
618 631 802 710 loco-habet,
826 645 856 696 et
870 633 1001 718 obsequii
1017 635 1062 698 sui
1081 647 1230 700 auctorem

81 735 225 820 agnoscit.
271 732 372 818 Quare
392 733 460 797 ideo
481 734 553 797 iisce
574 733 673 798 verbis
695 733 828 799 dominus
851 736 956 798 utitur:
991 742 1044 798 Vos
1055 740 1121 818 filii
1134 746 1379 820 patriarcarum

80 843 171 901 uestri
179 840 287 900 drudolt·
299 841 377 911 esus,
401 837 477 921 quod
495 833 582 900 indae
601 832 712 901 Christi
727 837 792 901 loco
806 837 966 922 paruerint,
990 840 1228 923 quemadmodum

79 941 147 1005 olim
165 938 230 1004 Eva
251 938 402 1002 adomino
419 940 587 1004 desciscens
602 939 730 1025 serpenti
748 960 857 1003 morem
873 941 976 1023 gessit.
1022 939 1137 1004 Deinde
1152 945 1228 1027 qnod

80 1064 137 1106 non
156 1044 249 1106 solum
267 1042 394 1106 mendax
409 1054 507 1120 esset,
538 1042 590 1105 sed
608 1042 694 1107 etiam
711 1043 774 1120 lur,
804 1064 856 1128 pro
873 1062 908 1106 eo
926 1053 1012 1126 atque
1028 1043 1057 1105 in
1073 1044 1227 1127 cvangelio

77 1144 212 1230 legimus.
249 1141 296 1209 Ob
313 1145 340 1208 id
355 1145 465 1208 loculos
479 1143 507 1208 ei
525 1144 679 1224 commisit,
704 1164 742 1208 ne
757 1166 842 1229 quam
858 1145 979 1208 liaberet
992 1147 1223 1226 excusationem,

78 1268 143 1312 eum
161 1247 307 1311 dominum
326 1268 411 1311 suurn
428 1247 618 1312 inhominem
636 1268 738 1311 manus
753 1248 790 1311 ob
807 1248 947 1333 pecuniae
964 1248 1148 1333 cupiditatem
1167 1259 1226 1312 tra-

77 1353 171 1417 deret.
215 1349 327 1436 Ecquis
349 1371 421 1414 uero
442 1362 525 1436 pater
547 1349 631 1414 lansius
652 1349 727 1414 nlius
745 1360 808 1429 est,
839 1351 886 1434 qui
904 1351 1081 1436 anteipsum
1099 1352 1225 1415 mendax

76 1455 164 1522 luerit
178 1466 293 1541 praeter
308 1451 451 1533 Cainum,
476 1473 559 1538 quem
577 1450 663 1517 ludas
679 1453 807 1516 imitatus
823 1454 888 1516 est?
915 1453 964 1515 ille
982 1453 1123 1536 siquidem
1143 1455 1225 1517 iratri

76 1580 131 1622 suo
148 1559 284 1621 mentitus
301 1557 432 1620 caritatis
448 1578 514 1620 eum
532 1558 678 1620 [caterinae
695 1556 793 1641 speeie
811 1555 925 1640 decepit
940 1576 974 1618 ac
993 1556 1143 1619 mendacio
1159 1577 1224 1641 per·

76 1661 183 1743 suasit,
216 1672 246 1725 et
267 1662 297 1724 iu
321 1681 421 1745 agrum
447 1660 590 1724 seducens
611 1658 755 1722 violentas
779 1659 819 1721 illi
843 1680 943 1721 manns
966 1659 1072 1721 attulit.
1118 1657 1223 1743 Neque

75 1766 161 1829 aliter
175 1759 279 1828 ludas:
304 1768 378 1842 (inid
389 1765 485 1836 uulua,
506 1761 609 1847 inquit,
630 1765 701 1822 mr'da'
711 1764 789 1834 dare,
814 1773 842 1822 ει
855 1783 908 1841 ego
921 1784 982 1822 eum
997 1762 1074 1823 nodis
1090 1766 1221 1824 tradam?
1233 1779 1318 1843 Marcu.

73 1866 132 1932 Etr
163 1872 364 1948 Quemcumque
380 1868 522 1927 osculatus
531 1867 621 1947 suero
637 1868 696 1944 apsa
711 1875 767 1937 εει,
798 1876 886 1925 tenete
901 1886 971 1925 eum.
1019 1862 1059 1926 Ει
1077 1832 1372 1938 accedensiiiriiiuns.

75 1971 213 2035 traditor:
236 1975 313 2043 Aue,
339 1969 448 2053 iuquit,
472 1969 575 2042 natta,
600 1967 682 2028 udaia
694 1969 844 2039 honorans,
870 1970 1370 2048 rorantemloregeadeonaauu.1s‚u

71 2086 206 2138 remotum
224 2095 339 2154 gerens.

155 2175 351 2260 Quamobrem
375 2174 421 2238 hio
439 2174 488 2237 ille
508 2170 594 2237 ludas
617 2181 663 2235 est
683 2168 731 2255 qui
754 2182 784 2234 et
803 2173 931 2256 ipsorum
950 2192 1072 2257 parens,
1104 2184 1132 2236 et
1150 2195 1217 2258 pro·
1238 2186 1296 2254 Cup.
1314 2187 1345 2238 v.

70 2291 136 2367 pter
157 2279 283 2343 numinis
306 2277 527 2362 abnegationem
548 2273 795 2361 proditionemque
815 2271 942 2338 Satanas
965 2275 1033 2354 luit,
1066 2285 1096 2337 ει
1114 2277 1218 2338 volrrn-

71 2394 145 2462 tate,
176 2404 234 2445 non
258 2391 362 2444 natura
387 2379 536 2460 diabolus,
570 2379 702 2463 idemque
724 2377 872 2441 mendacis
895 2399 928 2441 ac
951 2378 1109 2460 parricidae
1133 2375 1218 2443 Caini

68 2486 211 2551 duntaxat
233 2483 394 2547 imitatione
416 2481 506 2562 lilius3
538 2480 768 2566 quandoquidem
794 2491 822 2544 et
845 2481 907 2543 eius
930 2492 997 2545 anate
1020 2479 1113 2565 ipsum
1136 2493 1219 2565 pater

68 2587 196 2652 mendax
219 2587 274 2651 luit
297 2607 354 2649 non
378 2587 526 2665 Adamas,
560 2585 611 2648 sed
637 2584 784 2663 diabolus,
816 2584 897 2648 cuius
921 2584 950 2646 in
976 2586 1103 2648 fraterna
1128 2585 1218 2648 caede

67 2691 192 2776 odioque
214 2711 249 2754 ac
271 2689 421 2752 mendacio
442 2688 658 2751 similitudinem
681 2687 844 2774 expressit,
878 2699 938 2750 tum
961 2709 996 2751 eo
1015 2688 1135 2773 insuper
1152 2690 1216 2774 ipso

66 2796 143 2879 quod
167 2793 211 2857 uis
233 2791 332 2856 uerbis
354 2793 409 2854 deo
431 2791 626 2854 contradixit:
655 2794 730 2852 Num
751 2804 845 2853 custos
857 2794 967 2874 finiris
988 2797 1113 2872 melego
1133 2800 1353 2866 aasumensi.

70 2898 125 2960 uti
143 2900 183 2957 sit
204 2901 306 2957 aescae.
354 2892 602 2977 Quemadmodum
626 2904 655 2956 et
677 2893 793 2956 domiuo
816 2894 947 2957 diabolus
966 2893 1107 2978 loquitur:
1140 2900 1341 2970 Nannenus.

56 3002 177 3084 flustra
191 3000 241 3060 lod
257 3002 333 3059 triae!
351 3001 453 3058 deutra?
496 2992 641 3078 eroniam
660 2995 736 3058 enim
753 2995 883 3059 diabolus
900 2995 962 3081 ipse
980 2994 1073 3060 Evam
1091 3008 1121 3061 et
1135 2999 1214 3062 Ada-

65 3122 143 3166 mum
162 3102 223 3164 suis
241 3099 271 3163 in
289 3100 418 3163 iraudem
436 3097 594 3162 mendaciis
614 3097 783 3184 impulerat,
816 3099 887 3163 lnlsn
906 3120 957 3184 pro
977 3100 1055 3163 veris
1070 3122 1214 3186 usurpans

65 3224 100 3268 ao
117 3202 279 3267 simulatam
296 3201 449 3265 amicitiam
467 3200 624 3279 abiiciens,
657 3206 764 3276 Err'trlr,
797 3202 904 3287 inquit,
935 3207 1079 3277 srautdri',
1112 3216 1141 3264 ει
1158 3222 1344 3279 noeoeane.

64 3311 235 3381 mereamini,
260 3305 335 3368 hunc
351 3304 512 3368 aemulatus
527 3300 603 3368 Cain
619 3304 767 3369 lanternae
783 3304 913 3369 caritatis
930 3303 1027 3390 specie
1043 3326 1212 3389 geroianum

64 3409 195 3495 decepit,
228 3409 273 3472 his
297 3408 396 3472 verbis
419 3408 586 3492 alloquens:
618 3412 809 3488 Egredr'armur·
824 3413 920 3490 saras.
974 3405 1086 3471 idcireo
1111 3408 1212 3472 beatus

63 3508 191 3575 loannes
209 3510 249 3575 ila
268 3510 386 3576 scribit:
420 3515 478 3590 (lui
489 3513 680 3593 oditsratrem
697 3534 792 3587 suum,
823 3517 869 3574 dic
886 3519 916 3575 a'u
934 3518 1053 3574 caretate
1066 3515 1330 3595 perscrutantem.

63 3637 119 3678 uon
136 3627 193 3688 eat,
216 3618 268 3676 sed
280 3626 324 3676 ast
339 3637 376 3676 ea
392 3619 494 3688 Cauno,
519 3619 647 3696 pannariam
653 3618 780 3699 statuum
793 3639 872 3678 suum
888 3620 998 3677 oeeaidit.
1044 3619 1086 3677 Et
1093 3629 1211 3697 propter
1245 3587 1265 3639 ι’
1280 3590 1310 3632 ¹²

63 3722 132 3800 quid
146 3722 250 3779 accedat
266 3725 351 3779 eum?
394 3722 527 3797 Quoniam
542 3740 626 3800 opera
642 3723 702 3781 eius
717 3724 841 3800 malagna
855 3732 952 3793 munt,
977 3730 1006 3780 et
1020 3722 1098 3781 illius
1112 3724 1211 3782 siroida't

62 3822 207 3903 operibus,
239 3825 367 3902 quoniam
389 3833 472 3883 eraut
491 3825 616 3884 honesta.
663 3819 715 3887 Sic
736 3822 777 3886 illi
798 3822 893 3885 Abelo
915 3822 1009 3906 potius
1031 3823 1207 3903 invidentes,

64 3922 146 3988 ouius
165 3943 254 4009 opera
272 3923 345 3986 mala
362 3934 446 4003 sunt,
478 3935 508 3989 et
525 3921 648 3989 Caicum
664 3926 858 4004 honorantes,
890 3945 986 3989 nurrne
1003 3926 1049 3990 vel
1067 3927 1137 4012 ipsis
1152 3928 1210 3992 sal·

63 4025 174 4091 valoris
195 4024 295 4090 verbis
317 4026 469 4090 manifeste
492 4029 723 4112 redarguuntur,
754 4029 801 4114 qui
824 4028 853 4091 iu
875 4027 941 4092 illos
963 4050 1068 4093 serere
1090 4051 1124 4093 ac
1144 4029 1208 4094 sine

62 4128 119 4193 ulln
135 4128 379 4213 tergiversatione
395 4129 570 4194 sententiam
586 4131 640 4194 hue
654 4130 740 4194 modo
757 4131 838 4196 tulit:
862 4137 1028 4215 linqueretur
1040 4134 1076 4194 ab
1089 4137 1143 4194 tac
1153 4155 1205 4212 ge·
1217 4148 1301 4195 aratu

60 4237 206 4295 amandae
219 4237 337 4314 sangua's
354 4236 442 4294 omues
458 4237 563 4307 custus,
589 4239 640 4315 qui
652 4237 760 4321 effusus
777 4247 821 4297 est
835 4237 871 4297 ab
886 4239 964 4298 Adel
977 4242 1050 4298 austu
1067 4259 1084 4299 a
1097 4242 1203 4318 partiaci-
1217 4203 1250 4258 π’
1263 4204 1295 4248 δ’

56 4340 107 4417 pio
128 4357 215 4418 usque
235 4338 274 4398 ud
289 4339 459 4398 Zachariam
475 4340 656 4417 proplietam,
688 4359 766 4420 quern
784 4344 926 4402 occidistis
943 4345 1016 4402 auter
1035 4343 1162 4422 templum
1178 4354 1207 4402 et

60 4441 152 4501 ultore
173 4450 227 4500 ete.

61 4571 204 4696 prppclppord
222 4566 266 4629 ἀπ’
282 4569 377 4646 ἀρχῆς,
402 4591 462 4643 quac
477 4578 680 4632 desiderantum
695 4579 749 4630 edit.
765 4582 856 4646 praue,
881 4583 994 4635 Petuntur
1009 4583 1094 4634 adunit
1110 4596 1138 4636 ec
1154 4587 1203 4638 cod
