3046 5084
398 325 534 378 sennan
550 327 646 382 rnen
663 329 788 384 uuum
805 329 903 382 usse.
915 302 1020 383 xxvi.¹
1227 315 1285 375 177

137 444 253 531 pudebit
268 445 384 531 eloqui,
414 457 447 510 ut
460 445 511 529 qui
528 446 697 511 foedissima
711 447 825 512 illorum
843 448 952 533 degitis
966 446 1129 527 audierint,
1161 447 1284 512 horrore

137 548 259 631 quodam
278 548 453 612 alliciantur.
502 543 622 610 Etenim
650 558 769 632 peracto
796 559 897 634 stupro
921 550 1043 613 subinde
1067 550 1285 613 contumeliosis

136 649 249 713 coelum
269 651 392 714 vocibus
408 657 599 733 appetentes,
626 647 741 731 utrique
757 648 848 711 maris
865 649 1036 733 profluvium
1055 650 1137 712 cavis
1154 651 1286 714 manibus

137 751 305 836 excipiunt,
330 773 366 815 ac
380 749 504 812 sublatis
518 768 636 812 rursum
651 748 744 813 oculis
757 750 873 813 foedum
887 749 957 812 illud
972 761 1003 812 et
1017 748 1212 812 abominabile
1226 771 1287 812 rna-

136 851 221 915 nibns
239 854 444 936 praeferentes
460 850 640 929 consistunt,
663 870 700 914 ac
717 868 822 936 preces
841 850 1018 936 concipiunt.
1062 847 1210 913 Militares
1226 852 1288 934 qni-

135 954 202 1016 dem
220 963 251 1015 et
266 950 404 1016 Gnostici
419 952 455 1015 ad
474 951 695 1030 universorum,
726 952 870 1030 ntaiunt,
902 963 1071 1036 parentem,
1103 950 1150 1014 cni
1167 961 1197 1014 et
1214 954 1288 1034 quod

136 1052 272 1118 manibus
288 1062 405 1137 gestant
419 1053 557 1132 oderunt,
581 1074 646 1116 cum
664 1052 719 1116 boc
734 1053 850 1117 solenni
866 1056 1012 1119 carmine:
1034 1059 1097 1116 Hoc
1110 1056 1165 1114 tr'lr'
1176 1076 1286 1127 muner,

135 1160 268 1217 namnum
287 1158 396 1216 Clm'rn'
408 1176 524 1235 corpus,
549 1158 705 1239 effer-imur.
750 1158 850 1240 Atque
867 1157 907 1219 ita
925 1168 985 1219 tum
1005 1177 1041 1219 eo
1059 1166 1235 1236 vescuntur,
1260 1169 1291 1218 et

136 1254 351 1341 impurissimus
368 1276 437 1320 suas
455 1256 560 1320 sordes
576 1258 748 1340 degustant,
778 1258 879 1342 itaque
897 1258 1013 1322 dicunt:
1047 1262 1169 1318 llorere
1186 1280 1288 1338 corpus

139 1360 262 1432 Christi,
285 1368 316 1419 et
329 1361 382 1419 loe
395 1369 439 1419 ert
454 1362 579 1420 Porcius
603 1362 709 1420 Metire
726 1381 846 1440 corpora
860 1372 959 1422 norma
971 1365 1121 1440 pumuntur
1135 1372 1165 1420 et
1182 1363 1292 1421 Christi

136 1462 274 1540 rapplr‘crlr
291 1462 588 1540 corpdterrccguatur.
633 1457 748 1524 Eodem
765 1461 851 1525 modo
868 1460 981 1545 quoties
999 1461 1104 1524 mulier
1120 1473 1287 1525 menstruos

136 1560 234 1625 dnum
254 1559 377 1646 patitur,
407 1560 607 1626 foedismmum
631 1562 711 1626 illum
735 1563 907 1648 sauguinem
930 1561 1083 1626 collectum
1109 1583 1166 1626 uua
1185 1583 1287 1626 omnes

136 1661 303 1727 absorbent.
347 1662 446 1747 Atque
470 1662 517 1726 bic
539 1673 602 1744 est,
625 1661 778 1748 inquiunt,
801 1663 921 1750 sanguis
945 1659 1067 1728 Cbristi.

215 1966 380 2054 Propterea
396 1968 427 2032 iu
443 1967 629 2054 Apoorypbis
646 1967 763 2052 legunt:
796 1973 861 2031 Vidi
875 1971 1003 2031 ardorem
1018 1974 1161 2031 duodecin
1167 1975 1287 2053 fruetur
1307 1975 1366 2044 cip.
1384 1980 1414 2030 V.

132 2074 449 2154 qrmtanamsercntear,
473 2083 504 2131 et
518 2074 596 2132 dr'ar't
607 2073 691 2143 malti,
715 2074 777 2131 Hoc
795 2083 841 2131 est
853 2073 961 2150 leffium
977 2076 1060 2132 nime.
1107 2068 1235 2156 ldipsnm
1251 2075 1287 2136 de

132 2172 291 2237 menstruis
311 2172 464 2236 mulierum
485 2170 637 2257 profluviis
656 2171 897 2257 interpretantur.
944 2168 1102 2235 Caeterum
1124 2194 1189 2235 cnm
1210 2175 1288 2237 inter

130 2295 199 2338 sese
217 2273 367 2340 Venerem
385 2284 564 2352 exerceant,
597 2272 707 2337 liberos
726 2283 822 2338 tamen
838 2271 990 2358 suscipere
1007 2272 1171 2358 probibent.
1216 2272 1286 2338 Non

132 2377 209 2441 cuim
226 2376 451 2462 prolis-studio,
475 2376 527 2440 aad
548 2387 579 2439 ut
592 2374 703 2439 libidini
721 2396 794 2440 snae
811 2376 961 2454 serviant,
984 2374 1013 2438 ei
1031 2376 1216 2460 corruptelae
1234 2398 1286 2441 na·

131 2487 210 2542 cant.
255 2475 301 2542 lta
318 2475 435 2542 miseris
454 2476 619 2542 bominibus
639 2477 771 2541 diabolos
788 2477 899 2555 illudit,
931 2488 1052 2561 etopus
1072 2476 1118 2540 dei
1139 2477 1286 2541 lraudibos

130 2580 194 2644 suis
210 2579 388 2665 implicatum
406 2574 467 2663 per
478 2572 632 2643 ludibrium
651 2575 789 2644 traducit.
832 2576 962 2643 Proinde
979 2578 1023 2642 sic
1041 2576 1153 2641 libidini
1171 2578 1288 2642 salisia-

132 2683 213 2746 ciuut
228 2702 317 2761 suae,
340 2692 374 2746 ut
388 2679 614 2766 impurissimum
631 2701 733 2746 semen
747 2681 778 2744 in
794 2681 909 2767 seipsos
924 2681 1082 2767 recipiant,
1106 2701 1201 2765 neque
1216 2681 1286 2744 illud

131 2784 168 2846 ad
183 2783 397 2869 propagandam
411 2782 544 2848 sobolem
559 2783 703 2863 emittant,
720 2783 772 2847 sed
786 2804 841 2847 sna
854 2785 910 2868 ipsi
927 2783 1103 2867 turpitudine
1115 2795 1283 2868 pascantur.

132 2882 220 2968 Quod
247 2884 273 2948 si
300 2886 376 2949 forte
398 2885 541 2971 quispiam
564 2886 679 2949 excreti
702 2885 823 2949 seminis
846 2884 1056 2949 immissionem
1079 2887 1283 2964 anteverterit,

122 2994 163 3056 ,et
178 3004 220 3048 ex
233 3004 270 3048 eo
282 2986 402 3070 grands
416 2987 548 3053 iactauit
560 2987 676 3066 mulier,
701 2987 766 3051 audi
781 2986 848 3071 qnid
863 2987 977 3051 demum
992 2987 1164 3070 flagitiosius
1178 3009 1286 3071 aggre-

133 3086 264 3151 diantur.
314 3084 392 3151 Nam
412 3087 568 3153 informem
592 3089 686 3153 adbuc
714 3091 804 3153 letum
828 3109 869 3153 ex
892 3099 978 3152 utero
1002 3089 1180 3166 detractum,
1213 3109 1284 3170 qno·

133 3208 257 3274 cumque
273 3186 312 3253 iis
329 3200 460 3276 tempore
478 3189 574 3255 risum
590 3201 654 3269 est,
686 3192 845 3270 infantem,
874 3191 1010 3276 iuquam,
1044 3190 1196 3254 abortione
1218 3210 1285 3273 pro

128 3292 237 3357 iectnm
260 3291 290 3355 in
315 3293 456 3357 mortario
472 3292 580 3378 pistillo
600 3293 734 3357 tundunt.
779 3289 837 3357 Cui
855 3294 892 3357 ad
908 3293 1056 3357 vitandam
1072 3310 1210 3355 nauseam
1229 3288 1284 3351 mel

129 3413 163 3457 ao
187 3393 272 3479 piper
292 3414 359 3457 cum
382 3392 448 3458 aliis
475 3396 655 3458 aromatibus
683 3405 714 3458 et
737 3396 895 3479 unguentis
918 3395 1093 3458 admiscent.
1148 3389 1227 3453 Tum
1253 3391 1283 3452 in

130 3515 218 3559 uuum
240 3494 365 3560 collecto
388 3517 543 3582 porcorum
567 3517 602 3561 ac
624 3517 730 3561 eanum
751 3497 887 3561 sodalitio
906 3495 1108 3579 uuusquisque
1128 3511 1146 3555 e
1164 3493 1283 3555 commi·

128 3605 201 3661 uuto
215 3595 350 3663 iulaotnli
369 3599 544 3684 corpusculo
562 3597 653 3683 digito
669 3598 789 3664 delibat.
835 3594 887 3662 Sic
903 3595 1037 3661 humanis
1055 3592 1191 3656 carnibus
1208 3595 1282 3678 pasti

127 3696 166 3761 ed
181 3698 324 3763 orandum
340 3700 426 3764 deum
445 3721 514 3766 sese
531 3712 724 3782 convertunt,
747 3712 795 3780 et,
821 3703 1006 3781 capemenas,
1030 3694 1179 3780 inquiunt,
1198 3701 1281 3776 preir—

126 3821 191 3882 cepe
207 3822 381 3883 ιορωμαι
399 3804 479 3865 nolui
496 3806 604 3879 illurr'tp
625 3807 678 3865 red
692 3808 768 3886 quod
780 3806 927 3864 esmilmut
934 3801 1034 3883 srntri
1048 3809 1145 3860 noenu
1164 3801 1281 3879 collegi-

125 3924 198 3965 ιω.
244 3901 344 3988 Atque
360 3903 389 3968 id
407 3906 569 3990 perlectum
587 3925 655 3971 erse
671 3905 780 3992 pascha
798 3904 914 3966 demum
930 3899 1113 3965 existimant.
1157 3897 1283 3964 Praeter

125 4002 201 4069 baec
215 4004 276 4069 alia
288 4003 409 4092 insuper
424 4006 489 4070 dira
502 4017 589 4092 atque
605 4007 775 4072 execranda
791 4000 985 4068 committunt.
1031 3999 1107 4068 Cum
1123 4002 1200 4067 euim
1215 4022 1281 4064 rur-

123 4127 177 4172 aus
193 4106 227 4171 iu
243 4127 278 4172 se
293 4119 395 4173 mutuo
411 4107 548 4172 bacchari
567 4130 603 4174 aa
623 4110 721 4172 iurem
739 4104 907 4191 coeperint,
937 4105 1081 4194 respersis
1099 4102 1279 4191 spurcissimi

125 4207 257 4274 bamoris
274 4209 446 4297 prolusione
462 4210 595 4276 manibus
612 4218 809 4294 consurgunt,
833 4217 919 4293 atque
937 4208 979 4273 ita
995 4209 1125 4274 foedatas
1143 4218 1280 4290 gerentes

125 4360 175 4428 τῆς
189 4365 282 4417 *diuis
295 4367 393 4416 ndnvll.
429 4365 498 4427 Quod
514 4366 585 4414 elium
598 4365 688 4414 Gomo-
722 4365 750 4414 tr't
764 4361 818 4425 „sic
834 4363 979 4432 congregati
994 4379 1080 4414 omnes
1095 4376 1230 4429 porcorum
1250 4375 1281 4409 ac

121 4430 175 4480 ¹5⁸¹
184 4433 350 4496 mitandum
360 4439 457 4498 nuum
469 4433 569 4495 mcor,
582 4434 624 4496 qui
635 4444 689 4482 ver·
724 4447 812 4482 mauro
828 4429 915 4484 horum
933 4430 1051 4484 scdalea“
1069 4436 1119 4482 cell.

177 4509 266 4570 0οῃ
277 4513 413 4561 ml.
427 4514 456 4559 ll.
1038 4521 1077 4582 12
