3046 5084
373 349 508 402 PANAllll
525 351 589 403 uto.
603 353 623 402 l.
640 351 721 404 ΤΟΜ.
731 353 774 402 111.
791 351 891 404 HAER.
903 350 1027 403 XXXIV.
1212 342 1273 403 445

125 479 193 533 tuor
211 478 327 535 vestras
345 469 448 533 literas
467 469 541 532 scito
559 469 758 535 derivationes
773 491 840 534 εεεε
859 473 996 556 quasdam
1015 492 1048 534 ac
1067 472 1153 536 trium
1173 471 1275 554 imagi-

125 591 178 635 nes
196 568 361 650 Virtutum,
385 592 461 656 quan
480 582 571 635 tntum
588 571 771 657 superiorum
789 572 998 637 elementorum
1015 595 1165 637 numerum
1184 573 1276 636 conti·

126 683 206 737 nent.
250 671 350 737 Μιιιεε
369 674 445 738 enim
463 673 565 737 literas
584 695 690 737 novem
708 675 743 737 ad
761 671 879 738 Patrem
896 695 930 737 ac
949 673 1109 738 Veritatem
1130 674 1275 760 pertinere

125 795 166 840 ex
185 796 221 839 eo
238 786 340 861 potore
357 777 447 839 debes
467 777 542 860 qood
559 788 657 840 mutae
673 786 757 856 snm,
790 776 844 839 bne
861 788 906 840 εει
925 777 1020 839 offerri
1039 777 1275 862 pronuntiarique

125 888 282 962 nequeant.
329 875 531 943 Semivoonles
551 890 619 942 noto
643 875 743 942 Verbo
761 875 909 966 ¹Vitaeque
930 879 1099 942 tribuendae
1120 890 1205 957 sunt,
1240 899 1276 941 eo

125 980 201 1064 quod
220 980 307 1044 medii
327 981 475 1044 cniusdam
493 980 612 1066 generis
629 990 697 1044 sunt
715 990 809 1044 mutas
829 981 906 1044 inter
924 1003 958 1044 ac
976 982 1111 1059 vocales,
1144 993 1231 1065 atque
1247 992 1276 1044 ει

125 1081 308 1167 superiorum
325 1083 527 1168 prnlluentiam
543 1093 573 1145 et
587 1082 757 1146 inferiorum
775 1082 970 1146 habitudinem
986 1083 1020 1146 ad
1036 1103 1103 1147 sese
1119 1083 1273 1168 recipiunt.

126 1182 255 1248 Venales
272 1185 375 1248 deinde
391 1198 503 1270 septem
521 1183 617 1248 llorno
633 1195 719 1269 atque
734 1181 869 1249 Ecclesia
883 1186 938 1249 sibi
953 1186 1113 1264 vindicant,
1139 1186 1273 1270 quoniam

125 1306 186 1350 νεα
207 1286 242 1349 ab
260 1284 385 1351 llomiue
404 1286 541 1372 prodicus
557 1287 695 1351 universa
710 1287 806 1350 linxit.
852 1286 944 1351 Vocis
962 1289 1037 1352 enim
1057 1309 1148 1352 sonus
1166 1299 1274 1352 certam

126 1387 171 1452 eis
188 1390 311 1452 iormam
327 1388 470 1453 attribuit.
516 1387 610 1474 igitur
627 1401 693 1454 octo
712 1387 813 1453 Verbo
831 1412 865 1453 ac
881 1389 968 1454 Vitae
986 1390 1181 1469 conveniunt,
1213 1387 1274 1451 llo·

126 1489 197 1554 mini
214 1501 302 1576 atque
316 1488 473 1557 Ecclesiae
487 1504 612 1578 septem,
636 1490 718 1556 Patri
733 1513 767 1554 ac
782 1490 907 1556 Veritati
926 1514 1042 1556 novem.
1077 1489 1163 1574 erod
1178 1502 1273 1554 autem

124 1593 200 1656 ratio
218 1614 275 1657 non
290 1595 363 1658 satis
378 1605 539 1674 constaret,
563 1594 589 1658 is
606 1595 654 1678 qni
672 1595 701 1657 in
718 1591 807 1657 Patre
823 1595 968 1658 stabilitus
984 1606 1048 1658 erat
1064 1595 1198 1680 delapsus
1216 1605 1272 1671 est,

125 1696 162 1758 ad
184 1716 307 1780 eumque
329 1717 346 1759 a
369 1718 426 1780 qno
448 1696 599 1761 seiunctus
620 1698 715 1759 iuerat
737 1715 837 1759 eorum
859 1718 933 1780 quae
956 1698 1032 1760 iacta
1052 1707 1151 1760 essent
1166 1696 1275 1760 consti-

125 1799 299 1861 tuendorum
317 1799 411 1882 gratia
432 1798 586 1878 dimissus,
619 1809 651 1862 ut
669 1795 865 1861 Pleromatnm
887 1800 983 1863 unitas
1002 1800 1205 1882 aequalitatem
1226 1798 1276 1862 ba-

125 1899 198 1965 bens
213 1920 300 1964 unam
315 1901 344 1962 in
359 1900 493 1964 omnibus
506 1901 645 1963 virtutem
659 1910 745 1984 atque
762 1920 801 1962 cx
816 1900 948 1963 omnibus
964 1902 1042 1964 velut
1056 1904 1180 1964 fructum
1193 1901 1275 1963 emit-

126 2013 219 2082 teret,
243 2013 301 2066 tom
319 2002 433 2066 demum
453 2002 501 2086 qui
518 2012 656 2087 septenas
675 2000 798 2065 babebat
814 2012 985 2066 octonarum
1001 2003 1059 2065 vim
1077 2004 1218 2080 obtinuit,
1241 2023 1275 2063 nc

126 2104 191 2169 loca
208 2106 271 2191 ipsa
286 2104 343 2168 tria
358 2125 546 2168 numerorum
562 2116 630 2168 sunt
648 2107 724 2168 iacta
739 2104 856 2183 similia,
881 2104 935 2168 boc
951 2115 997 2167 est
1011 2101 1179 2188 Ogdoadem
1203 2124 1276 2187 quoe

126 2207 241 2292 quidem
264 2207 328 2270 loca
351 2229 416 2270 cnm
437 2206 465 2269 in
486 2227 554 2270 sese
573 2207 629 2270 tria
647 2207 881 2290 concurrissent,
914 2227 1063 2270 numerum
1083 2205 1187 2290 viginti
1207 2227 1276 2289 qua·

127 2321 194 2373 tuor
215 2309 385 2373 effecerunt.
431 2306 492 2373 Sed
515 2310 658 2373 elementa
679 2311 734 2373 tria
753 2311 842 2393 (quoe
862 2308 981 2371 totidem
998 2308 1154 2372 virtutibus
1175 2308 1274 2371 coniu-

126 2422 194 2497 gata
208 2431 275 2475 osse
290 2411 375 2489 dicit,
400 2430 474 2495 quoe
491 2422 559 2474 sunt
574 2432 696 2476 numero
711 2432 777 2490 sex,
802 2433 819 2473 a
835 2411 939 2495 quibus
955 2410 1058 2494 viginti
1075 2421 1199 2494 quatuor
1216 2411 1275 2473 ele-

125 2523 221 2577 menta
237 2511 454 2598 profluxerunt)
470 2514 673 2597 quadrifariam
689 2513 901 2599 inexplicabilis
920 2512 1059 2577 Tetradis
1074 2512 1188 2576 ratione
1203 2512 1276 2575 mul·

126 2614 273 2702 tiplicatn‚
305 2616 486 2699 eundemque
508 2637 573 2680 eum
595 2617 667 2702 ipsis
685 2637 837 2680 numerum
854 2616 996 2697 efficiunt,
1028 2636 1102 2700 qnae
1121 2613 1185 2678 eius
1201 2615 1275 2698 quod

125 2716 269 2783 nominari
285 2719 385 2802 nequit
401 2716 518 2804 propria
535 2739 603 2782 esse
618 2718 704 2782 dixit.
751 2717 794 2782 Ea
810 2740 898 2804 porro
917 2740 933 2781 a
952 2718 1044 2782 tribus
1059 2716 1169 2804 portari
1184 2718 1275 2780 virtu·

124 2821 218 2901 tibus,
250 2821 285 2884 ad
308 2820 525 2905 inaspectabilis
547 2822 716 2907 exemplam
750 2843 872 2906 qnorum
895 2822 1103 2885 elementorum
1134 2821 1275 2904 imagines

125 2923 255 3010 duplices
272 2942 339 2986 esse
355 2922 457 2986 literas
473 2934 608 3002 nostras,
633 2944 708 3008 quae
725 2936 849 3009 quatuor
864 2935 895 2988 et
908 2924 1010 3009 viginti
1025 2924 1118 2989 literis
1136 2946 1275 2990 annume-

124 3037 209 3090 ratae
232 3047 298 3090 eum
322 3046 472 3090 nnmerum
496 3027 639 3104 condant,
663 3027 711 3111 qui
734 3027 852 3111 triginta
876 3027 1063 3113 proportione
1085 3029 1253 3114 respondet.

210 3125 303 3193 Cuius
322 3128 445 3193 rationis
464 3129 779 3214 administrationisqne
801 3132 924 3194 iructum
944 3130 1131 3194 similitudine
1152 3132 1273 3215 quadam
1294 3142 1416 3208 cipvtt.

125 3230 261 3296 extitisse
280 3243 381 3295 censet
398 3231 478 3295 illum
498 3233 545 3315 qui
567 3241 632 3316 post
649 3232 712 3296 dies
730 3253 785 3295 sex
802 3232 832 3295 in
851 3245 978 3296 montem
995 3245 1115 3318 quartus
1131 3232 1274 3308 aseendit,
1285 3248 1427 3305 Matutam.

125 3344 155 3398 et
173 3345 276 3398 sextus
299 3344 345 3397 εει
362 3336 473 3414 iactus,
506 3334 553 3418 qui
571 3335 737 3415 descendit,
769 3347 799 3398 et
821 3335 850 3398 in
870 3336 1046 3398 hebdomade
1064 3337 1198 3398 detentus
1217 3345 1273 3413 est,

125 3436 172 3521 qni
195 3436 270 3500 idem
294 3435 415 3500 illustris
436 3436 603 3500 octonarius
625 3446 687 3518 est,
723 3449 753 3501 et
774 3459 889 3501 omnem
911 3438 940 3501 iu
960 3458 1027 3502 sese
1046 3457 1196 3501 numerum
1216 3437 1275 3500 ele·

125 3549 288 3603 mentorum
305 3538 523 3625 complectitur,
554 3559 658 3624 quem,
690 3560 754 3603 cum
773 3540 906 3626 baptismi
924 3560 1027 3603 caussa
1046 3539 1194 3617 venisset,
1226 3560 1276 3603 oo·

124 3640 239 3705 lumbac
259 3641 386 3727 allapsus
410 3641 554 3721 ostendit,
586 3663 660 3727 quae
682 3654 728 3707 est
748 3644 780 3704 tt
803 3653 832 3706 et
849 3651 886 3703 A.
930 3640 1080 3705 Numeros
1100 3640 1176 3704 enim
1196 3641 1427 3710 iltiusntact.o,1o.

125 3754 172 3808 est
188 3739 329 3809 DCCCl.
375 3742 459 3827 Quae
477 3765 579 3809 caussa
602 3745 656 3824 sit,
687 3764 742 3809 our
757 3743 882 3830 Moyses
901 3755 988 3808 sexto
1011 3744 1057 3807 die
1076 3755 1204 3808 creatum
1223 3743 1275 3807 bo·

124 3900 255 3962 dnotdem
271 3908 311 3948 ter
327 3903 402 3950 ναιιι.
717 3915 792 3963 penes.

159 3967 199 4018 19.
217 3968 252 4018 ltu
276 3969 440 4031 erumpendum
459 3973 509 4018 erut
530 3983 560 4018 aa
580 3969 685 4018 Pseudo·
750 3968 775 4018 2.
789 3966 926 4034 πεφηνέναι
934 3969 1001 4017 codd.
1011 3970 1064 4018 Vm.
1074 3972 1095 4016 et
1103 3969 1191 4028 Poris,
1204 3969 1275 4016 Pseo-

126 4036 258 4098 Oripeneet
274 4039 320 4085 Vct.
333 4038 469 4098 Interprete,
486 4038 526 4099 pot
538 4039 607 4087 νενιιι
622 4051 685 4103 quaa
716 4038 870 4098 ιιι-θήρεια
882 4041 904 4085 et
918 4038 964 4087 Vct.
974 4039 1063 4088 trsooel
1076 4037 1197 4098 tntaprer.
1222 4037 1275 4084 Vnt·

124 4101 193 4153 dicit.
227 4105 292 4154 Libri
309 4105 393 4153 babent
409 4099 521 4169 ἀφίησιν.
716 4118 746 4167 po
762 4102 908 4187 crepundias.

157 4171 198 4223 2⁰.
215 4167 326 4232 εἰκόνων,
341 4172 403 4233 quod
416 4187 469 4222 eom
481 4175 685 4236 remuneremus
749 4171 775 4223 3.
791 4170 891 4237 ημέρας
905 4168 934 4233 ’ἐξ
951 4175 1003 4222 cod.
1020 4175 1074 4224 Vno.

124 4245 147 4291 et
159 4241 335 4303 Vablnterprete
347 4254 424 4289 omnes
435 4242 488 4290 libri
501 4245 601 4302 tuentur,
614 4243 683 4290 Poto-
749 4237 773 4290 4.
791 4237 937 4310 καταβάντα
950 4240 994 4292 και
1007 4237 1164 4306 κρατηθέντα
1174 4241 1275 4292 Pseudo·

124 4309 278 4365 αιάιιιιιαιιιιε
288 4310 385 4358 notovit.
407 4309 539 4358 t’tndteooit
547 4311 684 4358 Μαειιιιια.
719 4309 829 4372 θήρειον
845 4314 867 4358 ιι
884 4311 931 4358 Vct.
944 4311 1064 4371 Interpres.

158 4377 198 4428 21.
214 4371 244 4437 ἓξ
260 4375 336 4431 διπλᾶ
351 4377 418 4426 babet
432 4378 541 4426 Pando-
550 4379 666 4439 Οιιααιεα.
750 4378 775 4427 5.
792 4370 820 4429 ὃν
837 4378 914 4427 odiret
929 4391 958 4426 ec
973 4379 1020 4427 t'et.
1033 4379 1156 4440 lourprete
1169 4383 1191 4428 et
1203 4381 1276 4429 Pacu·

157 4443 249 4512 2211}
272 4446 366 4507 reomao
386 4458 415 4494 ea
431 4446 646 4506 Pseudo-Ortum
663 4448 685 4494 ιι
718 4445 880 4507 (ιο-θήρεια.

125 4513 313 4575 Vatluttrprete.
337 4510 685 4575 Eptpbnnttttbn‘bobeatroio.
750 4511 775 4565 6.
799 4509 832 4567 δι’
857 4506 966 4579 α’ριθμαῦ
992 4512 1143 4579 δηλονμέναν
1170 4509 1275 4568 ὀκτακο-

159 4579 219 4630 Cor.
230 4581 284 4632 Vtt.
295 4607 329 4620 -
343 4583 365 4633 1.
379 4575 512 4647 ἀναλογίας
525 4581 684 4633 Pseudo-Ori·
719 4579 780 4635 σίων
797 4578 853 4641 ἑνὸς
869 4584 979 4634 Pseudo·
988 4583 1103 4646 οιιαιαεε.
