<?xml version="1.0" encoding="UTF-8"?>
<!DOCTYPE html PUBLIC "-//W3C//DTD XHTML 1.0 Transitional//EN"
    "http://www.w3.org/TR/xhtml1/DTD/xhtml1-transitional.dtd">
<html xmlns="http://www.w3.org/1999/xhtml" xml:lang="en" lang="en">
 <head>
  <title>
</title>
<meta http-equiv="Content-Type" content="text/html;charset=utf-8" />
  <meta name='ocr-system' content='tesseract 3.04.00' />
  <meta name='ocr-capabilities' content='ocr_page ocr_carea ocr_par ocr_line ocrx_word'/>
</head>
<body>
  <div class='ocr_page' id='page_1' title='image "./corporishaerese01unkngoog_0090.png"; bbox 0 0 3046 5084; ppageno 0'>
   <div class='ocr_carea' id='block_1_1' title="bbox 353 268 1257 337">
    <p class='ocr_par' dir='ltr' id='par_1_1' title="bbox 353 268 1257 337">
     <span class='ocr_line' id='line_1_1' title="bbox 353 268 1257 337; baseline -0.006 -1"><span class='ocrx_word' id='word_1_1' title='bbox 353 284 487 336; x_wconf 81' lang='lat' dir='ltr'>aauann</span> <span class='ocrx_word' id='word_1_2' title='bbox 506 284 583 335; x_wconf 83' lang='lat' dir='ltr'>aur.</span> <span class='ocrx_word' id='word_1_3' title='bbox 599 283 769 337; x_wconf 79' lang='lat' dir='ltr'>uasnssss</span> <span class='ocrx_word' id='word_1_4' title='bbox 786 285 850 336; x_wconf 82' lang='lat' dir='ltr'>nra.</span> <span class='ocrx_word' id='word_1_5' title='bbox 866 287 884 334; x_wconf 88' lang='lat' dir='ltr'>r.</span> <span class='ocrx_word' id='word_1_6' title='bbox 902 283 982 336; x_wconf 85' lang='lat' dir='ltr'>ron.</span> <span class='ocrx_word' id='word_1_7' title='bbox 994 284 1013 335; x_wconf 88' lang='lat' dir='ltr'>r.</span> <span class='ocrx_word' id='word_1_8' title='bbox 1218 268 1257 332; x_wconf 81' lang='lat'>85</span> 
     </span>
    </p>
   </div>
   <div class='ocr_carea' id='block_1_2' title="bbox 113 399 1257 590">
    <p class='ocr_par' dir='ltr' id='par_1_2' title="bbox 113 399 1257 590">
     <span class='ocr_line' id='line_1_2' title="bbox 113 399 1257 488; baseline -0.003 -22"><span class='ocrx_word' id='word_1_9' title='bbox 113 402 265 487; x_wconf 72' lang='lat' dir='ltr'>pleraque,</span> <span class='ocrx_word' id='word_1_10' title='bbox 289 405 496 488; x_wconf 75' lang='lat' dir='ltr'>praedicantur</span> <span class='ocrx_word' id='word_1_11' title='bbox 514 400 713 481; x_wconf 89' lang='lat' dir='ltr'>nihilominus,</span> <span class='ocrx_word' id='word_1_12' title='bbox 736 423 771 465; x_wconf 85' lang='lat' dir='ltr'>ac</span> <span class='ocrx_word' id='word_1_13' title='bbox 788 413 922 484; x_wconf 87' lang='lat' dir='ltr'>tanquam</span> <span class='ocrx_word' id='word_1_14' title='bbox 939 402 975 464; x_wconf 92' lang='lat' dir='ltr'>ab</span> <span class='ocrx_word' id='word_1_15' title='bbox 994 399 1150 464; x_wconf 72' lang='lat' dir='ltr'>excellenti</span> <span class='ocrx_word' id='word_1_16' title='bbox 1170 399 1257 464; x_wconf 88' lang='lat' dir='ltr'>disci-</span> 
     </span>
     <span class='ocr_line' id='line_1_3' title="bbox 113 501 909 590; baseline -0.004 -23"><span class='ocrx_word' id='word_1_17' title='bbox 113 506 188 588; x_wconf 90' lang='lat' dir='ltr'>plina</span> <span class='ocrx_word' id='word_1_18' title='bbox 211 508 340 590; x_wconf 87' lang='lat' dir='ltr'>prolecta</span> <span class='ocrx_word' id='word_1_19' title='bbox 362 525 474 569; x_wconf 83' lang='lat' dir='ltr'>sumena</span> <span class='ocrx_word' id='word_1_20' title='bbox 496 501 693 565; x_wconf 65' lang='lat' dir='ltr'>ostentatione</span> <span class='ocrx_word' id='word_1_21' title='bbox 714 501 909 565; x_wconf 74' lang='lat' dir='ltr'>celebrantur.</span> 
     </span>
    </p>
   </div>
   <div class='ocr_carea' id='block_1_3' title="bbox 246 810 1121 1039">
    <p class='ocr_par' dir='ltr' id='par_1_3' title="bbox 246 810 1121 1039">
     <span class='ocr_line' id='line_1_4' title="bbox 332 810 1041 916; baseline -0.006 -16"><span class='ocrx_word' id='word_1_22' title='bbox 332 822 635 900; x_wconf 77' lang='lat' dir='ltr'>ADVERSUS</span> <span class='ocrx_word' id='word_1_23' title='bbox 661 810 1041 916; x_wconf 72' lang='lat' dir='ltr'>Ptttltlstsos</span> 
     </span>
     <span class='ocr_line' id='line_1_5' title="bbox 246 941 1121 1039; baseline -0.005 -21"><span class='ocrx_word' id='word_1_24' title='bbox 246 968 329 1039; x_wconf 88' lang='lat' dir='ltr'>quae</span> <span class='ocrx_word' id='word_1_25' title='bbox 357 950 408 1017; x_wconf 85' lang='lat' dir='ltr'>est</span> <span class='ocrx_word' id='word_1_26' title='bbox 430 942 577 1017; x_wconf 88' lang='lat' dir='ltr'>haeresis</span> <span class='ocrx_word' id='word_1_27' title='bbox 602 941 762 1015; x_wconf 78' lang='lat' dir='ltr'><strong>Iudaismi</strong></span> <span class='ocrx_word' id='word_1_28' title='bbox 780 941 867 1034; x_wconf 89' lang='grc' dir='ltr'><strong>ΠΙ.,</strong></span> <span class='ocrx_word' id='word_1_29' title='bbox 895 944 1010 1016; x_wconf 91' lang='lat' dir='ltr'>ordine</span> <span class='ocrx_word' id='word_1_30' title='bbox 1027 941 1121 1016; x_wconf 83' lang='lat' dir='ltr'>XVI.</span> 
     </span>
    </p>
   </div>
   <div class='ocr_carea' id='block_1_4' title="bbox 109 1105 1385 3935">
    <p class='ocr_par' dir='ltr' id='par_1_4' title="bbox 109 1105 1373 3731">
     <span class='ocr_line' id='line_1_6' title="bbox 196 1105 1373 1192; baseline 0.002 -18"><span class='ocrx_word' id='word_1_31' title='bbox 196 1110 363 1174; x_wconf 90' lang='lat' dir='ltr'>Secundum</span> <span class='ocrx_word' id='word_1_32' title='bbox 378 1109 474 1172; x_wconf 87' lang='lat' dir='ltr'>ambas</span> <span class='ocrx_word' id='word_1_33' title='bbox 489 1108 554 1173; x_wconf 89' lang='lat' dir='ltr'>illus</span> <span class='ocrx_word' id='word_1_34' title='bbox 571 1108 703 1191; x_wconf 78' lang='lat' dir='ltr'>proxime</span> <span class='ocrx_word' id='word_1_35' title='bbox 719 1105 946 1172; x_wconf 79' lang='lat' dir='ltr'>Pharisaeorum</span> <span class='ocrx_word' id='word_1_36' title='bbox 963 1109 1095 1172; x_wconf 89' lang='lat' dir='ltr'>haeresis</span> <span class='ocrx_word' id='word_1_37' title='bbox 1112 1109 1256 1192; x_wconf 86' lang='lat' dir='ltr'>sequitur,</span> <span class='ocrx_word' id='word_1_38' title='bbox 1279 1115 1337 1190; x_wconf 79' lang='lat' dir='ltr'>Cap.</span> <span class='ocrx_word' id='word_1_39' title='bbox 1356 1128 1373 1178; x_wconf 91' lang='lat' dir='ltr'>t.</span> 
     </span>
     <span class='ocr_line' id='line_1_7' title="bbox 111 1206 1256 1295; baseline -0.002 -20"><span class='ocrx_word' id='word_1_40' title='bbox 111 1212 234 1276; x_wconf 88' lang='lat' dir='ltr'>alterius</span> <span class='ocrx_word' id='word_1_41' title='bbox 258 1211 392 1295; x_wconf 82' lang='lat' dir='ltr'>generis,</span> <span class='ocrx_word' id='word_1_42' title='bbox 419 1210 533 1274; x_wconf 83' lang='lat' dir='ltr'>tametsi</span> <span class='ocrx_word' id='word_1_43' title='bbox 554 1232 618 1274; x_wconf 86' lang='lat' dir='ltr'>cuna</span> <span class='ocrx_word' id='word_1_44' title='bbox 637 1206 768 1290; x_wconf 76' lang='lat' dir='ltr'>Scribis,</span> <span class='ocrx_word' id='word_1_45' title='bbox 799 1232 873 1294; x_wconf 89' lang='lat' dir='ltr'>quos</span> <span class='ocrx_word' id='word_1_46' title='bbox 894 1209 985 1294; x_wconf 80' lang='lat' dir='ltr'><strong>Legis</strong></span> <span class='ocrx_word' id='word_1_47' title='bbox 1008 1211 1145 1274; x_wconf 88' lang='lat' dir='ltr'>doctores</span> <span class='ocrx_word' id='word_1_48' title='bbox 1167 1210 1256 1273; x_wconf 89' lang='lat' dir='ltr'>iuter·</span> 
     </span>
     <span class='ocr_line' id='line_1_8' title="bbox 111 1308 1257 1397; baseline 0 -22"><span class='ocrx_word' id='word_1_49' title='bbox 111 1323 281 1397; x_wconf 86' lang='lat' dir='ltr'>protantnr,</span> <span class='ocrx_word' id='word_1_50' title='bbox 315 1312 414 1375; x_wconf 79' lang='lat' dir='ltr'>eadem</span> <span class='ocrx_word' id='word_1_51' title='bbox 441 1311 596 1375; x_wconf 88' lang='lat' dir='ltr'>sentirent.</span> <span class='ocrx_word' id='word_1_52' title='bbox 650 1308 725 1376; x_wconf 87' lang='lat' dir='ltr'>Cum</span> <span class='ocrx_word' id='word_1_53' title='bbox 754 1311 790 1375; x_wconf 91' lang='lat' dir='ltr'>iis</span> <span class='ocrx_word' id='word_1_54' title='bbox 820 1312 897 1375; x_wconf 89' lang='lat' dir='ltr'>enim</span> <span class='ocrx_word' id='word_1_55' title='bbox 927 1312 1001 1396; x_wconf 80' lang='lat' dir='ltr'>legis</span> <span class='ocrx_word' id='word_1_56' title='bbox 1028 1332 1142 1396; x_wconf 87' lang='lat' dir='ltr'>quoque</span> <span class='ocrx_word' id='word_1_57' title='bbox 1172 1314 1257 1396; x_wconf 88' lang='lat' dir='ltr'>periti</span> 
     </span>
     <span class='ocr_line' id='line_1_9' title="bbox 113 1410 1256 1478; baseline 0.001 -2"><span class='ocrx_word' id='word_1_58' title='bbox 113 1413 258 1478; x_wconf 88' lang='lat' dir='ltr'>coniuncti</span> <span class='ocrx_word' id='word_1_59' title='bbox 277 1423 371 1478; x_wconf 90' lang='lat' dir='ltr'>erant.</span> <span class='ocrx_word' id='word_1_60' title='bbox 415 1410 627 1477; x_wconf 65' lang='lat' dir='ltr'>hortationi</span> <span class='ocrx_word' id='word_1_61' title='bbox 650 1413 686 1476; x_wconf 90' lang='lat' dir='ltr'>ad</span> <span class='ocrx_word' id='word_1_62' title='bbox 709 1413 811 1476; x_wconf 89' lang='lat' dir='ltr'>horum</span> <span class='ocrx_word' id='word_1_63' title='bbox 836 1413 910 1476; x_wconf 89' lang='lat' dir='ltr'>ritus</span> <span class='ocrx_word' id='word_1_64' title='bbox 934 1414 989 1476; x_wconf 89' lang='lat' dir='ltr'>alia</span> <span class='ocrx_word' id='word_1_65' title='bbox 1013 1434 1116 1478; x_wconf 90' lang='lat' dir='ltr'>rursus</span> <span class='ocrx_word' id='word_1_66' title='bbox 1138 1413 1256 1477; x_wconf 88' lang='lat' dir='ltr'>adiicie-</span> 
     </span>
     <span class='ocr_line' id='line_1_10' title="bbox 112 1512 1255 1596; baseline 0.001 -19"><span class='ocrx_word' id='word_1_67' title='bbox 112 1514 200 1594; x_wconf 88' lang='lat' dir='ltr'>bant,</span> <span class='ocrx_word' id='word_1_68' title='bbox 231 1525 259 1579; x_wconf 90' lang='lat' dir='ltr'>et</span> <span class='ocrx_word' id='word_1_69' title='bbox 283 1513 482 1579; x_wconf 82' lang='lat' dir='ltr'>severioribus</span> <span class='ocrx_word' id='word_1_70' title='bbox 506 1535 539 1578; x_wconf 87' lang='lat' dir='ltr'>se</span> <span class='ocrx_word' id='word_1_71' title='bbox 568 1514 711 1578; x_wconf 89' lang='lat' dir='ltr'>institutis</span> <span class='ocrx_word' id='word_1_72' title='bbox 738 1513 967 1578; x_wconf 76' lang='lat' dir='ltr'>adstrinacrant.</span> <span class='ocrx_word' id='word_1_73' title='bbox 1023 1512 1148 1596; x_wconf 81' lang='lat' dir='ltr'>Quidam</span> <span class='ocrx_word' id='word_1_74' title='bbox 1179 1515 1255 1578; x_wconf 83' lang='lat' dir='ltr'>eninr</span> 
     </span>
     <span class='ocr_line' id='line_1_11' title="bbox 113 1614 1257 1700; baseline 0.001 -22"><span class='ocrx_word' id='word_1_75' title='bbox 113 1637 176 1679; x_wconf 74' lang='lat' dir='ltr'>cun</span> <span class='ocrx_word' id='word_1_76' title='bbox 191 1636 259 1680; x_wconf 87' lang='lat' dir='ltr'>snas</span> <span class='ocrx_word' id='word_1_77' title='bbox 274 1617 338 1681; x_wconf 91' lang='lat' dir='ltr'>illas</span> <span class='ocrx_word' id='word_1_78' title='bbox 352 1614 583 1680; x_wconf 72' lang='lat' dir='ltr'>exercitationes</span> <span class='ocrx_word' id='word_1_79' title='bbox 600 1614 782 1694; x_wconf 83' lang='lat' dir='ltr'>adhiberent,</span> <span class='ocrx_word' id='word_1_80' title='bbox 808 1617 926 1693; x_wconf 89' lang='lat' dir='ltr'>decem,</span> <span class='ocrx_word' id='word_1_81' title='bbox 950 1615 997 1678; x_wconf 91' lang='lat' dir='ltr'>vcl</span> <span class='ocrx_word' id='word_1_82' title='bbox 1017 1627 1095 1696; x_wconf 87' lang='lat' dir='ltr'>octo,</span> <span class='ocrx_word' id='word_1_83' title='bbox 1117 1616 1164 1681; x_wconf 91' lang='lat' dir='ltr'>vel</span> <span class='ocrx_word' id='word_1_84' title='bbox 1185 1639 1257 1700; x_wconf 91' lang='lat' dir='ltr'>qua·</span> 
     </span>
     <span class='ocr_line' id='line_1_12' title="bbox 112 1715 1257 1801; baseline 0 -21"><span class='ocrx_word' id='word_1_85' title='bbox 112 1727 178 1780; x_wconf 87' lang='lat' dir='ltr'>tuor</span> <span class='ocrx_word' id='word_1_86' title='bbox 199 1738 340 1781; x_wconf 88' lang='lat' dir='ltr'>annornm</span> <span class='ocrx_word' id='word_1_87' title='bbox 362 1717 417 1781; x_wconf 89' lang='lat' dir='ltr'>sibi</span> <span class='ocrx_word' id='word_1_88' title='bbox 437 1717 531 1801; x_wconf 88' lang='lat' dir='ltr'>spatia</span> <span class='ocrx_word' id='word_1_89' title='bbox 548 1715 746 1799; x_wconf 78' lang='lat' dir='ltr'>praefigebant</span> <span class='ocrx_word' id='word_1_90' title='bbox 761 1716 864 1799; x_wconf 92' lang='lat' dir='ltr'>quibus</span> <span class='ocrx_word' id='word_1_91' title='bbox 882 1716 1078 1800; x_wconf 82' lang='lat' dir='ltr'>virginitatem</span> <span class='ocrx_word' id='word_1_92' title='bbox 1099 1729 1149 1782; x_wconf 91' lang='lat' dir='ltr'>aut</span> <span class='ocrx_word' id='word_1_93' title='bbox 1169 1721 1257 1783; x_wconf 91' lang='lat' dir='ltr'>casti-</span> 
     </span>
     <span class='ocr_line' id='line_1_13' title="bbox 110 1815 1255 1901; baseline 0.002 -21"><span class='ocrx_word' id='word_1_94' title='bbox 110 1818 234 1881; x_wconf 90' lang='lat' dir='ltr'>moniam</span> <span class='ocrx_word' id='word_1_95' title='bbox 254 1819 403 1898; x_wconf 81' lang='lat' dir='ltr'>colerent3</span> <span class='ocrx_word' id='word_1_96' title='bbox 428 1817 483 1880; x_wconf 91' lang='lat' dir='ltr'>hoc</span> <span class='ocrx_word' id='word_1_97' title='bbox 500 1827 614 1900; x_wconf 85' lang='lat' dir='ltr'>tempus</span> <span class='ocrx_word' id='word_1_98' title='bbox 631 1815 777 1879; x_wconf 89' lang='lat' dir='ltr'>coutinuis</span> <span class='ocrx_word' id='word_1_99' title='bbox 797 1816 931 1901; x_wconf 81' lang='lat' dir='ltr'>precibus</span> <span class='ocrx_word' id='word_1_100' title='bbox 949 1819 1156 1898; x_wconf 87' lang='lat' dir='ltr'>traducebant,</span> <span class='ocrx_word' id='word_1_101' title='bbox 1181 1831 1210 1882; x_wconf 93' lang='lat' dir='ltr'>et</span> <span class='ocrx_word' id='word_1_102' title='bbox 1228 1821 1255 1883; x_wconf 85' lang='lat' dir='ltr'>it</span> 
     </span>
     <span class='ocr_line' id='line_1_14' title="bbox 109 1916 1257 2003; baseline 0.001 -21"><span class='ocrx_word' id='word_1_103' title='bbox 109 1919 276 1983; x_wconf 82' lang='lat' dir='ltr'>certaminis</span> <span class='ocrx_word' id='word_1_104' title='bbox 299 1917 480 2003; x_wconf 82' lang='lat' dir='ltr'>frequentius</span> <span class='ocrx_word' id='word_1_105' title='bbox 500 1916 720 1991; x_wconf 87' lang='lat' dir='ltr'>instaurabant,</span> <span class='ocrx_word' id='word_1_106' title='bbox 744 1936 782 1979; x_wconf 90' lang='lat' dir='ltr'>ne</span> <span class='ocrx_word' id='word_1_107' title='bbox 804 1918 891 1981; x_wconf 88' lang='lat' dir='ltr'>ullam</span> <span class='ocrx_word' id='word_1_108' title='bbox 914 1919 1047 2002; x_wconf 91' lang='lat' dir='ltr'>corporis</span> <span class='ocrx_word' id='word_1_109' title='bbox 1070 1919 1165 1983; x_wconf 90' lang='lat' dir='ltr'>lahem</span> <span class='ocrx_word' id='word_1_110' title='bbox 1187 1942 1257 1983; x_wconf 93' lang='lat' dir='ltr'>con·</span> 
     </span>
     <span class='ocr_line' id='line_1_15' title="bbox 109 2017 1254 2104; baseline 0 -22"><span class='ocrx_word' id='word_1_111' title='bbox 109 2020 270 2099; x_wconf 85' lang='lat' dir='ltr'>traherent,</span> <span class='ocrx_word' id='word_1_112' title='bbox 293 2040 369 2084; x_wconf 90' lang='lat' dir='ltr'>neve</span> <span class='ocrx_word' id='word_1_113' title='bbox 384 2018 482 2082; x_wconf 87' lang='lat' dir='ltr'>lurtim</span> <span class='ocrx_word' id='word_1_114' title='bbox 499 2028 583 2103; x_wconf 85' lang='lat' dir='ltr'>turpe</span> <span class='ocrx_word' id='word_1_115' title='bbox 597 2017 712 2101; x_wconf 88' lang='lat' dir='ltr'>aliquod</span> <span class='ocrx_word' id='word_1_116' title='bbox 728 2017 759 2080; x_wconf 93' lang='lat' dir='ltr'>in</span> <span class='ocrx_word' id='word_1_117' title='bbox 773 2019 885 2081; x_wconf 91' lang='lat' dir='ltr'>somnis</span> <span class='ocrx_word' id='word_1_118' title='bbox 899 2019 1071 2098; x_wconf 87' lang='lat' dir='ltr'>profluvium</span> <span class='ocrx_word' id='word_1_119' title='bbox 1088 2019 1254 2104; x_wconf 88' lang='lat' dir='ltr'>obreperet.</span> 
     </span>
     <span class='ocr_line' id='line_1_16' title="bbox 111 2118 1257 2207; baseline 0.001 -24"><span class='ocrx_word' id='word_1_120' title='bbox 111 2120 191 2207; x_wconf 78' lang='lat' dir='ltr'>llrgo</span> <span class='ocrx_word' id='word_1_121' title='bbox 207 2121 257 2185; x_wconf 91' lang='lat' dir='ltr'>alii</span> <span class='ocrx_word' id='word_1_122' title='bbox 274 2121 387 2185; x_wconf 92' lang='lat' dir='ltr'>tabulas</span> <span class='ocrx_word' id='word_1_123' title='bbox 403 2120 439 2183; x_wconf 94' lang='lat' dir='ltr'>ad</span> <span class='ocrx_word' id='word_1_124' title='bbox 457 2140 523 2184; x_wconf 93' lang='lat' dir='ltr'>eum</span> <span class='ocrx_word' id='word_1_125' title='bbox 541 2141 624 2184; x_wconf 89' lang='lat' dir='ltr'>nsum</span> <span class='ocrx_word' id='word_1_126' title='bbox 642 2119 798 2205; x_wconf 88' lang='lat' dir='ltr'>parabant,</span> <span class='ocrx_word' id='word_1_127' title='bbox 823 2118 974 2182; x_wconf 89' lang='lat' dir='ltr'>latitudine</span> <span class='ocrx_word' id='word_1_128' title='bbox 993 2139 1051 2181; x_wconf 92' lang='lat' dir='ltr'>non</span> <span class='ocrx_word' id='word_1_129' title='bbox 1067 2120 1188 2204; x_wconf 92' lang='lat' dir='ltr'>amplius</span> <span class='ocrx_word' id='word_1_130' title='bbox 1207 2121 1257 2183; x_wconf 91' lang='lat' dir='ltr'>do-</span> 
     </span>
     <span class='ocr_line' id='line_1_17' title="bbox 110 2220 1257 2307; baseline 0 -22"><span class='ocrx_word' id='word_1_131' title='bbox 110 2223 251 2299; x_wconf 91' lang='lat' dir='ltr'>drantali,</span> <span class='ocrx_word' id='word_1_132' title='bbox 278 2223 308 2285; x_wconf 93' lang='lat' dir='ltr'>iu</span> <span class='ocrx_word' id='word_1_133' title='bbox 330 2222 434 2306; x_wconf 84' lang='lat' dir='ltr'>quibus</span> <span class='ocrx_word' id='word_1_134' title='bbox 456 2232 522 2307; x_wconf 87' lang='lat' dir='ltr'>post</span> <span class='ocrx_word' id='word_1_135' title='bbox 542 2241 695 2306; x_wconf 79' lang='lat' dir='ltr'>vesperam</span> <span class='ocrx_word' id='word_1_136' title='bbox 720 2220 873 2299; x_wconf 90' lang='lat' dir='ltr'>iacebant,</span> <span class='ocrx_word' id='word_1_137' title='bbox 903 2229 935 2282; x_wconf 93' lang='lat' dir='ltr'>ut</span> <span class='ocrx_word' id='word_1_138' title='bbox 956 2220 981 2280; x_wconf 89' lang='lat' dir='ltr'>si</span> <span class='ocrx_word' id='word_1_139' title='bbox 1003 2220 1128 2283; x_wconf 90' lang='lat' dir='ltr'>lortasse</span> <span class='ocrx_word' id='word_1_140' title='bbox 1151 2221 1257 2285; x_wconf 91' lang='lat' dir='ltr'>dormi-</span> 
     </span>
     <span class='ocr_line' id='line_1_18' title="bbox 111 2321 1256 2409; baseline -0.002 -23"><span class='ocrx_word' id='word_1_141' title='bbox 111 2335 193 2403; x_wconf 91' lang='lat' dir='ltr'>rent,</span> <span class='ocrx_word' id='word_1_142' title='bbox 224 2325 253 2386; x_wconf 93' lang='lat' dir='ltr'>in</span> <span class='ocrx_word' id='word_1_143' title='bbox 277 2324 472 2409; x_wconf 90' lang='lat' dir='ltr'>pavimentum</span> <span class='ocrx_word' id='word_1_144' title='bbox 498 2323 624 2408; x_wconf 85' lang='lat' dir='ltr'>prolapsi</span> <span class='ocrx_word' id='word_1_145' title='bbox 649 2343 765 2386; x_wconf 89' lang='lat' dir='ltr'>rursum</span> <span class='ocrx_word' id='word_1_146' title='bbox 789 2343 823 2385; x_wconf 91' lang='lat' dir='ltr'>se</span> <span class='ocrx_word' id='word_1_147' title='bbox 847 2321 882 2384; x_wconf 93' lang='lat' dir='ltr'>ad</span> <span class='ocrx_word' id='word_1_148' title='bbox 908 2321 1048 2384; x_wconf 93' lang='lat' dir='ltr'>orandum</span> <span class='ocrx_word' id='word_1_149' title='bbox 1073 2321 1256 2402; x_wconf 69' lang='lat' dir='ltr'>excitarent,</span> 
     </span>
     <span class='ocr_line' id='line_1_19' title="bbox 111 2423 1258 2510; baseline -0.001 -22"><span class='ocrx_word' id='word_1_150' title='bbox 111 2447 168 2510; x_wconf 91' lang='lat' dir='ltr'>qno</span> <span class='ocrx_word' id='word_1_151' title='bbox 188 2426 282 2489; x_wconf 88' lang='lat' dir='ltr'>somni</span> <span class='ocrx_word' id='word_1_152' title='bbox 306 2425 400 2509; x_wconf 90' lang='lat' dir='ltr'>quoad</span> <span class='ocrx_word' id='word_1_153' title='bbox 424 2425 527 2489; x_wconf 91' lang='lat' dir='ltr'>liceret</span> <span class='ocrx_word' id='word_1_154' title='bbox 550 2435 687 2510; x_wconf 81' lang='lat' dir='ltr'>expertes</span> <span class='ocrx_word' id='word_1_155' title='bbox 711 2434 836 2488; x_wconf 89' lang='lat' dir='ltr'>aetatem</span> <span class='ocrx_word' id='word_1_156' title='bbox 862 2423 1070 2506; x_wconf 82' lang='lat' dir='ltr'>transigerent.</span> <span class='ocrx_word' id='word_1_157' title='bbox 1116 2424 1175 2486; x_wconf 78' lang='lat' dir='ltr'>Alii</span> <span class='ocrx_word' id='word_1_158' title='bbox 1198 2426 1258 2488; x_wconf 88' lang='lat' dir='ltr'>eol·</span> 
     </span>
     <span class='ocr_line' id='line_1_20' title="bbox 111 2525 1291 2611; baseline 0 -21"><span class='ocrx_word' id='word_1_159' title='bbox 111 2527 203 2591; x_wconf 86' lang='lat' dir='ltr'>lectos</span> <span class='ocrx_word' id='word_1_160' title='bbox 227 2526 356 2591; x_wconf 88' lang='lat' dir='ltr'>calculos</span> <span class='ocrx_word' id='word_1_161' title='bbox 379 2526 622 2607; x_wconf 86' lang='lat' dir='ltr'>substernebant,</span> <span class='ocrx_word' id='word_1_162' title='bbox 651 2547 774 2611; x_wconf 89' lang='lat' dir='ltr'>quornm</span> <span class='ocrx_word' id='word_1_163' title='bbox 799 2525 947 2588; x_wconf 89' lang='lat' dir='ltr'>vellicatio</span> <span class='ocrx_word' id='word_1_164' title='bbox 971 2526 1186 2609; x_wconf 79' lang='lat' dir='ltr'>profundiorem</span> <span class='ocrx_word' id='word_1_165' title='bbox 1210 2547 1258 2590; x_wconf 93' lang='lat' dir='ltr'>so·</span> <span class='ocrx_word' id='word_1_166' title='bbox 1286 2541 1291 2548; x_wconf 82' lang='lat'>&#39;</span> 
     </span>
     <span class='ocr_line' id='line_1_21' title="bbox 112 2626 1258 2713; baseline 0 -21"><span class='ocrx_word' id='word_1_167' title='bbox 112 2650 209 2693; x_wconf 86' lang='lat' dir='ltr'>mnam</span> <span class='ocrx_word' id='word_1_168' title='bbox 232 2639 366 2706; x_wconf 92' lang='lat' dir='ltr'>arceret,</span> <span class='ocrx_word' id='word_1_169' title='bbox 398 2639 429 2691; x_wconf 91' lang='lat' dir='ltr'>ut</span> <span class='ocrx_word' id='word_1_170' title='bbox 455 2629 503 2693; x_wconf 86' lang='lat' dir='ltr'>rel</span> <span class='ocrx_word' id='word_1_171' title='bbox 525 2629 608 2693; x_wconf 87' lang='lat' dir='ltr'>inviti</span> <span class='ocrx_word' id='word_1_172' title='bbox 634 2627 792 2713; x_wconf 79' lang='lat' dir='ltr'>pervigiles</span> <span class='ocrx_word' id='word_1_173' title='bbox 816 2647 884 2690; x_wconf 87' lang='lat' dir='ltr'>esse</span> <span class='ocrx_word' id='word_1_174' title='bbox 907 2638 1146 2691; x_wconf 86' lang='lat' dir='ltr'>consuescerent.</span> <span class='ocrx_word' id='word_1_175' title='bbox 1191 2626 1258 2692; x_wconf 88' lang='lat' dir='ltr'>Nec</span> 
     </span>
     <span class='ocr_line' id='line_1_22' title="bbox 111 2726 1257 2814; baseline -0.001 -20"><span class='ocrx_word' id='word_1_176' title='bbox 111 2733 230 2795; x_wconf 85' lang='lat' dir='ltr'>deluere</span> <span class='ocrx_word' id='word_1_177' title='bbox 257 2731 305 2814; x_wconf 85' lang='lat' dir='ltr'>qui</span> <span class='ocrx_word' id='word_1_178' title='bbox 330 2729 434 2794; x_wconf 90' lang='lat' dir='ltr'>iisdem</span> <span class='ocrx_word' id='word_1_179' title='bbox 462 2732 497 2793; x_wconf 91' lang='lat' dir='ltr'>de</span> <span class='ocrx_word' id='word_1_180' title='bbox 526 2730 639 2794; x_wconf 86' lang='lat' dir='ltr'>caussis</span> <span class='ocrx_word' id='word_1_181' title='bbox 666 2729 766 2814; x_wconf 88' lang='lat' dir='ltr'>spinas</span> <span class='ocrx_word' id='word_1_182' title='bbox 793 2728 983 2792; x_wconf 89' lang='lat' dir='ltr'>subiicerent.</span> <span class='ocrx_word' id='word_1_183' title='bbox 1029 2726 1187 2793; x_wconf 86' lang='lat' dir='ltr'>Caeterum</span> <span class='ocrx_word' id='word_1_184' title='bbox 1212 2731 1257 2794; x_wconf 93' lang='lat' dir='ltr'>bis</span> 
     </span>
     <span class='ocr_line' id='line_1_23' title="bbox 111 2830 1257 2915; baseline 0.001 -20"><span class='ocrx_word' id='word_1_185' title='bbox 111 2831 290 2895; x_wconf 88' lang='lat' dir='ltr'>bebdomada</span> <span class='ocrx_word' id='word_1_186' title='bbox 319 2851 432 2915; x_wconf 80' lang='lat' dir='ltr'>quaque</span> <span class='ocrx_word' id='word_1_187' title='bbox 460 2831 592 2896; x_wconf 90' lang='lat' dir='ltr'>ieiunare</span> <span class='ocrx_word' id='word_1_188' title='bbox 619 2852 683 2893; x_wconf 90' lang='lat' dir='ltr'>mos</span> <span class='ocrx_word' id='word_1_189' title='bbox 709 2830 768 2893; x_wconf 92' lang='lat' dir='ltr'>illis</span> <span class='ocrx_word' id='word_1_190' title='bbox 799 2830 871 2907; x_wconf 88' lang='lat' dir='ltr'>luit,</span> <span class='ocrx_word' id='word_1_191' title='bbox 906 2835 1033 2894; x_wconf 90' lang='lat' dir='ltr'>secunda</span> <span class='ocrx_word' id='word_1_192' title='bbox 1060 2832 1197 2897; x_wconf 88' lang='lat' dir='ltr'>videlieet</span> <span class='ocrx_word' id='word_1_193' title='bbox 1222 2856 1257 2897; x_wconf 87' lang='lat' dir='ltr'>ac</span> 
     </span>
     <span class='ocr_line' id='line_1_24' title="bbox 111 2931 1257 3018; baseline 0 -22"><span class='ocrx_word' id='word_1_194' title='bbox 111 2932 210 3018; x_wconf 89' lang='lat' dir='ltr'>quinta</span> <span class='ocrx_word' id='word_1_195' title='bbox 233 2933 290 2995; x_wconf 90' lang='lat' dir='ltr'>die.</span> <span class='ocrx_word' id='word_1_196' title='bbox 334 2933 382 2997; x_wconf 81' lang='lat' dir='ltr'>Aa</span> <span class='ocrx_word' id='word_1_197' title='bbox 406 2932 479 2997; x_wconf 90' lang='lat' dir='ltr'>baec</span> <span class='ocrx_word' id='word_1_198' title='bbox 496 2934 672 2997; x_wconf 89' lang='lat' dir='ltr'>decimarum</span> <span class='ocrx_word' id='word_1_199' title='bbox 692 2931 819 2995; x_wconf 92' lang='lat' dir='ltr'>decimas</span> <span class='ocrx_word' id='word_1_200' title='bbox 842 2931 964 3012; x_wconf 70' lang='lat' dir='ltr'>dabant,</span> <span class='ocrx_word' id='word_1_201' title='bbox 989 2934 1129 3018; x_wconf 90' lang='lat' dir='ltr'>primitias</span> <span class='ocrx_word' id='word_1_202' title='bbox 1151 2936 1257 2999; x_wconf 81' lang='lat' dir='ltr'>offero-</span> 
     </span>
     <span class='ocr_line' id='line_1_25' title="bbox 111 3033 1258 3120; baseline -0.001 -21"><span class='ocrx_word' id='word_1_203' title='bbox 111 3037 197 3112; x_wconf 91' lang='lat' dir='ltr'>bant,</span> <span class='ocrx_word' id='word_1_204' title='bbox 222 3033 385 3098; x_wconf 87' lang='lat' dir='ltr'>tricesimas</span> <span class='ocrx_word' id='word_1_205' title='bbox 409 3046 438 3098; x_wconf 91' lang='lat' dir='ltr'>et</span> <span class='ocrx_word' id='word_1_206' title='bbox 457 3035 727 3120; x_wconf 60' lang='lat' dir='ltr'>quinquagesimam</span> <span class='ocrx_word' id='word_1_207' title='bbox 751 3033 893 3097; x_wconf 85' lang='lat' dir='ltr'>sacrificia</span> <span class='ocrx_word' id='word_1_208' title='bbox 913 3046 1037 3120; x_wconf 86' lang='lat' dir='ltr'>votaque</span> <span class='ocrx_word' id='word_1_209' title='bbox 1061 3057 1114 3098; x_wconf 91' lang='lat' dir='ltr'>sua</span> <span class='ocrx_word' id='word_1_210' title='bbox 1139 3057 1258 3099; x_wconf 93' lang='lat' dir='ltr'>accura-</span> 
     </span>
     <span class='ocr_line' id='line_1_26' title="bbox 113 3131 1253 3221; baseline -0.002 -22"><span class='ocrx_word' id='word_1_211' title='bbox 113 3136 225 3200; x_wconf 85' lang='lat' dir='ltr'>tissime</span> <span class='ocrx_word' id='word_1_212' title='bbox 241 3137 457 3221; x_wconf 85' lang='lat' dir='ltr'>persolvebant.</span> <span class='ocrx_word' id='word_1_213' title='bbox 503 3132 609 3200; x_wconf 88' lang='lat' dir='ltr'>Cultus</span> <span class='ocrx_word' id='word_1_214' title='bbox 628 3136 704 3199; x_wconf 90' lang='lat' dir='ltr'>idem</span> <span class='ocrx_word' id='word_1_215' title='bbox 722 3135 843 3219; x_wconf 88' lang='lat' dir='ltr'>illisqui</span> <span class='ocrx_word' id='word_1_216' title='bbox 860 3146 891 3199; x_wconf 90' lang='lat' dir='ltr'>et</span> <span class='ocrx_word' id='word_1_217' title='bbox 908 3131 1039 3216; x_wconf 91' lang='lat' dir='ltr'>Scribis,</span> <span class='ocrx_word' id='word_1_218' title='bbox 1063 3138 1098 3200; x_wconf 90' lang='lat' dir='ltr'>de</span> <span class='ocrx_word' id='word_1_219' title='bbox 1116 3159 1172 3221; x_wconf 92' lang='lat' dir='ltr'>quo</span> <span class='ocrx_word' id='word_1_220' title='bbox 1191 3158 1253 3220; x_wconf 92' lang='lat' dir='ltr'>pro-</span> 
     </span>
     <span class='ocr_line' id='line_1_27' title="bbox 111 3237 1257 3323; baseline -0.002 -22"><span class='ocrx_word' id='word_1_221' title='bbox 111 3239 191 3302; x_wconf 80' lang='lat' dir='ltr'>xime</span> <span class='ocrx_word' id='word_1_222' title='bbox 210 3239 396 3318; x_wconf 87' lang='lat' dir='ltr'>dictumest,</span> <span class='ocrx_word' id='word_1_223' title='bbox 421 3238 514 3303; x_wconf 90' lang='lat' dir='ltr'>vestis</span> <span class='ocrx_word' id='word_1_224' title='bbox 530 3237 642 3302; x_wconf 87' lang='lat' dir='ltr'>scilicet</span> <span class='ocrx_word' id='word_1_225' title='bbox 663 3258 697 3300; x_wconf 93' lang='lat' dir='ltr'>ac</span> <span class='ocrx_word' id='word_1_226' title='bbox 718 3237 847 3321; x_wconf 87' lang='lat' dir='ltr'>reliquus</span> <span class='ocrx_word' id='word_1_227' title='bbox 871 3238 1004 3323; x_wconf 91' lang='lat' dir='ltr'>corporis</span> <span class='ocrx_word' id='word_1_228' title='bbox 1026 3238 1151 3302; x_wconf 87' lang='lat' dir='ltr'>babitus.</span> <span class='ocrx_word' id='word_1_229' title='bbox 1198 3237 1257 3300; x_wconf 91' lang='lat' dir='ltr'>Sed</span> 
     </span>
     <span class='ocr_line' id='line_1_28' title="bbox 113 3339 1257 3426; baseline -0.002 -22"><span class='ocrx_word' id='word_1_230' title='bbox 113 3351 143 3404; x_wconf 92' lang='lat' dir='ltr'>et</span> <span class='ocrx_word' id='word_1_231' title='bbox 159 3341 311 3405; x_wconf 88' lang='lat' dir='ltr'>muliebria</span> <span class='ocrx_word' id='word_1_232' title='bbox 330 3341 447 3426; x_wconf 85' lang='lat' dir='ltr'>palliola</span> <span class='ocrx_word' id='word_1_233' title='bbox 464 3339 636 3425; x_wconf 82' lang='lat' dir='ltr'>gestabant,</span> <span class='ocrx_word' id='word_1_234' title='bbox 660 3351 690 3403; x_wconf 94' lang='lat' dir='ltr'>et</span> <span class='ocrx_word' id='word_1_235' title='bbox 708 3361 772 3404; x_wconf 90' lang='lat' dir='ltr'>cam</span> <span class='ocrx_word' id='word_1_236' title='bbox 793 3339 946 3403; x_wconf 87' lang='lat' dir='ltr'>latioribus</span> <span class='ocrx_word' id='word_1_237' title='bbox 966 3341 1091 3424; x_wconf 87' lang='lat' dir='ltr'>crepidis</span> <span class='ocrx_word' id='word_1_238' title='bbox 1108 3361 1142 3400; x_wconf 90' lang='lat' dir='ltr'>ac</span> <span class='ocrx_word' id='word_1_239' title='bbox 1163 3339 1257 3402; x_wconf 89' lang='lat' dir='ltr'>solea·</span> 
     </span>
     <span class='ocr_line' id='line_1_29' title="bbox 114 3439 1256 3528; baseline 0.001 -25"><span class='ocrx_word' id='word_1_240' title='bbox 114 3464 174 3505; x_wconf 89' lang='lat' dir='ltr'>rum</span> <span class='ocrx_word' id='word_1_241' title='bbox 192 3443 289 3527; x_wconf 84' lang='lat' dir='ltr'>ligulis</span> <span class='ocrx_word' id='word_1_242' title='bbox 303 3443 464 3528; x_wconf 89' lang='lat' dir='ltr'>procedere</span> <span class='ocrx_word' id='word_1_243' title='bbox 480 3442 625 3506; x_wconf 89' lang='lat' dir='ltr'>solebant.</span> <span class='ocrx_word' id='word_1_244' title='bbox 671 3439 728 3523; x_wconf 81' lang='lat' dir='ltr'>Qui</span> <span class='ocrx_word' id='word_1_245' title='bbox 744 3443 810 3505; x_wconf 91' lang='lat' dir='ltr'>ideo</span> <span class='ocrx_word' id='word_1_246' title='bbox 825 3440 975 3505; x_wconf 91' lang='lat' dir='ltr'>Pharisaei</span> <span class='ocrx_word' id='word_1_247' title='bbox 995 3441 1062 3503; x_wconf 87' lang='lat' dir='ltr'>dicti</span> <span class='ocrx_word' id='word_1_248' title='bbox 1078 3450 1157 3518; x_wconf 92' lang='lat' dir='ltr'>sunt,</span> <span class='ocrx_word' id='word_1_249' title='bbox 1182 3443 1256 3524; x_wconf 84' lang='lat' dir='ltr'>quod</span> 
     </span>
     <span class='ocr_line' id='line_1_30' title="bbox 112 3540 1258 3630; baseline -0.001 -24"><span class='ocrx_word' id='word_1_250' title='bbox 112 3556 211 3607; x_wconf 89' lang='lat' dir='ltr'>esseut</span> <span class='ocrx_word' id='word_1_251' title='bbox 230 3556 349 3630; x_wconf 90' lang='lat' dir='ltr'>propter</span> <span class='ocrx_word' id='word_1_252' title='bbox 363 3545 536 3609; x_wconf 87' lang='lat' dir='ltr'>adscititiam</span> <span class='ocrx_word' id='word_1_253' title='bbox 552 3545 629 3609; x_wconf 92' lang='lat' dir='ltr'>illam</span> <span class='ocrx_word' id='word_1_254' title='bbox 646 3545 937 3629; x_wconf 88' lang='lat' dir='ltr'>superstitiosamque</span> <span class='ocrx_word' id='word_1_255' title='bbox 956 3540 1135 3624; x_wconf 90' lang='lat' dir='ltr'>disciplinam</span> <span class='ocrx_word' id='word_1_256' title='bbox 1155 3563 1173 3604; x_wconf 94' lang='lat' dir='ltr'>a</span> <span class='ocrx_word' id='word_1_257' title='bbox 1190 3542 1258 3606; x_wconf 89' lang='lat' dir='ltr'>reli-</span> 
     </span>
     <span class='ocr_line' id='line_1_31' title="bbox 111 3643 1217 3731; baseline -0.006 -23"><span class='ocrx_word' id='word_1_258' title='bbox 111 3645 176 3731; x_wconf 84' lang='lat' dir='ltr'>quis</span> <span class='ocrx_word' id='word_1_259' title='bbox 196 3646 331 3709; x_wconf 89' lang='lat' dir='ltr'>seiuncti.</span> <span class='ocrx_word' id='word_1_260' title='bbox 374 3644 489 3711; x_wconf 84' lang='lat' dir='ltr'>Pharos</span> <span class='ocrx_word' id='word_1_261' title='bbox 507 3647 584 3711; x_wconf 92' lang='lat' dir='ltr'>enim</span> <span class='ocrx_word' id='word_1_262' title='bbox 602 3645 748 3710; x_wconf 83' lang='lat' dir='ltr'>Hebraico</span> <span class='ocrx_word' id='word_1_263' title='bbox 764 3645 981 3730; x_wconf 89' lang='lat' dir='ltr'>separationem</span> <span class='ocrx_word' id='word_1_264' title='bbox 997 3643 1152 3725; x_wconf 79' lang='lat' dir='ltr'>significat.</span> <span class='ocrx_word' id='word_1_265' title='bbox 1213 3692 1217 3701; x_wconf 90' lang='lat'>.</span> 
     </span>
    </p>

    <p class='ocr_par' dir='ltr' id='par_1_5' title="bbox 111 3743 1385 3935">
     <span class='ocr_line' id='line_1_32' title="bbox 194 3743 1385 3833; baseline 0.003 -25"><span class='ocrx_word' id='word_1_266' title='bbox 194 3743 380 3808; x_wconf 85' lang='lat' dir='ltr'>Mortuonrm</span> <span class='ocrx_word' id='word_1_267' title='bbox 407 3769 495 3833; x_wconf 91' lang='lat' dir='ltr'>porro</span> <span class='ocrx_word' id='word_1_268' title='bbox 524 3751 770 3812; x_wconf 87' lang='lat' dir='ltr'>resurrectionem</span> <span class='ocrx_word' id='word_1_269' title='bbox 798 3765 966 3831; x_wconf 85' lang='lat' dir='ltr'>persuasam</span> <span class='ocrx_word' id='word_1_270' title='bbox 996 3744 1149 3809; x_wconf 89' lang='lat' dir='ltr'>habebant.</span> <span class='ocrx_word' id='word_1_271' title='bbox 1194 3749 1257 3811; x_wconf 79' lang='lat' dir='ltr'>An·</span> <span class='ocrx_word' id='word_1_272' title='bbox 1276 3768 1335 3833; x_wconf 72' lang='lat' dir='ltr'>esp.</span> <span class='ocrx_word' id='word_1_273' title='bbox 1355 3772 1385 3818; x_wconf 88' lang='lat' dir='ltr'>tt.</span> 
     </span>
     <span class='ocr_line' id='line_1_33' title="bbox 111 3845 1257 3935; baseline 0.002 -23"><span class='ocrx_word' id='word_1_274' title='bbox 111 3848 195 3935; x_wconf 84' lang='lat' dir='ltr'>gelos</span> <span class='ocrx_word' id='word_1_275' title='bbox 220 3869 254 3909; x_wconf 90' lang='lat' dir='ltr'>ac</span> <span class='ocrx_word' id='word_1_276' title='bbox 278 3845 409 3930; x_wconf 87' lang='lat' dir='ltr'>spiritum</span> <span class='ocrx_word' id='word_1_277' title='bbox 430 3869 497 3913; x_wconf 90' lang='lat' dir='ltr'>esse</span> <span class='ocrx_word' id='word_1_278' title='bbox 521 3851 690 3914; x_wconf 88' lang='lat' dir='ltr'>credebant.</span> <span class='ocrx_word' id='word_1_279' title='bbox 736 3849 796 3914; x_wconf 90' lang='lat' dir='ltr'>Sed</span> <span class='ocrx_word' id='word_1_280' title='bbox 821 3861 851 3912; x_wconf 92' lang='lat' dir='ltr'>ut</span> <span class='ocrx_word' id='word_1_281' title='bbox 873 3847 982 3910; x_wconf 90' lang='lat' dir='ltr'>caeteri</span> <span class='ocrx_word' id='word_1_282' title='bbox 1004 3846 1049 3910; x_wconf 91' lang='lat' dir='ltr'>dci</span> <span class='ocrx_word' id='word_1_283' title='bbox 1068 3849 1155 3913; x_wconf 87' lang='lat' dir='ltr'>lilium</span> <span class='ocrx_word' id='word_1_284' title='bbox 1176 3851 1257 3934; x_wconf 83' lang='lat' dir='ltr'>iguo-</span> 
     </span>
    </p>
   </div>
   <div class='ocr_carea' id='block_1_5' title="bbox 110 4016 1260 4562">
    <p class='ocr_par' dir='ltr' id='par_1_6' title="bbox 110 4016 1260 4478">
     <span class='ocr_line' id='line_1_34' title="bbox 110 4016 781 4083; baseline 0 -12"><span class='ocrx_word' id='word_1_285' title='bbox 110 4035 166 4083; x_wconf 81' lang='lat' dir='ltr'>pop.</span> <span class='ocrx_word' id='word_1_286' title='bbox 179 4017 220 4071; x_wconf 71' lang='lat'>22.</span> <span class='ocrx_word' id='word_1_287' title='bbox 244 4033 274 4069; x_wconf 75' lang='lat' dir='ltr'>ex</span> <span class='ocrx_word' id='word_1_288' title='bbox 296 4016 348 4068; x_wconf 86' lang='lat' dir='ltr'>cad.</span> <span class='ocrx_word' id='word_1_289' title='bbox 364 4018 418 4066; x_wconf 77' lang='lat' dir='ltr'>len.</span> <span class='ocrx_word' id='word_1_290' title='bbox 432 4023 454 4068; x_wconf 80' lang='lat' dir='ltr'>ct</span> <span class='ocrx_word' id='word_1_291' title='bbox 470 4023 669 4083; x_wconf 66' lang='lat' dir='ltr'>amanuncu-</span> <span class='ocrx_word' id='word_1_292' title='bbox 705 4023 781 4072; x_wconf 87' lang='lat' dir='ltr'>l&#39;enet.</span> 
     </span>
     <span class='ocr_line' id='line_1_35' title="bbox 111 4082 1127 4155; baseline 0 -17"><span class='ocrx_word' id='word_1_293' title='bbox 111 4093 200 4139; x_wconf 66' lang='lat' dir='ltr'>menos</span> <span class='ocrx_word' id='word_1_294' title='bbox 223 4082 273 4141; x_wconf 79' lang='grc' dir='ltr'>διὰ.</span> <span class='ocrx_word' id='word_1_295' title='bbox 307 4086 369 4137; x_wconf 81' lang='lat' dir='ltr'>illud</span> <span class='ocrx_word' id='word_1_296' title='bbox 384 4087 503 4147; x_wconf 81' lang='lat' dir='ltr'>utrobique</span> <span class='ocrx_word' id='word_1_297' title='bbox 518 4091 611 4138; x_wconf 81' lang='lat' dir='ltr'>retinuit</span> <span class='ocrx_word' id='word_1_298' title='bbox 626 4091 669 4138; x_wconf 85' lang='lat' dir='ltr'>Pe·</span> <span class='ocrx_word' id='word_1_299' title='bbox 739 4090 777 4139; x_wconf 81' lang='grc'>10.</span> <span class='ocrx_word' id='word_1_300' title='bbox 794 4086 969 4155; x_wconf 76' lang='grc' dir='ltr'>προςερημίνῳ</span> <span class='ocrx_word' id='word_1_301' title='bbox 986 4091 1036 4139; x_wconf 79' lang='lat' dir='ltr'>ced.</span> <span class='ocrx_word' id='word_1_302' title='bbox 1054 4092 1127 4140; x_wconf 79' lang='lat' dir='ltr'>Venet.</span> 
     </span>
     <span class='ocr_line' id='line_1_36' title="bbox 111 4151 1247 4275; baseline 0.002 -70"><span class='ocrx_word' id='word_1_303' title='bbox 111 4159 204 4219; x_wconf 73' lang='lat' dir='ltr'>mona,</span> <span class='ocrx_word' id='word_1_304' title='bbox 231 4151 357 4237; x_wconf 64' lang='grc' dir='ltr'>σάββατον</span> <span class='ocrx_word' id='word_1_305' title='bbox 373 4154 544 4236; x_wconf 82' lang='lat' dir='ltr'>hebdoprodnrn</span> <span class='ocrx_word' id='word_1_306' title='bbox 558 4159 670 4237; x_wconf 72' lang='lat' dir='ltr'>interpre-</span> <span class='ocrx_word' id='word_1_307' title='bbox 739 4158 777 4242; x_wconf 64' lang='lat' dir='ltr'>tp.</span> <span class='ocrx_word' id='word_1_308' title='bbox 794 4154 939 4275; x_wconf 66' lang='lat' dir='ltr'>praemaluit</span> <span class='ocrx_word' id='word_1_309' title='bbox 955 4160 1004 4239; x_wconf 80' lang='lat' dir='ltr'>cod.</span> <span class='ocrx_word' id='word_1_310' title='bbox 1022 4159 1094 4207; x_wconf 74' lang='lat' dir='ltr'>venet.</span> <span class='ocrx_word' id='word_1_311' title='bbox 1241 4229 1247 4238; x_wconf 36' lang='lat'><strong>·</strong></span> 
     </span>
     <span class='ocr_line' id='line_1_37' title="bbox 113 4222 1257 4290; baseline -0.001 -16"><span class='ocrx_word' id='word_1_312' title='bbox 113 4228 180 4285; x_wconf 80' lang='lat' dir='ltr'>tone,</span> <span class='ocrx_word' id='word_1_313' title='bbox 201 4228 298 4274; x_wconf 76' lang='lat' dir='ltr'>oetaeo</span> <span class='ocrx_word' id='word_1_314' title='bbox 313 4224 406 4272; x_wconf 72' lang='lat' dir='ltr'>moeret</span> <span class='ocrx_word' id='word_1_315' title='bbox 422 4222 546 4290; x_wconf 68' lang='lat' dir='ltr'>celldara</span> <span class='ocrx_word' id='word_1_316' title='bbox 579 4225 671 4272; x_wconf 82' lang='lat' dir='ltr'>hteetoe</span> <span class='ocrx_word' id='word_1_317' title='bbox 741 4224 779 4274; x_wconf 76' lang='lat' dir='ltr'>tt.</span> <span class='ocrx_word' id='word_1_318' title='bbox 810 4240 896 4283; x_wconf 76' lang='lat' dir='ltr'>vnete</span> <span class='ocrx_word' id='word_1_319' title='bbox 915 4232 1046 4288; x_wconf 68' lang='lat' dir='ltr'>contrectas</span> <span class='ocrx_word' id='word_1_320' title='bbox 1069 4232 1102 4275; x_wconf 80' lang='lat' dir='ltr'>est</span> <span class='ocrx_word' id='word_1_321' title='bbox 1122 4228 1165 4274; x_wconf 87' lang='lat' dir='ltr'>tos.</span> <span class='ocrx_word' id='word_1_322' title='bbox 1182 4227 1257 4274; x_wconf 84' lang='lat' dir='ltr'>Senta-</span> 
     </span>
     <span class='ocr_line' id='line_1_38' title="bbox 116 4286 1260 4356; baseline 0.003 -15"><span class='ocrx_word' id='word_1_323' title='bbox 116 4291 187 4341; x_wconf 77' lang='lat' dir='ltr'>Cltoa.</span> <span class='ocrx_word' id='word_1_324' title='bbox 203 4293 249 4342; x_wconf 84' lang='lat' dir='ltr'>tt.</span> <span class='ocrx_word' id='word_1_325' title='bbox 264 4293 333 4341; x_wconf 83' lang='lat' dir='ltr'>habet</span> <span class='ocrx_word' id='word_1_326' title='bbox 346 4286 497 4356; x_wconf 64' lang='lat' dir='ltr'>„tuameres</span> <span class='ocrx_word' id='word_1_327' title='bbox 512 4286 541 4342; x_wconf 77' lang='lat' dir='ltr'>bb</span> <span class='ocrx_word' id='word_1_328' title='bbox 554 4287 595 4347; x_wconf 69' lang='lat' dir='ltr'>at&lt;</span> <span class='ocrx_word' id='word_1_329' title='bbox 610 4292 670 4356; x_wconf 87' lang='grc' dir='ltr'><strong>σαβ-</strong></span> <span class='ocrx_word' id='word_1_330' title='bbox 703 4304 751 4353; x_wconf 80' lang='lat' dir='ltr'>per.</span> <span class='ocrx_word' id='word_1_331' title='bbox 787 4295 891 4343; x_wconf 78' lang='lat' dir='ltr'>Fortasse</span> <span class='ocrx_word' id='word_1_332' title='bbox 905 4296 1061 4356; x_wconf 65' lang='lat' dir='ltr'>emerammi</span> <span class='ocrx_word' id='word_1_333' title='bbox 1084 4291 1110 4344; x_wconf 80' lang='grc' dir='ltr'>ἐν</span> <span class='ocrx_word' id='word_1_334' title='bbox 1132 4292 1260 4351; x_wconf 72' lang='grc' dir='ltr'>πλατείαις</span> 
     </span>
     <span class='ocr_line' id='line_1_39' title="bbox 115 4352 825 4478; baseline 0.004 -4"><span class='ocrx_word' id='word_1_335' title='bbox 115 4352 467 4478; x_wconf 50' lang='grc' dir='ltr'>ΜΝ·</span> <span class='ocrx_word' id='word_1_336' title='bbox 483 4355 625 4423; x_wconf 81' lang='grc' dir='ltr'><em>Μ·</em></span> <span class='ocrx_word' id='word_1_337' title='bbox 705 4366 825 4478; x_wconf 88' lang='grc' dir='ltr'><em>Μ</em></span> 
     </span>
    </p>

    <p class='ocr_par' dir='ltr' id='par_1_7' title="bbox 147 4445 1175 4562">
     <span class='ocr_line' id='line_1_40' title="bbox 147 4445 1175 4562; baseline 0.001 -17"><span class='ocrx_word' id='word_1_338' title='bbox 147 4461 173 4545; x_wconf 43' lang='grc'>9.·</span> <span class='ocrx_word' id='word_1_339' title='bbox 189 4491 233 4546; x_wconf 74' lang='grc' dir='ltr'>καὶ</span> <span class='ocrx_word' id='word_1_340' title='bbox 252 4490 300 4554; x_wconf 71' lang='grc' dir='ltr'>τὰς</span> <span class='ocrx_word' id='word_1_341' title='bbox 319 4464 398 4562; x_wconf 65' lang='lat' dir='ltr'>eripui&lt;</span> <span class='ocrx_word' id='word_1_342' title='bbox 418 4463 599 4561; x_wconf 66' lang='lat' dir='ltr'>depulissem</span> <span class='ocrx_word' id='word_1_343' title='bbox 620 4496 671 4545; x_wconf 89' lang='lat' dir='ltr'>cod.</span> <span class='ocrx_word' id='word_1_344' title='bbox 740 4445 845 4549; x_wconf 32' lang='lat' dir='ltr'>Canarii.</span> <span class='ocrx_word' id='word_1_345' title='bbox 857 4446 906 4537; x_wconf 44' lang='grc' dir='ltr'><em>Ὗ</em></span> <span class='ocrx_word' id='word_1_346' title='bbox 931 4447 1138 4550; x_wconf 44' lang='lat' dir='ltr'>iuhoez‘oodl&#39;en.</span> <span class='ocrx_word' id='word_1_347' title='bbox 1169 4467 1175 4477; x_wconf 91' lang='lat'>.</span> 
     </span>
    </p>
   </div>
   <div class='ocr_carea' id='block_1_6' title="bbox 0 0 1528 5084">
    <p class='ocr_par' dir='ltr' id='par_1_8' title="bbox 0 0 1528 5084">
     <span class='ocr_line' id='line_1_41' title="bbox 0 0 1528 5084; baseline 0 0"><span class='ocrx_word' id='word_1_348' title='bbox 0 0 1528 5084; x_wconf 95' lang='lat' dir='ltr'> </span> 
     </span>
    </p>
   </div>
  </div>
 </body>
</html>
