3046 5084
294 338 354 397 210
706 343 826 394 SANch
845 341 1011 392 EPIPHANH

294 465 465 547 παραβολῆς
479 458 600 541 ταύτης,
622 462 672 524 καί
687 479 776 538 φασιν
790 455 864 523 εἶναι
885 456 937 522 τόν
952 453 1100 520 ἀντίδικον
1116 456 1229 520 ἐκεῖνον
1242 461 1303 520 τοῖν
1320 454 1371 521 τόν
1391 457 1447 523 κό-

296 586 371 647 σμον
390 558 594 642 πεποιηκότων
609 558 749 645 Ἀγγέλων
765 562 833 637 ἕνα,
855 561 906 624 καὶ
928 559 969 632 είς
990 554 1062 621 αότό
1088 564 1175 621 τοῦτο
1197 556 1445 639 κατεσκευάσθαι,

297 668 337 741 είς
354 663 386 729 τό
404 662 527 747 άπάγειν
543 659 596 737 τάς
614 660 714 744 ψυχάς
731 660 806 743 πρός
821 659 873 725 τόν
888 656 1005 743 κριτὴν,
1026 656 1080 732 τάς
1098 660 1237 722 ἐντεῦθεν
1259 661 1446 743 έξερχομένας

297 770 330 832 ἐκ
356 763 514 847 στομάτοιν,
545 764 636 827 ἐκεῖσε
657 763 689 827 δέ
713 764 897 846 ἐλεγχομένας
922 759 964 843 μὴ
988 758 1155 841 ποιησάσας
1176 766 1276 824 πᾶσαν
1295 764 1444 846 ἐργασίαν,

295 871 516 952 παραδίδοσθαι
537 866 570 929 δέ
583 857 647 929 ’άπό
670 872 725 928 τοῦ
747 862 886 947 άρχοντος
908 871 949 950 τῷ
973 859 1115 950 άπηρέτη.
1152 858 1293 946 ’Ἄγγελον
1311 862 1343 926 δέ
1366 860 1444 929 εἶναι

295 969 347 1034 τόν
364 967 528 1051 όπηρίτην,
551 963 822 1049 έξυπηρετοάμενον
839 972 881 1052 τῷ
899 971 983 1051 κριτῇ
997 970 1036 1051 τῷ
1049 970 1221 1051 κοσμοποιρῖ
1238 960 1326 1039 είςτδ
1342 965 1443 1050 φέρειν

297 1070 350 1146 τάς
365 1068 465 1152 ψυχάς
481 1067 569 1132 πάλιν
589 1068 640 1131 καί
656 1069 698 1141 είς
715 1063 835 1147 στόματα
851 1069 1027 1149 καταγγίζειν
1044 1063 1184 1149 διάφορα.
1229 1062 1321 1131 Είναι
1340 1066 1372 1131 δέ
1391 1064 1443 1131 τόν

298 1170 447 1236 άντίδικον
461 1175 565 1234 τοῦτον
580 1166 616 1231 δν
632 1169 743 1247 ἐφημεν
757 1165 809 1231 τόν
824 1165 928 1249 κόριον
949 1168 1095 1248 εἰρηκέναι
1112 1168 1143 1231 ἐν
1159 1173 1199 1254 τῷ
1217 1164 1387 1254 εάαγγελίφ,
1408 1166 1444 1233 δν

299 1271 385 1336 αὐτοὶ
402 1269 542 1356 ’Ἄγγελον
566 1271 618 1333 ἕνα
643 1274 701 1331 τῶν
725 1276 914 1350 κοσμοποιεῖν
940 1290 1046 1347 φασιν,
1075 1265 1168 1349 ὄνομα
1193 1266 1444 1352 ἐχουταἎβολον.

304 1373 383 1436 Φασί
397 1369 453 1456 γάρ
474 1368 549 1434 εἶναι
564 1368 618 1451 τὴν
636 1369 773 1450 φυλακην
787 1369 820 1433 τό
838 1377 938 1450 σῶμα,
960 1368 1013 1433 τόν
1028 1370 1059 1433 δέ
1078 1372 1198 1451 ἐσχατον
1213 1369 1381 1455 κοδράντην
1393 1373 1445 1437 θέ-

299 1484 399 1540 λουσιν
413 1470 487 1537 εἶναι
502 1470 557 1554 τόν
575 1470 838 1554 μετενσοιμάτωσιν,
863 1468 957 1535 ἳκαθ
979 1469 1104 1551 ἑκάστην
1125 1474 1292 1554 παρουσίαν
1308 1474 1447 1538 ἐπιτελεῖν

300 1575 443 1657 σωμάτων
463 1573 584 1656 ἐσχάτην
600 1577 721 1656 πρᾶξιν,
743 1575 794 1636 καί
811 1573 911 1653 μηκέτι
929 1570 1140 1636 όπολείπεσθαι
1156 1571 1234 1658 πρός
1249 1571 1283 1638 τό
1299 1571 1449 1657 άθέμιτόν

300 1706 326 1743 τι
342 1682 458 1759 πρᾶξαι.
502 1683 560 1739 Δεῖ
571 1674 642 1759 γάρ,
665 1676 770 1753 φασίν,
794 1671 835 1749 τίς
851 1678 1045 1757 προείπομεν,
1072 1671 1192 1756 ίπάντη
1208 1677 1373 1756 ἐλθοῦσαν,
1396 1680 1449 1743 καί

301 1778 453 1865 πράξασαν
471 1774 541 1842 καθ’
560 1779 697 1854 ἕκαστον,
724 1778 776 1840 καί
801 1779 1068 1860 ἐλευθερωθεῖσαν,
1098 1773 1233 1842 άνελθεῖν
1256 1776 1359 1860 4πρός
1384 1776 1448 1845 ῦνω

300 1880 464 1966 άγνωστον,
486 1874 658 1962 όπερβῦσαν
675 1875 744 1953 τοῦς
763 1875 965 1959 κοσμοποιοάς
984 1880 1035 1941 καί
1055 1876 1108 1942 τόν
1127 1875 1316 1960 κοσμοποιόν.
1364 1882 1448 1945 Φασλ

300 1984 332 2047 δέ
349 1981 437 2046 πάλιν
455 1979 501 2045 ότι
523 1984 570 2044 δεῖ
583 1978 639 2044 κάν
655 2004 686 2043 τε
706 1982 737 2045 ἐν
755 1986 807 2065 μιᾷ
823 1984 971 2066 παρουσίᾳ
993 1986 1047 2061 τῆς
1065 1976 1348 2061 μετενσεοματοίσεοος
1368 2006 1446 2065 πρα·

300 2087 391 2160 ξάσας
404 2080 508 2147 λοιπόν
527 2079 588 2147 άνεο
605 2084 854 2162 ἐλευθερωθείσας
872 2079 1003 2158 άπιέναι,
1026 2084 1053 2144 εί
1067 2081 1098 2144 δέ
1114 2079 1154 2164 μη“
1173 2082 1205 2145 ίν
1223 2088 1276 2169 μιᾷ
1294 2087 1448 2170 παρουσίᾳ

301 2183 462 2270 πράξουσι,
491 2180 563 2247 καθ’
586 2182 710 2265 ἑκάστην
733 2187 898 2265 παρουσίαν
923 2180 1206 2263 μετενσοιματοίσεκς
1230 2180 1328 2248 8κακοί
1350 2183 1447 2266 βραχεῖ

300 2284 464 2368 ποιησάσας
486 2284 610 2351 ἑκάστου
631 2287 719 2369 έργου
735 2281 878 2365 άθεμίτου
898 2282 952 2365 τήν
969 2286 1106 2368 ἐργασίαν
1120 2283 1224 2349 λοιπόν
1241 2285 1447 2369 ἐλευθερωθῆ-

300 2416 357 2454 ναι.
408 2389 538 2472 Λέγουσι
559 2388 592 2451 δέ
614 2386 703 2450 πάλιν
724 2384 784 2464 ότι,
811 2393 879 2460 Τοῖς
903 2383 995 2462 άξίοις
1016 2393 1107 2450 ταῦτα
1130 2390 1323 2470 καταξιοῦμεν
1337 2388 1447 2471 διηγεῖ-

300 2500 387 2568 σθαι,
408 2492 458 2554 ίνα
476 2488 610 2572 πράξωσι
624 2486 660 2552 τά
678 2491 824 2552 δοκοῦντα
841 2483 913 2551 είναι
931 2485 1019 2566 κακά,
1042 2485 1097 2553 οῦκ
1114 2485 1185 2552 όντα
1203 2488 1236 2553 δέ
1252 2486 1341 2569 φάσει
1355 2486 1446 2566 κακά,

300 2597 350 2657 ίνα
368 2587 514 2672 μαθόντες
532 2592 765 2669 ἐλευθερωθεῖσι.
809 2593 967 2674 Σφραγῖδα
988 2589 1019 2653 δέ
1041 2591 1072 2654 ἐν
1090 2597 1231 2675 καυτῆρα,
1250 2588 1273 2673 ἢ
1293 2586 1331 2657 δι’
1347 2592 1447 2673 ἐπιτη·

301 2693 427 2765 δεόσεως
449 2694 550 2773 ξυρίου
574 2690 593 2772 ἢ
615 2694 743 2773 ῥαφίδος
769 2692 949 2756 ἐπιτιθέασιν
970 2682 1053 2755 οῦτοι
1077 2694 1108 2756 οί
1128 2687 1189 2755 άπό
1210 2696 1376 2781 Καρκοκρῦ
1396 2694 1447 2759 lut

302 2795 353 2859 τόν
370 2790 465 2868 δεξιόν
479 2789 569 2874 λοβόν
582 2800 636 2856 τοῦ
654 2789 728 2867 ω’τός
744 2802 806 2867 τοῖς
822 2790 872 2856 ὑπ’
891 2790 989 2856 αὐτῶν
1004 2790 1215 2875 άπατοιμένοις.

169 2915 236 2981 Κεφ,
256 2910 284 2974 ς’,
379 2888 472 2958 Ἦλθε
493 2893 545 2974 μέν
566 2897 606 2968 είς
627 2891 705 2976 ἡμᾶς
724 2893 782 2976 ἤδη
804 2921 867 2969 πως
886 2899 1074 2980 Μαρκελλίνα
1090 2920 1134 2970 τις
1149 2892 1201 2960 τίκτ’
1219 2894 1319 2962 αῦταλν
1334 2894 1448 2980 άτσατη·

185 3010 235 3053 pag.
246 2996 289 3040 ¹⁰¹·
302 3006 404 3074 θεῖσα,
426 2997 477 3059 καί
493 2994 617 3071 πολλοῦς
635 2994 795 3077 ἐλυμήνατο
815 2998 846 3061 ἐν
861 2995 977 3079 χρόνοις
991 2994 1145 3079 ’Λνικήτου
1162 2998 1328 3065 ἐπισκόπου
1341 2994 1450 3081 Ῥάμη,

302 3107 354 3166 τοῦ
368 3095 442 3163 κατά
454 3094 507 3179 τὴν
521 3095 659 3179 διαδοχὴν
677 3102 767 3175 Πίου,
789 3099 839 3161 καί
853 3106 912 3162 τοῖν
929 3096 1073 3183 άνωτέροι.
1113 3096 1164 3163 Ἐν
1177 3096 1277 3189 Ῥοίμμ
1290 3098 1347 3185 γάρ
1364 3100 1446 3186 γεγό-

302 3224 369 3267 νασι
388 3207 500 3284 πρῶτοι
525 3201 640 3283 Πέτρος
660 3201 711 3263 καί
735 3205 855 3274 Παῦλος
875 3203 906 3264 οί
924 3198 1083 3266 άπόστολοι
1106 3198 1190 3267 αάτοί
1212 3203 1263 3267 καί
1280 3204 1450 3279 ἐπίσκοποι,

302 3302 362 3369 εἶτα
384 3310 493 3379 Λίνος,
523 3293 735 3382 τέτατ’Κλῖγτος,
765 3298 826 3365 εἶτα
846 3300 984 3385 Κλήμης,
1013 3301 1172 3387 σάγχρονος
1191 3302 1233 3369 σίν
1255 3304 1373 3387 Πέτρου
1395 3304 1450 3367 καί

305 3385 444 3483 Παῦλον,
476 3394 513 3468 οῦ
534 3401 758 3486 ἐπιμνημονεάει
776 3409 895 3478 Παῦλος
918 3406 950 3468 ἐν
970 3412 1007 3493 τῇ
1027 3403 1104 3489 πρός
1121 3400 1280 3487 Ῥωμαίους
1299 3405 1450 3491 ίτιιστολῇ.

304 3511 363 3572 Καί
380 3508 482 3590 μηδείς
497 3506 671 3588 θαυμαζέτω
691 3503 737 3569 ὅτι
753 3503 811 3589 πρό
829 3502 920 3570 αὐτοῦ
936 3504 1018 3571 άλλοι
1035 3504 1090 3588 τὴν
1106 3502 1270 3589 ἐπισκοτοῦν
1284 3505 1452 3583 διεδέξαντο

304 3607 362 3673 α’πό
384 3616 442 3673 τῶν
464 3604 650 3687 άποστόλοιν,
681 3604 766 3682 ὄντος
786 3605 891 3672 τοῦτον
913 3606 1078 3693 συγχρόνου
1098 3610 1217 3695 Πέτρου
1237 3609 1290 3673 καί
1309 3606 1452 3674 Παῦλον·

303 3711 354 3774 καί
371 3702 458 3785 οὗτος
475 3710 531 3795 γάρ
551 3708 711 3796 σῦγχρονος
725 3712 833 3793 γίνεται
849 3715 908 3773 τοῖν
926 3707 1105 3776 άποστόλοιν.
1149 3708 1215 3777 Εἶτ’
1232 3702 1289 3777 οῦν
1308 3710 1353 3777 δτι
1369 3734 1453 3795 κτερι-

305 3808 398 3876 όντων
420 3810 516 3877 αῦτῶν
538 3810 598 3876 άπδ
623 3814 741 3897 Πέτρου
761 3808 900 3892 λαμβάνει
923 3810 977 3894 τήν
999 3815 1183 3897 χειροθεσίαν
1201 3820 1256 3896 τῆς
1279 3815 1455 3893 ἐπισκοπῆς,

302 3914 353 3977 καί
366 3913 617 3996 παραιτησάμενος
630 3912 710 3998 ἥργει
724 3914 809 3995 (λέγει
823 3911 878 3997 γάρ
891 3915 923 3977 ἐν
938 3921 990 4001 μιᾷ
1003 3922 1062 3979 τοῖν
1076 3917 1238 3981 ἐπιστολιῖν
1250 3913 1354 3992 αῦτοῦ,
1368 3910 1456 3979 'Aw-

303 4020 404 4099 χωρῶ,
426 4011 542 4096 άπειμι,
563 4014 733 4096 ἐνσταθήτοι
752 4009 770 4077 ό
784 4012 854 4090 λαός
867 4022 920 4080 τοῦ
934 4023 1028 4095 θεοῦ,
1049 4018 1108 4081 τισί
1122 4024 1210 4083 τοῦτο
1226 4013 1453 4100 συμβουλεῦον·

303 4116 426 4202 εῦρομεν
444 4112 500 4200 γάρ
524 4118 556 4180 ἐν
576 4138 650 4181 τισιν
669 4114 945 4199 ὑπομνηματισμοῖς
965 4124 1051 4184 τοῦτο
1071 4120 1263 4205 ἐγκείμενον),
1291 4115 1358 4200 ἦτοι
1376 4114 1454 4197 μετά

300 4217 355 4300 τήν
375 4225 435 4282 τῶν
451 4214 621 4282 άποστόλοιν
637 4215 775 4300 διαδοχὴν
793 4216 853 4283 άπδ
873 4218 991 4301 Κλητου
1008 4228 1062 4286 τοῦ
1078 4218 1243 4287 ἐπισκόπου
1258 4210 1344 4292 οῦτος
1359 4220 1454 4282 καθί-

301 4343 416 4397 σταται,
448 4315 485 4383 οά
509 4316 588 4381 πάνυ
609 4326 713 4398 σαφῶς
734 4323 824 4402 ίσμεν.
869 4318 955 4403 Πλὴν
978 4318 1048 4387 άλλά
1070 4325 1121 4388 καί
1144 4320 1239 4395 οῦιας
1256 4316 1388 4401 ἠδύνατο
1408 4319 1458 4387 δτι

333 4458 357 4507 ’2.
375 4458 471 4518 „Deest
494 4455 624 4505 nonnihil“
649 4465 770 4511 annotavit
787 4463 857 4508 Ριλσ-
890 4463 1013 4511 subiuncta
1021 4452 1373 4527 ιτμλῖοσυλμττιισιομάτωσιυ
1381 4474 1458 4523 ςυακι

298 4528 359 4576 υῖαι.
394 4528 456 4575 Mhi!
471 4526 584 4575 desidero.
620 4527 694 4575 Verba
715 4522 775 4579 καθ’
799 4522 858 4576 ἐκά-
890 4532 1043 4581 novissimum
1066 4542 1115 4581 τιτι
1136 4526 1293 4593 munim
1307 4528 1461 4592 immun·

300 4609 360 4658 στηι
385 4598 407 4642 ιλ
429 4606 489 4655 quae
511 4596 636 4655 ιιςνααίυτ
658 4608 700 4656 μιν
725 4599 858 4657 ιμιττριιῖυ
891 4598 944 4647 sint.
