3046 5084
189 343 249 405 572
610 347 731 400 sANch
749 346 917 399 ΕΡΙΡΗᾸΝΙΙ

192 472 252 534 Καί
267 468 342 556 μονὴ
359 467 499 550 ἁψαμένη
517 464 609 532 αύτοῦ
628 464 701 547 ἰτίθη
718 470 770 530 τοῦ
788 466 925 545 αἵματος·
947 463 999 527 καί
1016 460 1098 529 εἶπεν
1113 458 1132 529 ύ
1146 460 1270 547 κύριος,
1295 466 1343 539 Τίς

191 599 248 655 μου
262 571 379 654 ἥψατος
401 573 452 635 καὶ
467 568 564 647 πάλιν,
577 566 700 649 Ἥψατό
717 565 775 650 μού
791 593 843 640 τις.
879 566 938 630 Καί
951 562 1007 649 γὰρ
1021 567 1116 651 ἔγνων
1132 563 1260 649 δύναμιν
1274 568 1342 645 ἐξελ·

190 682 305 741 θοῦσαν
327 671 377 738 τίκτ’
400 676 481 755 ἐμοῦ.

274 779 315 840 ιε’.
347 774 531 857 Ἀναβλέψας
553 777 595 847 εἰς
615 771 667 838 τύν
690 769 818 856 ούρανύν
840 767 994 855 εὐλόγησεν
1015 766 1060 836 ἐπ’
1081 767 1201 848 αύτούς.

275 876 318 954 ις’.
351 880 472 963 Λέμων,
496 885 552 940 Δεῖ
563 872 615 940 τὸν
630 872 696 938 υίδν
709 880 762 939 τοῦ
777 871 943 959 ἀνθρώπου
957 871 1049 938 πολλαί
1062 882 1185 953 παθεῖν,
1207 875 1260 939 καλ
1274 870 1344 941 τίπο-

191 986 372 1063 κτανθῆναι,
395 983 446 1045 καί
468 976 540 1060 μετύ
560 986 637 1062 τρεῖς
659 974 770 1061 ἡμέρας
792 977 958 1061 ἐγερθῆναι.

274 1080 316 1160 ιζ’.
350 1084 408 1145 Καὶ
426 1079 508 1158 ἰδού,
539 1078 593 1144 δύο
613 1077 716 1163 ύνδρες
733 1076 908 1143 συνελάλουν
924 1074 1005 1167 αύτρῖ
1020 1073 1119 1154 Ἠλίας
1140 1079 1190 1143 καί
1209 1084 1344 1161 Μούσης

190 1188 221 1250 ἕν
243 1184 325 1272 δύξη.

275 1285 322 1369 ιη’.
353 1284 403 1349 Ἐκ
419 1292 471 1367 τῆς
486 1285 608 1365 νεφέλης
623 1281 724 1363 φωνὴ,
751 1275 847 1359 Οὗτός
864 1285 942 1348 ἐστιν
957 1280 975 1347 ὁ
990 1279 1057 1357 υίύς
1073 1308 1133 1364 μου
1150 1278 1168 1347 ύ
1183 1279 1342 1367 ύγαιτητύς.

273 1387 324 1452 ιθ’.
356 1386 503 1470 Ἐδεήθην
523 1393 584 1450 τῶν
600 1393 743 1467 μαθητῶν
764 1405 826 1451 σου.
871 1382 942 1467 Εἰχε
960 1385 992 1450 δὲ
1010 1382 1090 1469 παρύ
1109 1382 1159 1463 τύ,
1194 1382 1260 1450 Ούιι
1274 1382 1342 1467 ‚Jov-

190 1489 325 1573 νύθησαν
344 1492 476 1571 ἐκβαλεῖν
495 1486 582 1569 αύτὸ,
607 1489 666 1552 Καὶ
683 1485 758 1572 πρός
776 1486 898 1566 αύτούς,
923 1480 964 1550 Ὦ
981 1485 1063 1573 γενεαί
1078 1485 1218 1565 ύπιστος,
1246 1492 1279 1535 ¹¹
1290 1490 1343 1565 ἕεις

192 1592 330 1674 αἰνίξομαι
351 1590 443 1674 ύμαῖν.

275 1693 309 1761 κ’.
339 1692 372 1757 Ὁ
393 1693 448 1781 γαίρ
471 1692 536 1769 υίδς
559 1698 612 1758 τοῦ
635 1691 803 1779 ἀνθρώπου
825 1694 918 1776 μίλλει
939 1696 1161 1778 παραδίδοσθαι
1183 1694 1229 1771 εἰς
1248 1702 1343 1779 χεῖρας

190 1796 368 1885 ύνθραίπων.

272 1898 326 1965 κα’.
359 1897 436 1965 Ούδὲ
458 1905 544 1965 τοῦτο
564 1896 720 1983 ύνίγνωτε,
751 1903 778 1964 τί
794 1901 914 1981 ἐποίησε
933 1901 1044 1981 Δαβίδ
1078 1901 1217 1981 τίςῆλθιν
1236 1900 1278 1977 τίς
1293 1896 1343 1965 τύν

191 2000 274 2069 οἰκον
295 2009 348 2068 τοῦ
367 2008 451 2067 θεοῦ.

274 2104 329 2188 κβ.
361 2103 533 2187 Εύχαριστῶ
550 2126 611 2181 σοι,
633 2102 715 2188 κύριε
732 2110 785 2170 τοῦ
802 2101 942 2189 ούρανοῦ.
989 2100 1055 2168 Ούιι
1071 2100 1127 2187 εἰχε
1143 2104 1192 2182 δί,
1216 2106 1279 2171 Καὶ
1293 2108 1343 2187 τῆς

190 2216 251 2293 γης,
275 2206 342 2274 ούτε
359 2206 457 2291 Πύτερ
472 2204 553 2289 εἶχεν.
595 2204 753 2291 Έλίμχεται
768 2208 814 2271 δί·
836 2205 916 2271 κύτει
930 2203 987 2291 μύρ
1001 2202 1085 2289 εἶχεν,
1109 2208 1184 2285 Ναί,
1207 2203 1342 2293 ύιτατύρ.

272 2410 326 2498 κγ’.
359 2409 436 2476 Είπε
449 2416 489 2501 τῷ
503 2418 615 2500 νομικῷ
623 2462 631 2490 ,
652 2409 702 2476 Ἐν
716 2419 754 2500 τῷ
766 2410 849 2499 νόμῳ
866 2416 894 2476 τί
906 2413 1080 2497 μέγραπταις
1102 2412 1155 2475 καλ
1168 2409 1344 2497 &maechis

189 2513 258 2597 μετύ
276 2513 329 2597 την
346 2512 504 2602 ύπόκρισιν
519 2521 572 2580 τοῦ
588 2520 714 2596 νομικού
729 2511 825 2593 εἶπεν,
846 2512 965 2599 Ὀρθῶς
986 2510 1122 2590 Ηείπες·
1151 2520 1243 2581 τοῦτο
1258 2520 1343 2595 ποίει,

189 2620 239 2682 καί
261 2616 343 2705 {²5⁶3}-

271 2718 325 2784 κδ’.
357 2722 417 2783 Καί
444 2717 521 2799 εἰπε,
556 2726 606 2796 Τίς
629 2722 659 2797 ἐξ
681 2717 766 2802 ύμαῖν
790 2722 845 2796 ’ἔξει
867 2722 972 2801 φίλον,
1002 2720 1054 2784 καί
1074 2716 1254 2804 πορεύσεται
1271 2720 1345 2807 πρίς

189 2821 279 2888 αύτύν
293 2826 494 2904 μεσονυκτίου,
517 2825 607 2888 αἰτῶν
621 2831 698 2909 τρεῖς
713 2821 835 2906 ύρτουςς
866 2823 927 2886 Καὶ
941 2820 1056 2901 λοιπδν,
1078 2824 1209 2903 Αἰτεῖτε,
1231 2826 1284 2891 ιιαί
1296 2828 1345 2893 δσ-

188 2923 319 3007 θήσειαι.
368 2927 439 2988 Τίνα
458 2923 514 3011 μύρ
534 2927 563 3003 ἐξ
579 2923 665 3009 ύμαῖν
679 2924 731 2990 τύν
747 2926 861 3009 πατέρα
875 2922 942 3000 υίύς
958 2922 1070 3007 αἰτήσει
1085 2923 1192 3009 ἰχθύν,
1213 2928 1267 2993 καί
1280 2924 1345 2995 M

190 3029 296 3111 ἰχθύος
311 3025 382 3107 ὅφιν
399 3026 537 3093 ἐπιδώσει
552 3027 647 3117 αύτῷς
677 3024 780 3110 ἦαίντί
796 3024 859 3091 ωόῦ
875 3031 1033 3110 σκορπίους
1066 3030 1109 3091 Εἰ
1121 3020 1177 3093 οὖν
1190 3026 1278 3113 ύμεῖς
1292 3056 1345 3099 m-

191 3132 276 3215 νηροί
299 3128 381 3204 ὄντες
402 3131 500 3194 οῖδατε
521 3130 636 3214 δόματα
657 3128 774 3215 ύγαθαί,
796 3128 880 3219 πόσῳ
903 3137 1013 3213 μᾶλλον
1033 3126 1051 3195 ύ
1071 3128 1179 3215 πατήρ.

271 3231 321 3297 κε’.
355 3233 573 3318 Περικὲκοπται
594 3232 627 3299 τδ
651 3236 718 3318 περὶ
739 3231 823 3299 Ἰωνᾶ
843 3239 897 3298 τοτῖ
915 3231 1081 3317 προφήτου.
1125 3230 1199 3319 Εἰρε
1215 3234 1289 3323 μείρ,
1311 3232 1349 3303 Ἡ

188 3334 272 3422 γενεαί
287 3333 377 3417 αύτη,
400 3344 520 3418 σημεῖον
534 3334 571 3401 ού
586 3335 747 3419 δοθήσεται
760 3333 845 3425 αύτῇ.
891 3332 957 3400 Ούιι
970 3332 1027 3418 είχε
1046 3336 1122 3403 13δί
1136 3340 1206 3424 πτρλ
1220 3336 1344 3423 Νικευῆ,

191 3442 240 3503 καί
262 3443 429 3521 βασιλίσσης
451 3438 557 3517 νότου,
583 3442 633 3505 καλ
656 3444 843 3522 Σαλομοῖνος.

274 3646 327 3721 κς’.
360 3645 439 3710 'Auri
456 3654 524 3725 τοῦ,
550 3648 739 3732 Παρίρχεσθε
755 3644 809 3729 τήν
823 3649 990 3729 κρίσιντοῦ
1006 3650 1099 3723 θεοῦ,
1131 3640 1206 3729 εἶχε,
1229 3648 1345 3737 Παρίρ-

190 3760 276 3832 χεσθε
298 3749 350 3832 τὴν
372 3757 473 3831 κλῆσιν
494 3757 548 3815 τοῦ
567 3757 652 3815 θεοῦ.

272 3851 323 3930 κζ.
357 3850 433 3917 0ύαί
447 3850 534 3935 ύμῖν,
555 3852 602 3919 ίίτι
613 3856 796 3935 οἰκοδομεῖτε
812 3850 849 3917 ταί
864 3849 1001 3935 μνήματα
1016 3856 1074 3915 ταῖν
1088 3858 1274 3937 προφητεία,
1295 3854 1344 3921 ul

189 3961 219 4021 οῖ
238 3958 361 4040 πατέρες
381 3952 466 4037 ύμαῖν
488 3954 661 4021 ύπίκτειναυ
682 3953 799 4031 αύτούς.

272 4055 328 4139 κη’.
362 4056 426 4124 Ούκ
445 4056 516 4141 εἶχε,
550 4059 609 4125 Διά
630 4066 717 4126 τοῦτο
739 4056 820 4124 εἰπεν
841 4055 862 4141 τί
880 4060 972 4138 σοφία
987 4062 1042 4123 ταῦ
1059 4062 1151 4137 θεοῦ,
1182 4054 1345 4127 'Auum

190 4163 231 4234 εἰς
249 4158 357 4235 αύτούς
374 4164 544 4246 προφήτας·
575 4165 626 4227 καί
642 4164 712 4247 περὶ
728 4165 852 4246 α’ίματος
871 4164 1021 4246 Ζαχαρίου
1037 4163 1089 4227 καί
1095 4158 1187 4245 ’Ἅβελ
1200 4168 1263 4229 τοῖν
1274 4186 1344 4251 qo·

68 4291 177 4346 μιμεε.
191 4271 310 4344 φηταῖν,
333 4262 395 4339 ὅτι,
416 4261 661 4345 Ἐκζητηθήσεται
683 4268 715 4331 ἐκ
737 4272 790 4347 τῆς
811 4270 912 4350 γενεαῖς
932 4260 1050 4346 ταύτης.

271 4365 331 4430 κθ’.
362 4367 449 4451 Λέγω
465 4373 529 4439 ταῖς
546 4371 643 4445 φίλοις
657 4395 731 4449 μου,
754 4367 812 4451 Μὴ
827 4371 983 4451 φοβηθῆτε
999 4364 1060 4433 dud
1077 4374 1138 4433 τῶν
1153 4364 1344 4437 &oumfr-

190 4493 247 4532 του
268 4467 300 4533 τύ
324 4476 425 4551 σῶμα,
456 4470 615 4548 φοβηθῆτε
635 4471 667 4535 δὲ
688 4469 743 4535 τδν
764 4470 835 4555 μετὰ
851 4469 885 4537 τύ
903 4468 1075 4536 ύιτοιιτεῖναι
1090 4472 1195 4555 [zona
1212 4472 1345 4551 ίξαωίι

225 4610 263 4659 ll.
280 4610 347 4671 Infra
363 4612 427 4659 ταλαί
445 4602 494 4666 ίιις
510 4602 579 4659 τότε.
820 4608 859 4661 12.
875 4610 942 4673 ίιιῖεα
957 4616 1023 4665 τελεῖ
1038 4606 1113 4673 τίσεις
1126 4626 1174 4677 με
1190 4608 1271 4675 τίκ.
