3046 5084
384 333 519 386 enuaun
536 335 599 387 cru.
613 336 632 386 r.
650 336 731 388 ron.
747 336 777 388 rr.
795 337 895 388 naeu.
910 337 1033 389 xxxin.
1228 330 1289 393 405

137 465 224 536 nent,
248 455 304 519 alia
322 450 403 518 Mosi
420 452 573 518 tribuenda
592 464 678 534 suut,
702 475 761 519 uon
781 455 896 539 quidem
915 468 1058 541 quatenus
1076 459 1182 544 aliquid
1199 480 1216 522 a
1235 460 1290 523 deo

136 559 213 623 illius
228 558 397 622 interuentu
413 555 562 620 decretum
579 564 636 635 est,
653 556 705 619 sed
720 566 864 640 qnatenus
878 579 931 642 per
945 579 1011 623 sese
1024 581 1058 621 ac
1072 572 1174 646 suapte
1187 573 1290 646 sponte

136 661 274 726 nonnulla
298 657 466 736 constitnit;
496 657 620 720 aliorum
645 658 769 743 denique
794 659 928 721 seniores
954 659 1055 742 quiin
1079 662 1291 746 populoerant

136 775 273 829 auctores
291 763 472 839 extiterunt3
494 781 529 822 ac
545 759 628 844 primi
646 758 687 822 illi
705 760 817 844 prirata
833 760 971 845 quaedam
990 773 1145 847 praecepta
1157 763 1290 827 inserere

136 878 204 930 suut
220 864 296 929 ausi.
343 860 429 945 Quod
446 862 685 946 quemadmodum
703 882 771 926 sese
788 862 893 925 babeat
908 884 948 927 ex
962 864 1033 948 ipsis
1051 865 1208 928 salvatoris
1224 886 1292 929 ver·

137 971 181 1034 bis
198 968 356 1049 intelliges.
403 962 459 1027 Hic
475 964 552 1027 cuim
569 964 690 1047 quodum
707 965 736 1027 iu
753 966 818 1028 loco
836 966 870 1028 ad
890 987 941 1028 eos
957 966 1047 1029 verba
1064 966 1176 1030 inciens
1193 968 1240 1051 qui
1257 968 1291 1030 de

135 1070 247 1153 repudii
263 1067 359 1130 libello
375 1086 474 1130 seeum
491 1064 688 1151 disputabant,
712 1068 788 1152 quod
807 1068 1000 1151 permissione
1015 1069 1089 1152 legis
1106 1069 1223 1146 licebat,
1248 1070 1290 1133 sic

137 1175 203 1237 illos
220 1171 363 1234 allocutus
382 1179 442 1232 este
465 1172 579 1249 Moyses
595 1173 635 1230 ud
649 1174 782 1231 durr'tr'um
799 1174 893 1232 cordis
911 1176 1000 1232 nestri
1008 1176 1140 1251 permeent
1154 1173 1231 1233 cobis
1247 1176 1290 1233 di·
1300 1180 1443 1237 Maturus.

139 1280 250 1337 mittere
264 1293 368 1334 neom
384 1283 501 1332 nestrae.
540 1272 588 1333 Ab
604 1275 685 1335 ibr‘trb
700 1284 792 1334 nutem
808 1275 940 1355 nonfuit
951 1277 1003 1334 sie.
1046 1278 1123 1334 Beue
1138 1279 1220 1348 eniiu,
1247 1275 1291 1337 iu·

139 1376 217 1461 quit,
241 1378 401 1455 courbgriam
418 1376 471 1436 boe
485 1377 642 1455 copulavit,
666 1387 695 1436 et
710 1379 786 1457 quud
799 1379 867 1437 deus
882 1379 1032 1436 coniunxit
1046 1379 1126 1437 bomo
1141 1398 1197 1438 noo
1210 1398 1291 1458 sepu-

136 1492 189 1542 ret.
236 1475 293 1543 Ubi
308 1477 394 1539 aliam
407 1495 474 1539 esse
489 1476 535 1539 tei
552 1476 646 1561 legem
664 1478 808 1555 ostendit,
834 1499 907 1561 quae
924 1499 1047 1540 cruorem
1063 1499 1079 1538 a
1095 1478 1159 1540 viro
1175 1479 1291 1563 seiungi

137 1580 302 1668 probibeat,
333 1579 418 1642 aliam
436 1575 550 1657 Musis,
581 1579 629 1661 qui
649 1578 685 1640 ob
704 1579 840 1643 duritiem
863 1580 960 1642 cordis
979 1600 1032 1664 pur
1050 1579 1119 1642 illud
1137 1581 1290 1644 dissociari

135 1685 293 1771 permittat.
339 1678 373 1744 lu
395 1703 451 1765 quo
469 1677 573 1744 Moses
592 1680 725 1764 quiddam
745 1681 800 1744 deo
819 1680 997 1745 contrarium
1017 1681 1098 1759 tulit,
1129 1682 1156 1746 ei
1177 1684 1290 1746 scilicet

135 1785 261 1851 cantioni
280 1805 336 1869 qna
353 1783 476 1847 dissolri
490 1781 673 1846 matrimonia
692 1795 837 1847 uetuerat.
883 1780 943 1847 Sed
963 1784 986 1846 si
1006 1784 1183 1867 legislatoris
1199 1786 1289 1870 ipsius

135 1901 280 1970 mentem,
311 1909 367 1972 qua
385 1888 420 1950 ad
438 1885 507 1950 illud
524 1883 739 1948 decernendum
756 1884 892 1948 inductus
908 1897 971 1963 est,
1003 1897 1140 1950 accurate
1157 1888 1290 1950 coincide-

136 2012 251 2068 remus‚
275 1989 461 2053 inveniemus
478 1988 578 2073 procul
596 1986 682 2051 dubio
699 2009 757 2049 nou
775 1988 801 2050 id
820 2009 884 2050 eum
902 1999 1006 2072 sponte
1023 2008 1092 2067 sua,
1118 1989 1169 2051 sed
1187 2010 1290 2052 neces·

134 2095 221 2159 sitatc
240 2092 365 2170 iecisse,
396 2112 453 2175 quo
470 2110 570 2153 eorum
589 2089 694 2174 quibus
712 2090 932 2175 praescribebat
949 2072 1137 2152 imbecillitati
1155 2090 1291 2154 consule·

135 2207 191 2261 ret.
238 2192 383 2277 Quicum
408 2193 536 2257 divinum
559 2193 626 2255 illud
651 2194 799 2256 decretum
823 2193 858 2256 dc
882 2193 1042 2256 retinendis
1064 2194 1206 2257 uxoribus
1229 2193 1290 2257 suis

135 2298 263 2363 tolerare
275 2318 333 2360 uon
349 2308 483 2382 possent,
500 2317 535 2358 ac
550 2295 672 2359 moleste
687 2295 801 2380 quidam
817 2316 918 2358 earum
933 2296 1080 2359 consortia
1096 2297 1287 2376 sustinerent,

134 2401 293 2489 periculum
315 2410 348 2462 ut
370 2408 467 2477 esset,
500 2419 536 2462 ne
560 2418 595 2462 ea
617 2419 650 2462 se
673 2398 828 2462 occasione
851 2398 1035 2482 gravioribus
1058 2399 1219 2462 sceleribus
1240 2399 1291 2461 ob-

134 2505 332 2587 stringerent,
363 2501 467 2586 quibus
485 2511 647 2565 extromum
670 2503 698 2565 iu
716 2502 875 2586 perniciem
893 2512 1030 2580 ruerent,
1059 2514 1090 2565 ut
1108 2503 1162 2566 boc
1180 2501 1291 2565 incom-

135 2608 250 2673 modum
269 2604 414 2668 devitaret
431 2601 572 2687 Moyses,
597 2605 672 2690 quod
695 2605 730 2667 ad
749 2603 863 2667 illorum
883 2604 1030 2666 interitum
1051 2605 1218 2689 spectabat,
1243 2625 1290 2668 sc·

135 2709 258 2775 eundum
273 2707 415 2792 quandam
433 2706 545 2792 repudii
562 2707 655 2791 legem
674 2706 787 2792 privata
805 2707 980 2771 auctoritate
995 2708 1157 2786 constituit,
1182 2708 1290 2772 miuus·

135 2834 193 2900 quc
215 2833 254 2875 ex
277 2832 312 2874 ea
335 2809 491 2881 occasione
514 2810 620 2873 malum
639 2831 704 2872 cum
722 2810 832 2873 maiore
850 2811 1066 2896 compensaritq
1103 2823 1134 2874 ut
1150 2810 1175 2873 si
1195 2811 1289 2874 minus

136 2916 263 3004 priorem
284 2913 362 2977 illam
383 2932 504 2977 servare
523 2912 651 2997 possint,
684 2912 758 2976 banc
777 2912 879 2976 saltem
901 2914 1062 2991 retineant,
1097 2935 1190 2998 neque
1208 2935 1240 2977 se
1260 2912 1289 2976 in

136 3017 243 3103 flagitia
261 3016 431 3099 sceleraque
450 3015 648 3093 corrrmittaut,
674 3036 725 3098 per
744 3036 818 3099 quae
839 3017 967 3078 ultimum
987 3016 1109 3080 exitium
1129 3037 1290 3101 cousequa-

136 3133 194 3186 tur.
234 3118 317 3183 Haec
332 3117 410 3182 illius
424 3118 568 3181 ratio'iuit
583 3129 701 3203 propter
716 3140 799 3202 quam
817 3119 994 3182 contrarium
1012 3119 1144 3203 quiddam
1161 3121 1216 3181 deo
1231 3129 1290 3181 stu·

135 3222 226 3287 tuisse
244 3221 386 3285 cernitur.
432 3217 518 3283 Enim
533 3241 606 3285 vcro
624 3221 769 3283 diversam
786 3221 831 3284 bic
846 3244 862 3284 a
877 3221 975 3283 diviua
993 3219 1110 3306 Moysis
1126 3221 1218 3302 legem
1237 3241 1290 3283 eu·

135 3326 248 3404 titisse,
279 3337 363 3389 extra
382 3343 496 3386 omucm
517 3323 750 3387 controversiam
769 3334 829 3404 est3
865 3324 920 3386 etsi
939 3324 966 3386 id
987 3324 1014 3386 iu
1035 3346 1094 3386 uno
1111 3334 1219 3386 tautum
1240 3322 1290 3383 de·

134 3439 217 3493 creto
235 3428 385 3513 probatum
407 3426 456 3490 sit.
502 3424 605 3488 Eidem
626 3447 698 3490 vero
721 3427 778 3511 legi
798 3428 920 3490 traditas
943 3449 960 3489 a
979 3426 1145 3489 senioribus
1164 3424 1289 3508 illigatas

136 3553 202 3597 esse
219 3531 337 3616 regulas
353 3552 412 3594 non
432 3529 557 3593 obscure
572 3529 704 3593 salrator
723 3530 861 3593 ostendit.
906 3535 983 3591 oeus
1000 3533 1088 3602 em’n,
1114 3527 1222 3610 iuquit,
1246 3531 1441 3598 demorentur.

135 3639 196 3710 cit,
227 3639 344 3696 Honore
361 3645 472 3715 putrem
495 3645 590 3707 tuum,
622 3644 650 3694 et
671 3645 787 3696 anubem
809 3647 900 3706 mom,
936 3644 970 3693 nt
987 3633 1055 3693 bene
1072 3638 1111 3691 nt
1130 3632 1190 3692 ubi.
1235 3635 1289 3692 Vos
1298 3603 1321 3641 ‘t
1334 3597 1407 3692 othqc
1420 3598 1441 3652 τ’

134 3750 225 3801 eutem
243 3741 373 3811 debrietas,
399 3736 533 3800 seniores
553 3735 647 3819 iuquit
664 3736 832 3821 alloquens,
857 3741 963 3798 Munus
981 3739 1031 3796 deo
1048 3737 1237 3816 quodcumque
1253 3756 1290 3795 ee

135 3864 179 3904 me
194 3842 249 3903 tibi
257 3843 405 3922 proderit5
429 3851 458 3900 et
471 3843 583 3901 ai‘rr'tum
590 3841 706 3922 suasistis
721 3843 809 3921 legem
826 3844 874 3901 dei
881 3850 1001 3919 propter
1017 3842 1182 3900 traditiones
1198 3841 1289 3899 scoio-

103 4024 115 4045 '
168 4029 193 4083 t.
209 4032 245 4082 lto
257 4031 330 4079 edidit
340 4030 634 4080 Petentnselcouctorttote
643 4031 696 4080 cod.
727 4045 793 4088 τινες
810 4033 859 4078 cett.
895 4029 1024 4078 Cornontn
1041 4031 1124 4078 uertit:
1150 4042 1211 4094 quae
1235 4042 1290 4075 eum

135 4100 211 4150 tutta
246 4099 375 4148 comunes
391 4097 498 4147 diderul
514 4096 620 4156 δείκνυς.
728 4095 788 4164 ipsis
807 4095 938 4144 iniucunda
955 4095 1107 4146 babitabant.

167 4169 193 4219 u.
209 4160 260 4219 det
272 4159 364 4248 ἀνδρὸς
378 4165 446 4214 codd.
457 4167 530 4215 lotio.
543 4167 618 4215 leuet.
640 4167 696 4215 l'ut·
767 4165 804 4214 ll.
821 4166 878 4214 God.
889 4166 964 4215 Venit.
975 4166 1066 4232 μωσῆς
1075 4159 1108 4219 δι’
1119 4155 1148 4218 od
1159 4159 1202 4216 καὶ
1212 4157 1288 4217 ciuil-

136 4250 167 4300 po
183 4226 234 4288 dud
252 4233 297 4286 τοῦ
315 4229 412 4298 nibede.
729 4233 826 4285 tecam.

168 4301 193 4354 9.
210 4297 336 4367 ποιήσας,
361 4302 423 4364 quod
440 4303 587 4351 moueatur
602 4305 627 4351 tn
642 4303 697 4351 edit.
766 4302 804 4352 1⁴2.
825 4303 881 4352 cod.
900 4305 975 4354 tenet.
991 4300 1136 4370 φυλάσσειν.

132 4375 211 4438 petua
219 4407 228 4435 ,
253 4373 364 4422 ruamus
379 4373 485 4433 primum
500 4371 587 4420 odteor't
602 4383 632 4419 ce
645 4370 697 4420 cod.
767 4368 804 4421 13.
824 4372 880 4421 Cod.
897 4374 971 4421 tenet.
989 4387 1035 4421 om.
1054 4367 1178 4434 εἰρήκατε.

136 4443 211 4492 Vetto.
769 4435 806 4490 14.
825 4440 880 4490 God.
898 4442 972 4490 Vrnct.
988 4434 1133 4506 παράδυσιν
1150 4435 1221 4506 ὑμῶν
1238 4441 1288 4493 τῶν

171 4508 210 4559 10.
227 4502 268 4567 αἷς
283 4509 414 4559 emendatio
427 4511 460 4557 cst
472 4507 578 4567 Pcteutt,
594 4519 666 4570 quom
681 4520 697 4556 e
729 4505 911 4576 πρεσβυτέρων.

135 4577 248 4629 warato
260 4582 377 4640 receptum
389 4577 465 4628 uideo.
501 4577 575 4639 Votqo
591 4579 654 4626 estat
670 4572 701 4627 αἴ
