<?xml version="1.0" encoding="UTF-8"?>
<!DOCTYPE html PUBLIC "-//W3C//DTD XHTML 1.0 Transitional//EN"
    "http://www.w3.org/TR/xhtml1/DTD/xhtml1-transitional.dtd">
<html xmlns="http://www.w3.org/1999/xhtml" xml:lang="en" lang="en">
 <head>
  <title>
</title>
<meta http-equiv="Content-Type" content="text/html;charset=utf-8" />
  <meta name='ocr-system' content='tesseract 3.04.00' />
  <meta name='ocr-capabilities' content='ocr_page ocr_carea ocr_par ocr_line ocrx_word'/>
</head>
<body>
  <div class='ocr_page' id='page_1' title='image "./corporishaerese01unkngoog_0265.png"; bbox 0 0 3046 5084; ppageno 0'>
   <div class='ocr_carea' id='block_1_1' title="bbox 288 337 1013 397">
    <p class='ocr_par' dir='ltr' id='par_1_1' title="bbox 288 337 1013 397">
     <span class='ocr_line' id='line_1_1' title="bbox 288 337 1013 397; baseline -0.01 0"><span class='ocrx_word' id='word_1_1' title='bbox 288 337 349 397; x_wconf 74' lang='lat'><strong><em>260</em></strong></span> <span class='ocrx_word' id='word_1_2' title='bbox 703 342 824 395; x_wconf 69' lang='lat' dir='ltr'><strong>sANcw</strong></span> <span class='ocrx_word' id='word_1_3' title='bbox 844 341 1013 392; x_wconf 70' lang='lat' dir='ltr'>EPIPHANH</span> 
     </span>
    </p>
   </div>
   <div class='ocr_carea' id='block_1_2' title="bbox 24 453 1451 4415">
    <p class='ocr_par' dir='ltr' id='par_1_2' title="bbox 169 453 1446 1357">
     <span class='ocr_line' id='line_1_2' title="bbox 290 453 1446 545; baseline -0.002 -19"><span class='ocrx_word' id='word_1_4' title='bbox 290 460 401 545; x_wconf 70' lang='grc' dir='ltr'><strong><em>ω’ςῆδη</em></strong></span> <span class='ocrx_word' id='word_1_5' title='bbox 413 469 566 543; x_wconf 76' lang='grc' dir='ltr'><strong><em>προεῖπον,</em></strong></span> <span class='ocrx_word' id='word_1_6' title='bbox 584 457 748 540; x_wconf 81' lang='grc' dir='ltr'><strong><em>άξιάματος</em></strong></span> <span class='ocrx_word' id='word_1_7' title='bbox 761 459 795 522; x_wconf 89' lang='grc' dir='ltr'><strong><em>έν</em></strong></span> <span class='ocrx_word' id='word_1_8' title='bbox 807 482 843 545; x_wconf 85' lang='grc' dir='ltr'><strong><em>τη</em></strong></span> <span class='ocrx_word' id='word_1_9' title='bbox 859 453 951 521; x_wconf 87' lang='grc' dir='ltr'><strong><em>αῦτοῦ</em></strong></span> <span class='ocrx_word' id='word_1_10' title='bbox 963 460 1103 543; x_wconf 74' lang='grc' dir='ltr'><strong><em>βασιλείᾳ.</em></strong></span> <span class='ocrx_word' id='word_1_11' title='bbox 1141 453 1267 539; x_wconf 84' lang='grc' dir='ltr'><strong><em>Κάμητα</em></strong></span> <span class='ocrx_word' id='word_1_12' title='bbox 1278 455 1334 542; x_wconf 84' lang='grc' dir='ltr'><strong><em>γάρ</em></strong></span> <span class='ocrx_word' id='word_1_13' title='bbox 1348 455 1446 524; x_wconf 84' lang='grc' dir='ltr'><strong><em>αῦτδν</em></strong></span> 
     </span>
     <span class='ocr_line' id='line_1_3' title="bbox 169 553 1445 648; baseline -0.003 -19"><span class='ocrx_word' id='word_1_14' title='bbox 169 591 219 637; x_wconf 71' lang='lat'>1¹⁸3·</span> <span class='ocrx_word' id='word_1_15' title='bbox 232 578 276 621; x_wconf 76' lang='lat'>¹³⁶·</span> <span class='ocrx_word' id='word_1_16' title='bbox 289 565 460 643; x_wconf 83' lang='grc' dir='ltr'><strong><em>κατέστησε,</em></strong></span> <span class='ocrx_word' id='word_1_17' title='bbox 482 560 582 644; x_wconf 76' lang='grc' dir='ltr'><strong><em>φήσας</em></strong></span> <span class='ocrx_word' id='word_1_18' title='bbox 598 558 678 648; x_wconf 79' lang='grc' dir='ltr'><strong><em>αῦτρῖ</em></strong></span> <span class='ocrx_word' id='word_1_19' title='bbox 693 562 784 623; x_wconf 83' lang='grc' dir='ltr'><strong><em>αἰτεῖν</em></strong></span> <span class='ocrx_word' id='word_1_20' title='bbox 802 557 891 623; x_wconf 88' lang='grc' dir='ltr'><strong><em>πάλιν</em></strong></span> <span class='ocrx_word' id='word_1_21' title='bbox 909 556 926 623; x_wconf 83' lang='grc' dir='ltr'><strong><em>δ</em></strong></span> <span class='ocrx_word' id='word_1_22' title='bbox 945 556 1093 639; x_wconf 80' lang='grc' dir='ltr'><strong><em>βούλεται·</em></strong></span> <span class='ocrx_word' id='word_1_23' title='bbox 1111 553 1129 622; x_wconf 83' lang='grc' dir='ltr'><strong><em>ά</em></strong></span> <span class='ocrx_word' id='word_1_24' title='bbox 1147 559 1179 622; x_wconf 86' lang='grc' dir='ltr'><strong><em>δέ</em></strong></span> <span class='ocrx_word' id='word_1_25' title='bbox 1196 555 1284 623; x_wconf 85' lang='grc' dir='ltr'><strong><em>οῦδέν</em></strong></span> <span class='ocrx_word' id='word_1_26' title='bbox 1301 557 1445 648; x_wconf 73' lang='grc' dir='ltr'><strong><em>ᾐτήσατο,</em></strong></span> 
     </span>
     <span class='ocr_line' id='line_1_4' title="bbox 291 657 1445 748; baseline -0.003 -18"><span class='ocrx_word' id='word_1_27' title='bbox 291 664 368 748; x_wconf 72' lang='grc' dir='ltr'><strong><em>πλὴν</em></strong></span> <span class='ocrx_word' id='word_1_28' title='bbox 384 669 469 728; x_wconf 77' lang='grc' dir='ltr'><strong><em>τοῦτο</em></strong></span> <span class='ocrx_word' id='word_1_29' title='bbox 486 665 622 747; x_wconf 87' lang='grc' dir='ltr'><strong><em>μέγιστον</em></strong></span> <span class='ocrx_word' id='word_1_30' title='bbox 638 660 765 745; x_wconf 76' lang='grc' dir='ltr'><strong><em>χάρισμα</em></strong></span> <span class='ocrx_word' id='word_1_31' title='bbox 778 670 875 743; x_wconf 82' lang='grc' dir='ltr'><strong><em>τυχεῖν</em></strong></span> <span class='ocrx_word' id='word_1_32' title='bbox 891 657 973 743; x_wconf 84' lang='grc' dir='ltr'><strong><em>παρά</em></strong></span> <span class='ocrx_word' id='word_1_33' title='bbox 988 665 1042 724; x_wconf 88' lang='grc' dir='ltr'><strong><em>τοῦ</em></strong></span> <span class='ocrx_word' id='word_1_34' title='bbox 1057 661 1209 743; x_wconf 88' lang='grc' dir='ltr'><strong><em>βασιλέως,</em></strong></span> <span class='ocrx_word' id='word_1_35' title='bbox 1230 659 1263 726; x_wconf 81' lang='grc' dir='ltr'><strong><em>τά</em></strong></span> <span class='ocrx_word' id='word_1_36' title='bbox 1279 663 1445 746; x_wconf 73' lang='grc' dir='ltr'><strong><em>ἐπιτραπῆ-</em></strong></span> 
     </span>
     <span class='ocr_line' id='line_1_5' title="bbox 291 763 1445 849; baseline -0.002 -18"><span class='ocrx_word' id='word_1_37' title='bbox 291 794 339 831; x_wconf 92' lang='grc' dir='ltr'><strong><em>ναι</em></strong></span> <span class='ocrx_word' id='word_1_38' title='bbox 357 767 407 830; x_wconf 82' lang='grc' dir='ltr'><strong><em>καί</em></strong></span> <span class='ocrx_word' id='word_1_39' title='bbox 426 763 476 828; x_wconf 88' lang='grc' dir='ltr'><strong><em>διά</em></strong></span> <span class='ocrx_word' id='word_1_40' title='bbox 492 763 715 849; x_wconf 87' lang='grc' dir='ltr'><strong><em>προςτάγματος</em></strong></span> <span class='ocrx_word' id='word_1_41' title='bbox 729 766 883 844; x_wconf 81' lang='grc' dir='ltr'><strong><em>βασιλικοῦ</em></strong></span> <span class='ocrx_word' id='word_1_42' title='bbox 896 764 1089 843; x_wconf 81' lang='grc' dir='ltr'><strong><em>οἰκοδομῆσαι</em></strong></span> <span class='ocrx_word' id='word_1_43' title='bbox 1107 767 1225 849; x_wconf 78' lang='grc' dir='ltr'><strong><em>Χριστῷ</em></strong></span> <span class='ocrx_word' id='word_1_44' title='bbox 1239 764 1393 846; x_wconf 76' lang='grc' dir='ltr'><strong><em>ἐκκλησίας</em></strong></span> <span class='ocrx_word' id='word_1_45' title='bbox 1409 767 1445 829; x_wconf 83' lang='grc' dir='ltr'><strong><em>ἐν</em></strong></span> 
     </span>
     <span class='ocr_line' id='line_1_6' title="bbox 290 860 1446 947; baseline -0.003 -14"><span class='ocrx_word' id='word_1_46' title='bbox 290 878 354 943; x_wconf 90' lang='grc' dir='ltr'><strong><em>ταῖς</em></strong></span> <span class='ocrx_word' id='word_1_47' title='bbox 374 865 475 931; x_wconf 87' lang='grc' dir='ltr'><strong><em>πόλεσι</em></strong></span> <span class='ocrx_word' id='word_1_48' title='bbox 494 868 546 930; x_wconf 83' lang='grc' dir='ltr'><strong><em>καί</em></strong></span> <span class='ocrx_word' id='word_1_49' title='bbox 566 864 681 947; x_wconf 81' lang='grc' dir='ltr'><strong><em>κοίμαις</em></strong></span> <span class='ocrx_word' id='word_1_50' title='bbox 700 870 760 928; x_wconf 79' lang='grc' dir='ltr'><strong><em>ταῖν</em></strong></span> <span class='ocrx_word' id='word_1_51' title='bbox 775 861 941 928; x_wconf 88' lang='grc' dir='ltr'><strong><em>Ἰουδαίων.</em></strong></span> <span class='ocrx_word' id='word_1_52' title='bbox 974 860 1076 928; x_wconf 81' lang='grc' dir='ltr'><strong><em>Ἔνθα</em></strong></span> <span class='ocrx_word' id='word_1_53' title='bbox 1092 889 1137 939; x_wconf 91' lang='grc' dir='ltr'><strong><em>τις</em></strong></span> <span class='ocrx_word' id='word_1_54' title='bbox 1152 861 1223 929; x_wconf 87' lang='grc' dir='ltr'><strong><em>ου’δέ</em></strong></span> <span class='ocrx_word' id='word_1_55' title='bbox 1239 890 1311 929; x_wconf 86' lang='grc' dir='ltr'><strong><em>ποτε</em></strong></span> <span class='ocrx_word' id='word_1_56' title='bbox 1327 868 1446 946; x_wconf 78' lang='grc' dir='ltr'><strong><em>ἴσχυσεν</em></strong></span> 
     </span>
     <span class='ocr_line' id='line_1_7' title="bbox 290 963 1445 1052; baseline -0.005 -13"><span class='ocrx_word' id='word_1_57' title='bbox 290 975 487 1052; x_wconf 81' lang='grc' dir='ltr'><strong><em>οίκοδομῆσαι</em></strong></span> <span class='ocrx_word' id='word_1_58' title='bbox 506 970 673 1048; x_wconf 79' lang='grc' dir='ltr'><strong><em>ἐκκλησίας,</em></strong></span> <span class='ocrx_word' id='word_1_59' title='bbox 695 964 746 1031; x_wconf 85' lang='grc' dir='ltr'><strong><em>διά</em></strong></span> <span class='ocrx_word' id='word_1_60' title='bbox 760 963 793 1030; x_wconf 82' lang='grc' dir='ltr'><strong><em>τά</em></strong></span> <span class='ocrx_word' id='word_1_61' title='bbox 812 963 1037 1047; x_wconf 80' lang='grc' dir='ltr'><strong><em>μητεἝλληνα,</em></strong></span> <span class='ocrx_word' id='word_1_62' title='bbox 1059 963 1131 1048; x_wconf 79' lang='grc' dir='ltr'><strong><em>μήτε</em></strong></span> <span class='ocrx_word' id='word_1_63' title='bbox 1145 970 1346 1050; x_wconf 82' lang='grc' dir='ltr'><strong><em>Σαμαρείτην,</em></strong></span> <span class='ocrx_word' id='word_1_64' title='bbox 1368 966 1445 1051; x_wconf 77' lang='grc' dir='ltr'><strong><em>μήτε</em></strong></span> 
     </span>
     <span class='ocr_line' id='line_1_8' title="bbox 293 1064 1444 1156; baseline -0.002 -18"><span class='ocrx_word' id='word_1_65' title='bbox 293 1069 472 1156; x_wconf 84' lang='grc' dir='ltr'><strong><em>Χριστιανδν</em></strong></span> <span class='ocrx_word' id='word_1_66' title='bbox 485 1071 575 1151; x_wconf 89' lang='grc' dir='ltr'><strong><em>μέσον</em></strong></span> <span class='ocrx_word' id='word_1_67' title='bbox 589 1065 688 1133; x_wconf 82' lang='grc' dir='ltr'><strong><em>αῦτῦν</em></strong></span> <span class='ocrx_word' id='word_1_68' title='bbox 702 1064 784 1132; x_wconf 86' lang='grc' dir='ltr'><strong><em>είναι.</em></strong></span> <span class='ocrx_word' id='word_1_69' title='bbox 832 1073 927 1132; x_wconf 89' lang='grc' dir='ltr'><strong><em>Τοῦτο</em></strong></span> <span class='ocrx_word' id='word_1_70' title='bbox 943 1067 975 1130; x_wconf 82' lang='grc' dir='ltr'><strong><em>δέ</em></strong></span> <span class='ocrx_word' id='word_1_71' title='bbox 990 1065 1111 1149; x_wconf 90' lang='grc' dir='ltr'><strong><em>μάλιστα</em></strong></span> <span class='ocrx_word' id='word_1_72' title='bbox 1129 1069 1161 1132; x_wconf 95' lang='grc' dir='ltr'><strong><em>ἐν</em></strong></span> <span class='ocrx_word' id='word_1_73' title='bbox 1180 1068 1331 1153; x_wconf 75' lang='grc' dir='ltr'><strong><em>Τιβεριάδι</em></strong></span> <span class='ocrx_word' id='word_1_74' title='bbox 1344 1072 1396 1135; x_wconf 80' lang='grc' dir='ltr'><strong><em>καὶ</em></strong></span> <span class='ocrx_word' id='word_1_75' title='bbox 1409 1072 1444 1136; x_wconf 93' lang='grc' dir='ltr'><strong><em>ἐν</em></strong></span> 
     </span>
     <span class='ocr_line' id='line_1_9' title="bbox 290 1169 1443 1258; baseline -0.002 -19"><span class='ocrx_word' id='word_1_76' title='bbox 290 1175 513 1258; x_wconf 83' lang='grc' dir='ltr'><strong><em>Διοκαισαρείμ,</em></strong></span> <span class='ocrx_word' id='word_1_77' title='bbox 535 1176 571 1258; x_wconf 75' lang='grc' dir='ltr'><strong><em>τῇ</em></strong></span> <span class='ocrx_word' id='word_1_78' title='bbox 584 1172 636 1234; x_wconf 88' lang='grc' dir='ltr'><strong><em>καί</em></strong></span> <span class='ocrx_word' id='word_1_79' title='bbox 650 1170 837 1252; x_wconf 86' lang='grc' dir='ltr'><strong><em>Σεπφουρίν,</em></strong></span> <span class='ocrx_word' id='word_1_80' title='bbox 858 1170 910 1233; x_wconf 83' lang='grc' dir='ltr'><strong><em>καί</em></strong></span> <span class='ocrx_word' id='word_1_81' title='bbox 924 1170 956 1232; x_wconf 92' lang='grc' dir='ltr'><strong><em>ἐν</em></strong></span> <span class='ocrx_word' id='word_1_82' title='bbox 971 1169 1104 1252; x_wconf 84' lang='grc' dir='ltr'><strong><em>Ναζαρέτ</em></strong></span> <span class='ocrx_word' id='word_1_83' title='bbox 1118 1171 1169 1234; x_wconf 85' lang='grc' dir='ltr'><strong><em>καὶ</em></strong></span> <span class='ocrx_word' id='word_1_84' title='bbox 1184 1172 1216 1235; x_wconf 91' lang='grc' dir='ltr'><strong><em>ἐν</em></strong></span> <span class='ocrx_word' id='word_1_85' title='bbox 1231 1171 1443 1257; x_wconf 87' lang='grc' dir='ltr'><strong><em>Καφαρναοῦμ</em></strong></span> 
     </span>
     <span class='ocr_line' id='line_1_10' title="bbox 291 1265 1302 1357; baseline -0.005 -16"><span class='ocrx_word' id='word_1_86' title='bbox 291 1273 468 1357; x_wconf 74' lang='grc' dir='ltr'><strong><em>φυλάσσεται</em></strong></span> <span class='ocrx_word' id='word_1_87' title='bbox 489 1269 558 1356; x_wconf 87' lang='grc' dir='ltr'><strong><em>παρ’</em></strong></span> <span class='ocrx_word' id='word_1_88' title='bbox 580 1268 680 1345; x_wconf 75' lang='grc' dir='ltr'><strong><em>αὐτοῖς</em></strong></span> <span class='ocrx_word' id='word_1_89' title='bbox 703 1275 781 1334; x_wconf 76' lang='grc' dir='ltr'><strong><em>7τοῦ</em></strong></span> <span class='ocrx_word' id='word_1_90' title='bbox 803 1268 844 1351; x_wconf 78' lang='grc' dir='ltr'><strong><em>μη</em></strong></span> <span class='ocrx_word' id='word_1_91' title='bbox 866 1265 941 1334; x_wconf 85' lang='grc' dir='ltr'><strong><em>είναί</em></strong></span> <span class='ocrx_word' id='word_1_92' title='bbox 964 1275 1053 1334; x_wconf 67' lang='grc' dir='ltr'><strong><em>8τινα</em></strong></span> <span class='ocrx_word' id='word_1_93' title='bbox 1074 1268 1162 1336; x_wconf 86' lang='grc' dir='ltr'><strong><em>άλλου</em></strong></span> <span class='ocrx_word' id='word_1_94' title='bbox 1184 1272 1302 1347; x_wconf 85' lang='grc' dir='ltr'><strong><em>έθνους.</em></strong></span> 
     </span>
    </p>

    <p class='ocr_par' dir='ltr' id='par_1_3' title="bbox 24 1366 1449 3500">
     <span class='ocr_line' id='line_1_11' title="bbox 24 1366 1443 1456; baseline 0.001 -16"><span class='ocrx_word' id='word_1_95' title='bbox 24 1366 31 1380; x_wconf 76' lang='grc'><strong><em>’</em></strong></span> <span class='ocrx_word' id='word_1_96' title='bbox 155 1376 221 1440; x_wconf 65' lang='grc' dir='ltr'><strong><em>Κεφ·</em></strong></span> <span class='ocrx_word' id='word_1_97' title='bbox 239 1368 280 1443; x_wconf 63' lang='grc' dir='ltr'><strong><em>ιβ’·</em></strong></span> <span class='ocrx_word' id='word_1_98' title='bbox 375 1371 490 1455; x_wconf 77' lang='grc' dir='ltr'><strong><em>Λαβάν</em></strong></span> <span class='ocrx_word' id='word_1_99' title='bbox 510 1373 543 1436; x_wconf 83' lang='grc' dir='ltr'><strong><em>δέ</em></strong></span> <span class='ocrx_word' id='word_1_100' title='bbox 564 1369 583 1437; x_wconf 84' lang='lat' dir='ltr'><strong><em>o‘</em></strong></span> <span class='ocrx_word' id='word_1_101' title='bbox 602 1370 751 1454; x_wconf 86' lang='grc' dir='ltr'><strong><em>Ἰάσηπος</em></strong></span> <span class='ocrx_word' id='word_1_102' title='bbox 771 1369 807 1435; x_wconf 87' lang='grc' dir='ltr'><strong><em>τά</em></strong></span> <span class='ocrx_word' id='word_1_103' title='bbox 829 1369 983 1456; x_wconf 89' lang='grc' dir='ltr'><strong><em>γράμματα</em></strong></span> <span class='ocrx_word' id='word_1_104' title='bbox 1003 1373 1055 1437; x_wconf 83' lang='grc' dir='ltr'><strong><em>καὶ</em></strong></span> <span class='ocrx_word' id='word_1_105' title='bbox 1075 1369 1129 1454; x_wconf 76' lang='grc' dir='ltr'><strong><em>τὴν</em></strong></span> <span class='ocrx_word' id='word_1_106' title='bbox 1148 1374 1281 1449; x_wconf 76' lang='grc' dir='ltr'><strong><em>ἐξουσίαν</em></strong></span> <span class='ocrx_word' id='word_1_107' title='bbox 1299 1373 1371 1456; x_wconf 84' lang='grc' dir='ltr'><strong><em>μετά</em></strong></span> <span class='ocrx_word' id='word_1_108' title='bbox 1388 1382 1443 1442; x_wconf 89' lang='grc' dir='ltr'><strong><em>τοῦ</em></strong></span> 
     </span>
     <span class='ocr_line' id='line_1_12' title="bbox 290 1465 1443 1559; baseline -0.001 -15"><span class='ocrx_word' id='word_1_109' title='bbox 290 1476 456 1559; x_wconf 83' lang='grc' dir='ltr'><strong><em>άξιάματος</em></strong></span> <span class='ocrx_word' id='word_1_110' title='bbox 470 1477 520 1539; x_wconf 86' lang='grc' dir='ltr'><strong><em>ἐπί</em></strong></span> <span class='ocrx_word' id='word_1_111' title='bbox 535 1472 589 1556; x_wconf 75' lang='grc' dir='ltr'><strong><em>τήν</em></strong></span> <span class='ocrx_word' id='word_1_112' title='bbox 609 1472 768 1558; x_wconf 75' lang='grc' dir='ltr'><strong><em>Τιβεριάδα</em></strong></span> <span class='ocrx_word' id='word_1_113' title='bbox 782 1465 868 1555; x_wconf 76' lang='grc' dir='ltr'><strong><em>ἧκεν,</em></strong></span> <span class='ocrx_word' id='word_1_114' title='bbox 891 1474 964 1554; x_wconf 84' lang='grc' dir='ltr'><strong><em>έχων</em></strong></span> <span class='ocrx_word' id='word_1_115' title='bbox 978 1475 1028 1537; x_wconf 86' lang='grc' dir='ltr'><strong><em>καί</em></strong></span> <span class='ocrx_word' id='word_1_116' title='bbox 1043 1471 1195 1550; x_wconf 73' lang='grc' dir='ltr'><strong><em>ἐπιστολαῖς</em></strong></span> <span class='ocrx_word' id='word_1_117' title='bbox 1209 1472 1269 1540; x_wconf 86' lang='grc' dir='ltr'><strong><em>άπῦ</em></strong></span> <span class='ocrx_word' id='word_1_118' title='bbox 1285 1483 1345 1541; x_wconf 76' lang='grc' dir='ltr'><strong><em>τοῖν</em></strong></span> <span class='ocrx_word' id='word_1_119' title='bbox 1360 1481 1443 1559; x_wconf 74' lang='grc' dir='ltr'><strong><em>βασι·</em></strong></span> 
     </span>
     <span class='ocr_line' id='line_1_13' title="bbox 290 1571 1443 1663; baseline -0.002 -18"><span class='ocrx_word' id='word_1_120' title='bbox 290 1586 381 1645; x_wconf 82' lang='grc' dir='ltr'><strong><em>λικιῦν</em></strong></span> <span class='ocrx_word' id='word_1_121' title='bbox 395 1575 576 1655; x_wconf 87' lang='grc' dir='ltr'><strong><em>άναλίσκειν,</em></strong></span> <span class='ocrx_word' id='word_1_122' title='bbox 598 1573 669 1640; x_wconf 86' lang='grc' dir='ltr'><strong><em>άλλά</em></strong></span> <span class='ocrx_word' id='word_1_123' title='bbox 682 1576 734 1640; x_wconf 86' lang='grc' dir='ltr'><strong><em>καί</em></strong></span> <span class='ocrx_word' id='word_1_124' title='bbox 749 1572 837 1650; x_wconf 84' lang='grc' dir='ltr'><strong><em>αῦτδς</em></strong></span> <span class='ocrx_word' id='word_1_125' title='bbox 853 1571 998 1655; x_wconf 78' lang='grc' dir='ltr'><strong><em>ὀψωνίοις</em></strong></span> <span class='ocrx_word' id='word_1_126' title='bbox 1014 1574 1095 1658; x_wconf 87' lang='grc' dir='ltr'><strong><em>παρά</em></strong></span> <span class='ocrx_word' id='word_1_127' title='bbox 1108 1582 1161 1641; x_wconf 91' lang='grc' dir='ltr'><strong><em>τοῦ</em></strong></span> <span class='ocrx_word' id='word_1_128' title='bbox 1175 1578 1315 1658; x_wconf 89' lang='grc' dir='ltr'><strong><em>βασιλέως</em></strong></span> <span class='ocrx_word' id='word_1_129' title='bbox 1330 1604 1443 1663; x_wconf 74' lang='grc' dir='ltr'><strong><em>τετιμη·</em></strong></span> 
     </span>
     <span class='ocr_line' id='line_1_14' title="bbox 291 1674 1444 1772; baseline 0.001 -27"><span class='ocrx_word' id='word_1_130' title='bbox 291 1683 386 1764; x_wconf 89' lang='grc' dir='ltr'><strong><em>μένος.</em></strong></span> <span class='ocrx_word' id='word_1_131' title='bbox 420 1677 556 1762; x_wconf 77' lang='grc' dir='ltr'><strong><em>’Ἅρχεται</em></strong></span> <span class='ocrx_word' id='word_1_132' title='bbox 576 1684 649 1765; x_wconf 87' lang='grc' dir='ltr'><strong><em>γοῦν</em></strong></span> <span class='ocrx_word' id='word_1_133' title='bbox 668 1680 700 1742; x_wconf 83' lang='grc' dir='ltr'><strong><em>έν</em></strong></span> <span class='ocrx_word' id='word_1_134' title='bbox 721 1674 872 1762; x_wconf 76' lang='grc' dir='ltr'><strong><em>Τιβεριάδι</em></strong></span> <span class='ocrx_word' id='word_1_135' title='bbox 892 1681 1004 1752; x_wconf 81' lang='grc' dir='ltr'><strong><em>κτίζειν.</em></strong></span> <span class='ocrx_word' id='word_1_136' title='bbox 1049 1675 1134 1752; x_wconf 85' lang='grc' dir='ltr'><strong><em>Ναδς</em></strong></span> <span class='ocrx_word' id='word_1_137' title='bbox 1155 1677 1187 1741; x_wconf 85' lang='grc' dir='ltr'><strong><em>δέ</em></strong></span> <span class='ocrx_word' id='word_1_138' title='bbox 1207 1681 1340 1763; x_wconf 85' lang='grc' dir='ltr'><strong><em>μέγιστος</em></strong></span> <span class='ocrx_word' id='word_1_139' title='bbox 1357 1683 1391 1747; x_wconf 89' lang='grc' dir='ltr'><strong><em>ἐν</em></strong></span> <span class='ocrx_word' id='word_1_140' title='bbox 1407 1690 1444 1772; x_wconf 74' lang='grc' dir='ltr'><strong><em>τῇ</em></strong></span> 
     </span>
     <span class='ocr_line' id='line_1_15' title="bbox 290 1775 1445 1865; baseline 0.001 -17"><span class='ocrx_word' id='word_1_141' title='bbox 290 1781 373 1848; x_wconf 85' lang='grc' dir='ltr'><strong><em>πόλει</em></strong></span> <span class='ocrx_word' id='word_1_142' title='bbox 393 1787 582 1865; x_wconf 77' lang='grc' dir='ltr'><strong><em>προϋπῆρχε,</em></strong></span> <span class='ocrx_word' id='word_1_143' title='bbox 611 1778 685 1861; x_wconf 90' lang='grc' dir='ltr'><strong><em>τάχα</em></strong></span> <span class='ocrx_word' id='word_1_144' title='bbox 702 1775 786 1862; x_wconf 77' lang='grc' dir='ltr'><strong><em>οἶμαι</em></strong></span> <span class='ocrx_word' id='word_1_145' title='bbox 804 1775 1005 1864; x_wconf 81' lang='grc' dir='ltr'><strong><em>ιἈδριάνειον</em></strong></span> <span class='ocrx_word' id='word_1_146' title='bbox 1018 1785 1107 1844; x_wconf 91' lang='grc' dir='ltr'><strong><em>τοῦτο</em></strong></span> <span class='ocrx_word' id='word_1_147' title='bbox 1126 1778 1265 1844; x_wconf 85' lang='grc' dir='ltr'><strong><em>ἐκάλουν·</em></strong></span> <span class='ocrx_word' id='word_1_148' title='bbox 1295 1777 1393 1859; x_wconf 80' lang='grc' dir='ltr'><strong><em>άτελές</em></strong></span> <span class='ocrx_word' id='word_1_149' title='bbox 1412 1784 1445 1849; x_wconf 77' lang='grc' dir='ltr'><strong><em>δέ</em></strong></span> 
     </span>
     <span class='ocr_line' id='line_1_16' title="bbox 290 1878 1446 1969; baseline 0.003 -22"><span class='ocrx_word' id='word_1_150' title='bbox 290 1890 377 1948; x_wconf 88' lang='grc' dir='ltr'><strong><em>τοῦτο</em></strong></span> <span class='ocrx_word' id='word_1_151' title='bbox 399 1881 432 1945; x_wconf 83' lang='grc' dir='ltr'><strong><em>τά</em></strong></span> <span class='ocrx_word' id='word_1_152' title='bbox 452 1878 634 1964; x_wconf 86' lang='grc' dir='ltr'><strong><em>Ἀδριάνειον</em></strong></span> <span class='ocrx_word' id='word_1_153' title='bbox 655 1882 793 1963; x_wconf 78' lang='grc' dir='ltr'><strong><em>διαμένον</em></strong></span> <span class='ocrx_word' id='word_1_154' title='bbox 812 1878 886 1962; x_wconf 86' lang='grc' dir='ltr'><strong><em>τάχα</em></strong></span> <span class='ocrx_word' id='word_1_155' title='bbox 904 1882 937 1944; x_wconf 88' lang='grc' dir='ltr'><strong><em>οί</em></strong></span> <span class='ocrx_word' id='word_1_156' title='bbox 955 1888 1072 1945; x_wconf 86' lang='grc' dir='ltr'><strong><em>πολῖται</em></strong></span> <span class='ocrx_word' id='word_1_157' title='bbox 1094 1882 1135 1956; x_wconf 90' lang='grc' dir='ltr'><strong><em>είς</em></strong></span> <span class='ocrx_word' id='word_1_158' title='bbox 1155 1881 1300 1963; x_wconf 88' lang='grc' dir='ltr'><strong><em>δημόσιον</em></strong></span> <span class='ocrx_word' id='word_1_159' title='bbox 1317 1884 1446 1969; x_wconf 87' lang='grc' dir='ltr'><strong><em>λουτρδν</em></strong></span> 
     </span>
     <span class='ocr_line' id='line_1_17' title="bbox 292 1978 1445 2071; baseline 0.002 -22"><span class='ocrx_word' id='word_1_160' title='bbox 292 1988 450 2066; x_wconf 78' lang='grc' dir='ltr'><strong><em>ἐπειρῶντο</em></strong></span> <span class='ocrx_word' id='word_1_161' title='bbox 471 1980 669 2047; x_wconf 84' lang='grc' dir='ltr'><strong><em>ἐπισκευάσαι.</em></strong></span> <span class='ocrx_word' id='word_1_162' title='bbox 703 1981 798 2066; x_wconf 86' lang='grc' dir='ltr'><strong><em>Ὅπερ</em></strong></span> <span class='ocrx_word' id='word_1_163' title='bbox 815 1978 910 2066; x_wconf 80' lang='grc' dir='ltr'><strong><em>εῦροίν</em></strong></span> <span class='ocrx_word' id='word_1_164' title='bbox 927 1978 946 2046; x_wconf 84' lang='lat' dir='ltr'><strong><em>o‘</em></strong></span> <span class='ocrx_word' id='word_1_165' title='bbox 962 1979 1109 2064; x_wconf 76' lang='grc' dir='ltr'><strong><em>Ἰώσηπος</em></strong></span> <span class='ocrx_word' id='word_1_166' title='bbox 1128 1985 1160 2047; x_wconf 90' lang='grc' dir='ltr'><strong><em>ἐκ</em></strong></span> <span class='ocrx_word' id='word_1_167' title='bbox 1176 1983 1284 2049; x_wconf 85' lang='grc' dir='ltr'><strong><em>τοῦτον</em></strong></span> <span class='ocrx_word' id='word_1_168' title='bbox 1300 1983 1354 2067; x_wconf 77' lang='grc' dir='ltr'><strong><em>την</em></strong></span> <span class='ocrx_word' id='word_1_169' title='bbox 1370 1986 1445 2071; x_wconf 87' lang='grc' dir='ltr'><strong><em>πρά-</em></strong></span> 
     </span>
     <span class='ocr_line' id='line_1_18' title="bbox 291 2076 1446 2170; baseline 0.003 -19"><span class='ocrx_word' id='word_1_170' title='bbox 291 2108 383 2166; x_wconf 88' lang='grc' dir='ltr'><strong><em>φασιν</em></strong></span> <span class='ocrx_word' id='word_1_171' title='bbox 398 2088 476 2168; x_wconf 80' lang='grc' dir='ltr'><strong><em>ἐσχε,</em></strong></span> <span class='ocrx_word' id='word_1_172' title='bbox 498 2086 549 2149; x_wconf 88' lang='grc' dir='ltr'><strong><em>καί</em></strong></span> <span class='ocrx_word' id='word_1_173' title='bbox 564 2080 606 2160; x_wconf 75' lang='grc' dir='ltr'><strong><em>οῦς</em></strong></span> <span class='ocrx_word' id='word_1_174' title='bbox 623 2083 706 2166; x_wconf 64' lang='grc' dir='ltr'><strong><em>’ἤδη</em></strong></span> <span class='ocrx_word' id='word_1_175' title='bbox 720 2076 786 2168; x_wconf 86' lang='grc' dir='ltr'><strong><em>εῦρε</em></strong></span> <span class='ocrx_word' id='word_1_176' title='bbox 801 2081 851 2148; x_wconf 90' lang='grc' dir='ltr'><strong><em>διά</em></strong></span> <span class='ocrx_word' id='word_1_177' title='bbox 864 2083 1051 2170; x_wconf 75' lang='grc' dir='ltr'><strong><em>τετραπηχων</em></strong></span> <span class='ocrx_word' id='word_1_178' title='bbox 1067 2088 1163 2149; x_wconf 86' lang='grc' dir='ltr'><strong><em>λίθων</em></strong></span> <span class='ocrx_word' id='word_1_179' title='bbox 1180 2087 1366 2169; x_wconf 73' lang='grc' dir='ltr'><strong><em>τετραπέδων</em></strong></span> <span class='ocrx_word' id='word_1_180' title='bbox 1387 2090 1446 2165; x_wconf 78' lang='grc' dir='ltr'><strong><em>ἕως</em></strong></span> 
     </span>
     <span class='ocr_line' id='line_1_19' title="bbox 291 2183 1446 2272; baseline 0.002 -19"><span class='ocrx_word' id='word_1_181' title='bbox 291 2189 393 2268; x_wconf 85' lang='grc' dir='ltr'><strong><em>ῦψοος</em></strong></span> <span class='ocrx_word' id='word_1_182' title='bbox 405 2185 486 2262; x_wconf 79' lang='grc' dir='ltr'><strong><em>τινάς</em></strong></span> <span class='ocrx_word' id='word_1_183' title='bbox 500 2183 745 2272; x_wconf 87' lang='grc' dir='ltr'><strong><em>άνεγηγερμένον,</em></strong></span> <span class='ocrx_word' id='word_1_184' title='bbox 768 2187 908 2250; x_wconf 87' lang='grc' dir='ltr'><strong><em>ἐντεῦθεν</em></strong></span> <span class='ocrx_word' id='word_1_185' title='bbox 923 2183 1040 2271; x_wconf 84' lang='grc' dir='ltr'><strong><em>άρχεται</em></strong></span> <span class='ocrx_word' id='word_1_186' title='bbox 1054 2196 1208 2252; x_wconf 85' lang='grc' dir='ltr'><strong><em>ποιεῖσθαι</em></strong></span> <span class='ocrx_word' id='word_1_187' title='bbox 1222 2195 1276 2270; x_wconf 81' lang='grc' dir='ltr'><strong><em>τῆς</em></strong></span> <span class='ocrx_word' id='word_1_188' title='bbox 1289 2190 1446 2271; x_wconf 84' lang='grc' dir='ltr'><strong><em>ἐκκλησίας</em></strong></span> 
     </span>
     <span class='ocr_line' id='line_1_20' title="bbox 291 2279 1443 2373; baseline 0.001 -19"><span class='ocrx_word' id='word_1_189' title='bbox 291 2289 345 2373; x_wconf 76' lang='grc' dir='ltr'><strong><em>τήν</em></strong></span> <span class='ocrx_word' id='word_1_190' title='bbox 361 2291 535 2372; x_wconf 80' lang='grc' dir='ltr'><strong><em>ἐπιμέλειαν.</em></strong></span> <span class='ocrx_word' id='word_1_191' title='bbox 576 2287 734 2370; x_wconf 89' lang='grc' dir='ltr'><strong><em>Ἀσβέστου</em></strong></span> <span class='ocrx_word' id='word_1_192' title='bbox 753 2287 785 2351; x_wconf 80' lang='grc' dir='ltr'><strong><em>δέ</em></strong></span> <span class='ocrx_word' id='word_1_193' title='bbox 800 2279 839 2371; x_wconf 77' lang='grc' dir='ltr'><strong><em>ἦν</em></strong></span> <span class='ocrx_word' id='word_1_194' title='bbox 857 2291 953 2370; x_wconf 89' lang='grc' dir='ltr'><strong><em>χρεία,</em></strong></span> <span class='ocrx_word' id='word_1_195' title='bbox 982 2290 1035 2353; x_wconf 85' lang='grc' dir='ltr'><strong><em>καί</em></strong></span> <span class='ocrx_word' id='word_1_196' title='bbox 1052 2295 1105 2371; x_wconf 81' lang='grc' dir='ltr'><strong><em>τῆς</em></strong></span> <span class='ocrx_word' id='word_1_197' title='bbox 1123 2287 1209 2371; x_wconf 85' lang='grc' dir='ltr'><strong><em>άλλης</em></strong></span> <span class='ocrx_word' id='word_1_198' title='bbox 1223 2288 1303 2372; x_wconf 87' lang='grc' dir='ltr'><strong><em>ῦλης.</em></strong></span> <span class='ocrx_word' id='word_1_199' title='bbox 1345 2295 1443 2372; x_wconf 81' lang='grc' dir='ltr'><strong><em>Καμί-</em></strong></span> 
     </span>
     <span class='ocr_line' id='line_1_21' title="bbox 291 2386 1444 2475; baseline 0 -17"><span class='ocrx_word' id='word_1_200' title='bbox 291 2419 362 2467; x_wconf 88' lang='grc' dir='ltr'><strong><em>νοας</em></strong></span> <span class='ocrx_word' id='word_1_201' title='bbox 381 2396 481 2457; x_wconf 92' lang='grc' dir='ltr'><strong><em>τοίνυν</em></strong></span> <span class='ocrx_word' id='word_1_202' title='bbox 498 2394 610 2467; x_wconf 82' lang='grc' dir='ltr'><strong><em>ἔξωθεν</em></strong></span> <span class='ocrx_word' id='word_1_203' title='bbox 627 2395 681 2471; x_wconf 81' lang='grc' dir='ltr'><strong><em>τῆς</em></strong></span> <span class='ocrx_word' id='word_1_204' title='bbox 696 2386 811 2464; x_wconf 85' lang='grc' dir='ltr'><strong><em>πόλεως</em></strong></span> <span class='ocrx_word' id='word_1_205' title='bbox 827 2387 936 2465; x_wconf 86' lang='grc' dir='ltr'><strong><em>πολλάς</em></strong></span> <span class='ocrx_word' id='word_1_206' title='bbox 952 2391 1110 2472; x_wconf 82' lang='grc' dir='ltr'><strong><em>προςέταξε</em></strong></span> <span class='ocrx_word' id='word_1_207' title='bbox 1123 2393 1275 2475; x_wconf 85' lang='grc' dir='ltr'><strong><em>γενέσθαι,</em></strong></span> <span class='ocrx_word' id='word_1_208' title='bbox 1303 2389 1374 2474; x_wconf 88' lang='grc' dir='ltr'><strong><em>τάχα</em></strong></span> <span class='ocrx_word' id='word_1_209' title='bbox 1389 2391 1444 2458; x_wconf 86' lang='grc' dir='ltr'><strong><em>τδν</em></strong></span> 
     </span>
     <span class='ocr_line' id='line_1_22' title="bbox 292 2489 1443 2577; baseline -0.001 -17"><span class='ocrx_word' id='word_1_210' title='bbox 292 2491 424 2576; x_wconf 83' lang='grc' dir='ltr'><strong><em>άριθμῦν</em></strong></span> <span class='ocrx_word' id='word_1_211' title='bbox 439 2491 525 2557; x_wconf 83' lang='grc' dir='ltr'><strong><em>ἐπτά·</em></strong></span> <span class='ocrx_word' id='word_1_212' title='bbox 556 2489 728 2577; x_wconf 85' lang='grc' dir='ltr'><strong><em>φοῦρνακας</em></strong></span> <span class='ocrx_word' id='word_1_213' title='bbox 744 2491 776 2554; x_wconf 85' lang='grc' dir='ltr'><strong><em>δέ</em></strong></span> <span class='ocrx_word' id='word_1_214' title='bbox 793 2493 955 2576; x_wconf 85' lang='grc' dir='ltr'><strong><em>ἐπιχωρίως</em></strong></span> <span class='ocrx_word' id='word_1_215' title='bbox 969 2489 1078 2568; x_wconf 88' lang='grc' dir='ltr'><strong><em>ταῦτας</em></strong></span> <span class='ocrx_word' id='word_1_216' title='bbox 1091 2499 1240 2559; x_wconf 87' lang='grc' dir='ltr'><strong><em>καλοῦσιν.</em></strong></span> <span class='ocrx_word' id='word_1_217' title='bbox 1285 2495 1325 2559; x_wconf 87' lang='grc' dir='ltr'><strong><em>Οί</em></strong></span> <span class='ocrx_word' id='word_1_218' title='bbox 1335 2493 1368 2559; x_wconf 83' lang='grc' dir='ltr'><strong><em>δέ</em></strong></span> <span class='ocrx_word' id='word_1_219' title='bbox 1384 2497 1443 2559; x_wconf 78' lang='grc' dir='ltr'><strong><em>δτι·</em></strong></span> 
     </span>
     <span class='ocr_line' id='line_1_23' title="bbox 292 2589 1444 2681; baseline -0.001 -20"><span class='ocrx_word' id='word_1_220' title='bbox 292 2598 340 2662; x_wconf 85' lang='grc' dir='ltr'><strong><em>νοί</em></strong></span> <span class='ocrx_word' id='word_1_221' title='bbox 354 2597 406 2660; x_wconf 88' lang='grc' dir='ltr'><strong><em>καί</em></strong></span> <span class='ocrx_word' id='word_1_222' title='bbox 421 2592 498 2678; x_wconf 87' lang='grc' dir='ltr'><strong><em>πρῦς</em></strong></span> <span class='ocrx_word' id='word_1_223' title='bbox 513 2599 573 2656; x_wconf 82' lang='grc' dir='ltr'><strong><em>πᾶν</em></strong></span> <span class='ocrx_word' id='word_1_224' title='bbox 587 2595 759 2676; x_wconf 87' lang='grc' dir='ltr'><strong><em>ἐπιχείρημα</em></strong></span> <span class='ocrx_word' id='word_1_225' title='bbox 773 2589 909 2674; x_wconf 87' lang='grc' dir='ltr'><strong><em>εῦτολμοι</em></strong></span> <span class='ocrx_word' id='word_1_226' title='bbox 920 2589 1066 2659; x_wconf 85' lang='grc' dir='ltr'><strong><em>Ἰουδαῖοι</em></strong></span> <span class='ocrx_word' id='word_1_227' title='bbox 1080 2601 1133 2677; x_wconf 80' lang='grc' dir='ltr'><strong><em>τῆς</em></strong></span> <span class='ocrx_word' id='word_1_228' title='bbox 1145 2592 1215 2680; x_wconf 90' lang='grc' dir='ltr'><strong><em>παρ’</em></strong></span> <span class='ocrx_word' id='word_1_229' title='bbox 1228 2591 1327 2671; x_wconf 82' lang='grc' dir='ltr'><strong><em>αῦεοίς</em></strong></span> <span class='ocrx_word' id='word_1_230' title='bbox 1340 2591 1387 2660; x_wconf 80' lang='grc' dir='ltr'><strong><em>άεί</em></strong></span> <span class='ocrx_word' id='word_1_231' title='bbox 1399 2621 1444 2681; x_wconf 87' lang='grc' dir='ltr'><strong><em>γι·</em></strong></span> 
     </span>
     <span class='ocr_line' id='line_1_24' title="bbox 291 2691 1444 2782; baseline -0.001 -20"><span class='ocrx_word' id='word_1_232' title='bbox 291 2698 417 2779; x_wconf 79' lang='grc' dir='ltr'><strong><em>νομίνης</em></strong></span> <span class='ocrx_word' id='word_1_233' title='bbox 438 2699 614 2779; x_wconf 77' lang='grc' dir='ltr'><strong><em>μαγγανείας</em></strong></span> <span class='ocrx_word' id='word_1_234' title='bbox 635 2692 691 2758; x_wconf 88' lang='grc' dir='ltr'><strong><em>οῦκ</em></strong></span> <span class='ocrx_word' id='word_1_235' title='bbox 715 2691 898 2776; x_wconf 70' lang='grc' dir='ltr'><strong><em>8οίιτείχουτο.</em></strong></span> <span class='ocrx_word' id='word_1_236' title='bbox 941 2699 1089 2770; x_wconf 89' lang='grc' dir='ltr'><strong><em>Ματείαις</em></strong></span> <span class='ocrx_word' id='word_1_237' title='bbox 1108 2694 1163 2782; x_wconf 90' lang='grc' dir='ltr'><strong><em>γάρ</em></strong></span> <span class='ocrx_word' id='word_1_238' title='bbox 1185 2719 1244 2763; x_wconf 90' lang='grc' dir='ltr'><strong><em>τισι</em></strong></span> <span class='ocrx_word' id='word_1_239' title='bbox 1261 2698 1313 2763; x_wconf 83' lang='grc' dir='ltr'><strong><em>καί</em></strong></span> <span class='ocrx_word' id='word_1_240' title='bbox 1329 2720 1444 2782; x_wconf 78' lang='grc' dir='ltr'><strong><em>περιερ·</em></strong></span> 
     </span>
     <span class='ocr_line' id='line_1_25' title="bbox 291 2793 1446 2883; baseline 0.003 -21"><span class='ocrx_word' id='word_1_241' title='bbox 291 2803 371 2883; x_wconf 90' lang='grc' dir='ltr'><strong><em>γίαις</em></strong></span> <span class='ocrx_word' id='word_1_242' title='bbox 386 2795 419 2862; x_wconf 82' lang='grc' dir='ltr'><strong><em>τά</em></strong></span> <span class='ocrx_word' id='word_1_243' title='bbox 435 2803 495 2881; x_wconf 85' lang='grc' dir='ltr'><strong><em>πῦρ</em></strong></span> <span class='ocrx_word' id='word_1_244' title='bbox 510 2799 673 2878; x_wconf 81' lang='grc' dir='ltr'><strong><em>καταδῆσαι</em></strong></span> <span class='ocrx_word' id='word_1_245' title='bbox 685 2798 715 2861; x_wconf 91' lang='grc' dir='ltr'><strong><em>οί</em></strong></span> <span class='ocrx_word' id='word_1_246' title='bbox 727 2799 866 2882; x_wconf 75' lang='grc' dir='ltr'><strong><em>γεννάδαι</em></strong></span> <span class='ocrx_word' id='word_1_247' title='bbox 877 2793 1021 2863; x_wconf 77' lang='grc' dir='ltr'><strong><em>Ἰουδαῖοι</em></strong></span> <span class='ocrx_word' id='word_1_248' title='bbox 1033 2799 1237 2883; x_wconf 85' lang='grc' dir='ltr'><strong><em>ἐπετρίβησαν,</em></strong></span> <span class='ocrx_word' id='word_1_249' title='bbox 1258 2794 1317 2864; x_wconf 73' lang='grc' dir='ltr'><strong><em>ἄλλ’</em></strong></span> <span class='ocrx_word' id='word_1_250' title='bbox 1330 2795 1388 2865; x_wconf 85' lang='grc' dir='ltr'><strong><em>οῦκ</em></strong></span> <span class='ocrx_word' id='word_1_251' title='bbox 1403 2801 1446 2876; x_wconf 84' lang='grc' dir='ltr'><strong><em>είς</em></strong></span> 
     </span>
     <span class='ocr_line' id='line_1_26' title="bbox 293 2895 1446 2985; baseline 0.002 -20"><span class='ocrx_word' id='word_1_252' title='bbox 293 2900 374 2974; x_wconf 90' lang='grc' dir='ltr'><strong><em>τέλος</em></strong></span> <span class='ocrx_word' id='word_1_253' title='bbox 389 2901 519 2981; x_wconf 86' lang='grc' dir='ltr'><strong><em>ίσχασαν.</em></strong></span> <span class='ocrx_word' id='word_1_254' title='bbox 556 2895 659 2984; x_wconf 81' lang='grc' dir='ltr'><strong><em>Ἥργει</em></strong></span> <span class='ocrx_word' id='word_1_255' title='bbox 670 2905 744 2983; x_wconf 86' lang='grc' dir='ltr'><strong><em>γοῦν</em></strong></span> <span class='ocrx_word' id='word_1_256' title='bbox 756 2897 789 2964; x_wconf 83' lang='grc' dir='ltr'><strong><em>τά</em></strong></span> <span class='ocrx_word' id='word_1_257' title='bbox 804 2904 875 2982; x_wconf 88' lang='grc' dir='ltr'><strong><em>πῦρ,</em></strong></span> <span class='ocrx_word' id='word_1_258' title='bbox 897 2900 948 2963; x_wconf 85' lang='grc' dir='ltr'><strong><em>καί</em></strong></span> <span class='ocrx_word' id='word_1_259' title='bbox 962 2895 1018 2964; x_wconf 84' lang='grc' dir='ltr'><strong><em>οῦκ</em></strong></span> <span class='ocrx_word' id='word_1_260' title='bbox 1033 2901 1182 2985; x_wconf 76' lang='grc' dir='ltr'><strong><em>ἔπραττεν,</em></strong></span> <span class='ocrx_word' id='word_1_261' title='bbox 1203 2898 1275 2967; x_wconf 81' lang='grc' dir='ltr'><strong><em>άλλά</em></strong></span> <span class='ocrx_word' id='word_1_262' title='bbox 1289 2907 1343 2985; x_wconf 80' lang='grc' dir='ltr'><strong><em>τῆς</em></strong></span> <span class='ocrx_word' id='word_1_263' title='bbox 1357 2902 1446 2984; x_wconf 85' lang='grc' dir='ltr'><strong><em>ίδίας,</em></strong></span> 
     </span>
     <span class='ocr_line' id='line_1_27' title="bbox 294 2997 1448 3090; baseline 0.002 -23"><span class='ocrx_word' id='word_1_264' title='bbox 294 2998 335 3076; x_wconf 71' lang='grc' dir='ltr'><strong><em>οῦς</em></strong></span> <span class='ocrx_word' id='word_1_265' title='bbox 350 3003 452 3078; x_wconf 78' lang='grc' dir='ltr'><strong><em>εἰπεῖν,</em></strong></span> <span class='ocrx_word' id='word_1_266' title='bbox 475 2999 593 3080; x_wconf 85' lang='grc' dir='ltr'><strong><em>φάσεως</em></strong></span> <span class='ocrx_word' id='word_1_267' title='bbox 608 2998 691 3076; x_wconf 85' lang='grc' dir='ltr'><strong><em>ἐκτδς</em></strong></span> <span class='ocrx_word' id='word_1_268' title='bbox 706 3001 827 3085; x_wconf 84' lang='grc' dir='ltr'><strong><em>ἐγένετο.</em></strong></span> <span class='ocrx_word' id='word_1_269' title='bbox 868 2997 921 3075; x_wconf 81' lang='grc' dir='ltr'><strong><em>Ὡς</em></strong></span> <span class='ocrx_word' id='word_1_270' title='bbox 936 3001 968 3065; x_wconf 83' lang='grc' dir='ltr'><strong><em>δέ</em></strong></span> <span class='ocrx_word' id='word_1_271' title='bbox 981 3004 1014 3066; x_wconf 89' lang='grc' dir='ltr'><strong><em>οί</em></strong></span> <span class='ocrx_word' id='word_1_272' title='bbox 1023 2999 1078 3084; x_wconf 77' lang='grc' dir='ltr'><strong><em>τὴν</em></strong></span> <span class='ocrx_word' id='word_1_273' title='bbox 1089 3000 1253 3086; x_wconf 74' lang='grc' dir='ltr'><strong><em>καυστικὴν</em></strong></span> <span class='ocrx_word' id='word_1_274' title='bbox 1265 3001 1339 3087; x_wconf 88' lang='grc' dir='ltr'><strong><em>ῦίην</em></strong></span> <span class='ocrx_word' id='word_1_275' title='bbox 1352 3030 1448 3090; x_wconf 84' lang='grc' dir='ltr'><strong><em>παρα-</em></strong></span> 
     </span>
     <span class='ocr_line' id='line_1_28' title="bbox 293 3096 1446 3190; baseline 0.001 -22"><span class='ocrx_word' id='word_1_276' title='bbox 293 3102 408 3188; x_wconf 88' lang='grc' dir='ltr'><strong><em>βάλλειν</em></strong></span> <span class='ocrx_word' id='word_1_277' title='bbox 421 3108 463 3190; x_wconf 81' lang='grc' dir='ltr'>τηῖ</span> <span class='ocrx_word' id='word_1_278' title='bbox 478 3105 550 3186; x_wconf 85' lang='grc' dir='ltr'><strong><em>πυρί</em></strong></span> <span class='ocrx_word' id='word_1_279' title='bbox 566 3103 798 3188; x_wconf 84' lang='grc' dir='ltr'><strong><em>ἐπιτεταγμένοι,</em></strong></span> <span class='ocrx_word' id='word_1_280' title='bbox 827 3104 906 3184; x_wconf 85' lang='grc' dir='ltr'><strong><em>φημί</em></strong></span> <span class='ocrx_word' id='word_1_281' title='bbox 921 3103 953 3166; x_wconf 83' lang='grc' dir='ltr'><strong><em>δέ</em></strong></span> <span class='ocrx_word' id='word_1_282' title='bbox 970 3101 1127 3186; x_wconf 80' lang='grc' dir='ltr'><strong><em>βάπακας,</em></strong></span> <span class='ocrx_word' id='word_1_283' title='bbox 1156 3100 1207 3169; x_wconf 85' lang='grc' dir='ltr'><strong><em>είτ’</em></strong></span> <span class='ocrx_word' id='word_1_284' title='bbox 1223 3096 1279 3169; x_wconf 87' lang='grc' dir='ltr'><strong><em>οῦν</em></strong></span> <span class='ocrx_word' id='word_1_285' title='bbox 1294 3102 1446 3190; x_wconf 76' lang='grc' dir='ltr'><strong><em>φράγανι,</em></strong></span> 
     </span>
     <span class='ocr_line' id='line_1_29' title="bbox 293 3201 1449 3293; baseline 0.001 -22"><span class='ocrx_word' id='word_1_286' title='bbox 293 3206 479 3291; x_wconf 85' lang='grc' dir='ltr'><strong><em>παραθέντες</em></strong></span> <span class='ocrx_word' id='word_1_287' title='bbox 490 3201 547 3269; x_wconf 83' lang='grc' dir='ltr'><strong><em>οῦκ</em></strong></span> <span class='ocrx_word' id='word_1_288' title='bbox 561 3203 715 3289; x_wconf 77' lang='grc' dir='ltr'><strong><em>ἐνήργουν,</em></strong></span> <span class='ocrx_word' id='word_1_289' title='bbox 730 3211 772 3293; x_wconf 76' lang='grc' dir='ltr'><strong><em>τῷ</em></strong></span> <span class='ocrx_word' id='word_1_290' title='bbox 784 3201 923 3292; x_wconf 76' lang='grc' dir='ltr'><strong><em>Ἰωσήπῳ</em></strong></span> <span class='ocrx_word' id='word_1_291' title='bbox 936 3202 970 3269; x_wconf 87' lang='grc' dir='ltr'><strong><em>τῦ</em></strong></span> <span class='ocrx_word' id='word_1_292' title='bbox 984 3205 1118 3289; x_wconf 82' lang='grc' dir='ltr'><strong><em>πραχθέν</em></strong></span> <span class='ocrx_word' id='word_1_293' title='bbox 1132 3205 1287 3289; x_wconf 81' lang='grc' dir='ltr'><strong><em>ἐσήμαναν.</em></strong></span> <span class='ocrx_word' id='word_1_294' title='bbox 1313 3210 1449 3289; x_wconf 83' lang='grc' dir='ltr'><strong><em>Δηχθείς</em></strong></span> 
     </span>
     <span class='ocr_line' id='line_1_30' title="bbox 293 3301 1448 3395; baseline -0.003 -20"><span class='ocrx_word' id='word_1_295' title='bbox 293 3301 349 3375; x_wconf 85' lang='grc' dir='ltr'><strong><em>οῦν</em></strong></span> <span class='ocrx_word' id='word_1_296' title='bbox 362 3305 417 3391; x_wconf 73' lang='grc' dir='ltr'><strong><em>τὴν</em></strong></span> <span class='ocrx_word' id='word_1_297' title='bbox 430 3308 527 3392; x_wconf 80' lang='grc' dir='ltr'><strong><em>φρένα</em></strong></span> <span class='ocrx_word' id='word_1_298' title='bbox 543 3303 561 3372; x_wconf 83' lang='grc' dir='ltr'><strong><em>ά</em></strong></span> <span class='ocrx_word' id='word_1_299' title='bbox 575 3304 668 3391; x_wconf 76' lang='grc' dir='ltr'><strong><em>άνηρ,</em></strong></span> <span class='ocrx_word' id='word_1_300' title='bbox 688 3308 739 3371; x_wconf 84' lang='grc' dir='ltr'><strong><em>καί</em></strong></span> <span class='ocrx_word' id='word_1_301' title='bbox 755 3304 831 3395; x_wconf 73' lang='grc' dir='ltr'><strong><em>ζήλῳ</em></strong></span> <span class='ocrx_word' id='word_1_302' title='bbox 846 3303 953 3392; x_wconf 87' lang='grc' dir='ltr'><strong><em>άρθείς</em></strong></span> <span class='ocrx_word' id='word_1_303' title='bbox 967 3314 1007 3395; x_wconf 78' lang='grc' dir='ltr'><strong><em>τῷ</em></strong></span> <span class='ocrx_word' id='word_1_304' title='bbox 1021 3305 1097 3391; x_wconf 86' lang='grc' dir='ltr'><strong><em>πρδς</em></strong></span> <span class='ocrx_word' id='word_1_305' title='bbox 1113 3306 1166 3374; x_wconf 84' lang='grc' dir='ltr'><strong><em>τδν</em></strong></span> <span class='ocrx_word' id='word_1_306' title='bbox 1178 3305 1298 3392; x_wconf 85' lang='grc' dir='ltr'><strong><em>κῦριον,</em></strong></span> <span class='ocrx_word' id='word_1_307' title='bbox 1319 3309 1448 3393; x_wconf 78' lang='grc' dir='ltr'><strong><em>ίδραμιν</em></strong></span> 
     </span>
     <span class='ocr_line' id='line_1_31' title="bbox 292 3406 1447 3500; baseline 0 -25"><span class='ocrx_word' id='word_1_308' title='bbox 292 3413 348 3488; x_wconf 83' lang='grc' dir='ltr'><strong><em>ἐξω</em></strong></span> <span class='ocrx_word' id='word_1_309' title='bbox 362 3419 414 3492; x_wconf 79' lang='grc' dir='ltr'><strong><em>τῆς</em></strong></span> <span class='ocrx_word' id='word_1_310' title='bbox 431 3408 558 3486; x_wconf 83' lang='grc' dir='ltr'><strong><em>πόλεως,</em></strong></span> <span class='ocrx_word' id='word_1_311' title='bbox 585 3410 637 3473; x_wconf 89' lang='grc' dir='ltr'><strong><em>καί</em></strong></span> <span class='ocrx_word' id='word_1_312' title='bbox 651 3406 733 3493; x_wconf 87' lang='grc' dir='ltr'><strong><em>ῦδωρ</em></strong></span> <span class='ocrx_word' id='word_1_313' title='bbox 750 3407 886 3484; x_wconf 77' lang='grc' dir='ltr'><strong><em>κελεύσας</em></strong></span> <span class='ocrx_word' id='word_1_314' title='bbox 902 3411 1060 3492; x_wconf 79' lang='grc' dir='ltr'><strong><em>ἐνεχθῆναι</em></strong></span> <span class='ocrx_word' id='word_1_315' title='bbox 1075 3410 1107 3474; x_wconf 92' lang='grc' dir='ltr'><strong><em>ἐν</em></strong></span> <span class='ocrx_word' id='word_1_316' title='bbox 1123 3407 1221 3495; x_wconf 83' lang='grc' dir='ltr'><strong><em>άγγει,</em></strong></span> <span class='ocrx_word' id='word_1_317' title='bbox 1249 3410 1282 3473; x_wconf 84' lang='grc' dir='ltr'><strong><em>ἐν</em></strong></span> <span class='ocrx_word' id='word_1_318' title='bbox 1295 3407 1447 3500; x_wconf 78' lang='grc' dir='ltr'><strong><em>καμψάκη</em></strong></span> 
     </span>
    </p>

    <p class='ocr_par' dir='ltr' id='par_1_4' title="bbox 293 3506 1449 3598">
     <span class='ocr_line' id='line_1_32' title="bbox 293 3506 1449 3598; baseline 0 -22"><span class='ocrx_word' id='word_1_319' title='bbox 293 3515 371 3593; x_wconf 87' lang='grc' dir='ltr'><strong><em>φημί</em></strong></span> <span class='ocrx_word' id='word_1_320' title='bbox 389 3510 563 3594; x_wconf 86' lang='grc' dir='ltr'><strong><em>(κακοῦβιον</em></strong></span> <span class='ocrx_word' id='word_1_321' title='bbox 578 3511 610 3575; x_wconf 81' lang='grc' dir='ltr'><strong><em>δέ</em></strong></span> <span class='ocrx_word' id='word_1_322' title='bbox 626 3516 713 3576; x_wconf 87' lang='grc' dir='ltr'><strong><em>τοῦτο</em></strong></span> <span class='ocrx_word' id='word_1_323' title='bbox 729 3513 762 3576; x_wconf 89' lang='grc' dir='ltr'><strong><em>οί</em></strong></span> <span class='ocrx_word' id='word_1_324' title='bbox 773 3509 925 3596; x_wconf 82' lang='grc' dir='ltr'><strong><em>ἐπιχάριοι</em></strong></span> <span class='ocrx_word' id='word_1_325' title='bbox 939 3518 1090 3590; x_wconf 87' lang='grc' dir='ltr'><strong><em>καλοῦσι),</em></strong></span> <span class='ocrx_word' id='word_1_326' title='bbox 1110 3509 1209 3593; x_wconf 83' lang='grc' dir='ltr'><strong><em>λαβιίν</em></strong></span> <span class='ocrx_word' id='word_1_327' title='bbox 1220 3506 1254 3576; x_wconf 80' lang='grc' dir='ltr'><strong><em>τά</em></strong></span> <span class='ocrx_word' id='word_1_328' title='bbox 1265 3506 1340 3576; x_wconf 83' lang='grc' dir='ltr'><strong><em>αῦτῦ</em></strong></span> <span class='ocrx_word' id='word_1_329' title='bbox 1356 3508 1449 3598; x_wconf 76' lang='grc' dir='ltr'><strong><em>ἄγγος</em></strong></span> 
     </span>
    </p>

    <p class='ocr_par' dir='ltr' id='par_1_5' title="bbox 248 3599 1451 3799">
     <span class='ocr_line' id='line_1_33' title="bbox 248 3599 1449 3697; baseline 0.002 -21"><span class='ocrx_word' id='word_1_330' title='bbox 248 3599 251 3603; x_wconf 39' lang='grc'><strong><em>’</em></strong></span> <span class='ocrx_word' id='word_1_331' title='bbox 292 3620 347 3678; x_wconf 90' lang='grc' dir='ltr'><strong><em>τοῦ</em></strong></span> <span class='ocrx_word' id='word_1_332' title='bbox 369 3613 479 3690; x_wconf 89' lang='grc' dir='ltr'><strong><em>ῦδατος</em></strong></span> <span class='ocrx_word' id='word_1_333' title='bbox 502 3611 631 3679; x_wconf 86' lang='grc' dir='ltr'><strong><em>ἐνάπιον</em></strong></span> <span class='ocrx_word' id='word_1_334' title='bbox 651 3611 771 3677; x_wconf 88' lang='grc' dir='ltr'><strong><em>πάντων</em></strong></span> <span class='ocrx_word' id='word_1_335' title='bbox 790 3618 1011 3697; x_wconf 74' lang='grc' dir='ltr'><strong><em>(συνηθροίσθη</em></strong></span> <span class='ocrx_word' id='word_1_336' title='bbox 1033 3613 1065 3677; x_wconf 87' lang='grc' dir='ltr'><strong><em>δέ</em></strong></span> <span class='ocrx_word' id='word_1_337' title='bbox 1082 3620 1201 3697; x_wconf 79' lang='grc' dir='ltr'><strong><em>πλῆθος</em></strong></span> <span class='ocrx_word' id='word_1_338' title='bbox 1214 3609 1375 3679; x_wconf 84' lang='grc' dir='ltr'><strong><em>Ἰουδαίων</em></strong></span> <span class='ocrx_word' id='word_1_339' title='bbox 1396 3614 1449 3679; x_wconf 64' lang='grc' dir='ltr'><strong><em>ἐπί</em></strong></span> 
     </span>
     <span class='ocr_line' id='line_1_34' title="bbox 293 3712 1451 3839; baseline 0.005 -64"><span class='ocrx_word' id='word_1_340' title='bbox 293 3738 348 3798; x_wconf 88' lang='grc' dir='ltr'><strong><em>την</em></strong></span> <span class='ocrx_word' id='word_1_341' title='bbox 361 3717 446 3793; x_wconf 84' lang='grc' dir='ltr'><strong><em>θέαν,</em></strong></span> <span class='ocrx_word' id='word_1_342' title='bbox 469 3713 526 3781; x_wconf 63' lang='grc' dir='ltr'><strong><em>ίτῦ</em></strong></span> <span class='ocrx_word' id='word_1_343' title='bbox 541 3712 770 3796; x_wconf 87' lang='grc' dir='ltr'><strong><em>άποβησομενον</em></strong></span> <span class='ocrx_word' id='word_1_344' title='bbox 782 3717 856 3778; x_wconf 89' lang='grc' dir='ltr'><strong><em>ίδεῖν</em></strong></span> <span class='ocrx_word' id='word_1_345' title='bbox 870 3713 1095 3839; x_wconf 80' lang='grc' dir='ltr'><strong><em>σπουδάζογτες,</em></strong></span> <span class='ocrx_word' id='word_1_346' title='bbox 1117 3712 1200 3780; x_wconf 77' lang='grc' dir='ltr'><strong><em>καί”</em></strong></span> <span class='ocrx_word' id='word_1_347' title='bbox 1181 3740 1228 3781; x_wconf 89' lang='grc' dir='ltr'><strong><em>οτι</em></strong></span> <span class='ocrx_word' id='word_1_348' title='bbox 1242 3713 1451 3799; x_wconf 82' lang='grc' dir='ltr'><strong><em>ἐπιχειρησειιν</em></strong></span> 
     </span>
    </p>

    <p class='ocr_par' dir='ltr' id='par_1_6' title="bbox 174 3811 1451 4107">
     <span class='ocr_line' id='line_1_35' title="bbox 174 3811 1449 3904; baseline 0.006 -28"><span class='ocrx_word' id='word_1_349' title='bbox 174 3839 223 3884; x_wconf 75' lang='grc' dir='ltr'><strong><em>τις</em></strong></span> <span class='ocrx_word' id='word_1_350' title='bbox 237 3827 281 3869; x_wconf 72' lang='lat'><strong><em>1³¹</em></strong></span> <span class='ocrx_word' id='word_1_351' title='bbox 293 3811 435 3896; x_wconf 83' lang='grc' dir='ltr'><strong><em>Ἰάσηπος</em></strong></span> <span class='ocrx_word' id='word_1_352' title='bbox 455 3815 617 3899; x_wconf 87' lang='grc' dir='ltr'><strong><em>πράττειν),</em></strong></span> <span class='ocrx_word' id='word_1_353' title='bbox 645 3814 754 3904; x_wconf 84' lang='grc' dir='ltr'><strong><em>μεγάλη</em></strong></span> <span class='ocrx_word' id='word_1_354' title='bbox 775 3820 811 3903; x_wconf 72' lang='grc' dir='ltr'><strong><em>τῇ</em></strong></span> <span class='ocrx_word' id='word_1_355' title='bbox 832 3842 920 3904; x_wconf 87' lang='grc' dir='ltr'><strong><em>φωνη</em></strong></span> <span class='ocrx_word' id='word_1_356' title='bbox 938 3813 957 3881; x_wconf 87' lang='lat' dir='ltr'><strong><em>o‘</em></strong></span> <span class='ocrx_word' id='word_1_357' title='bbox 975 3814 1049 3900; x_wconf 78' lang='grc' dir='ltr'><strong><em>άνήρ</em></strong></span> <span class='ocrx_word' id='word_1_358' title='bbox 1066 3824 1198 3902; x_wconf 88' lang='grc' dir='ltr'><strong><em>σταυροῦ</em></strong></span> <span class='ocrx_word' id='word_1_359' title='bbox 1216 3820 1366 3903; x_wconf 83' lang='grc' dir='ltr'><strong><em>σφραγῖδα</em></strong></span> <span class='ocrx_word' id='word_1_360' title='bbox 1385 3818 1449 3884; x_wconf 80' lang='grc' dir='ltr'><strong><em>ἐπι·</em></strong></span> 
     </span>
     <span class='ocr_line' id='line_1_36' title="bbox 290 3914 1450 4028; baseline 0.006 -49.018"><span class='ocrx_word' id='word_1_361' title='bbox 290 3916 361 4028; x_wconf 56' lang='lat' dir='ltr'><strong><em>felc</em></strong></span> <span class='ocrx_word' id='word_1_362' title='bbox 381 3942 421 3979; x_wconf 88' lang='grc' dir='ltr'><strong><em>τω</em></strong></span> <span class='ocrx_word' id='word_1_363' title='bbox 444 3914 525 4000; x_wconf 84' lang='grc' dir='ltr'><strong><em>άγγει</em></strong></span> <span class='ocrx_word' id='word_1_364' title='bbox 546 3916 595 3983; x_wconf 85' lang='grc' dir='ltr'><strong><em>διά</em></strong></span> <span class='ocrx_word' id='word_1_365' title='bbox 617 3944 670 3983; x_wconf 93' lang='grc' dir='ltr'><strong><em>του</em></strong></span> <span class='ocrx_word' id='word_1_366' title='bbox 656 3921 765 3983; x_wconf 90' lang='grc' dir='ltr'><strong><em>ίδίον</em></strong></span> <span class='ocrx_word' id='word_1_367' title='bbox 782 3915 944 3996; x_wconf 86' lang='grc' dir='ltr'><strong><em>δακτάλου,</em></strong></span> <span class='ocrx_word' id='word_1_368' title='bbox 972 3920 1024 3983; x_wconf 86' lang='grc' dir='ltr'><strong><em>καί</em></strong></span> <span class='ocrx_word' id='word_1_369' title='bbox 1041 3916 1335 4002; x_wconf 79' lang='grc' dir='ltr'><strong><em>ἐπικαλεσάμενος</em></strong></span> <span class='ocrx_word' id='word_1_370' title='bbox 1301 3944 1336 3985; x_wconf 85' lang='grc' dir='ltr'><strong><em>το</em></strong></span> <span class='ocrx_word' id='word_1_371' title='bbox 1353 3916 1450 4002; x_wconf 74' lang='grc' dir='ltr'><strong><em>ὄνομα</em></strong></span> 
     </span>
     <span class='ocr_line' id='line_1_37' title="bbox 290 4003 1451 4107; baseline 0.006 -27.024"><span class='ocrx_word' id='word_1_372' title='bbox 290 4003 402 4099; x_wconf 73' lang='grc' dir='ltr'><strong><em>Ἰησοῦ,</em></strong></span> <span class='ocrx_word' id='word_1_373' title='bbox 425 4013 556 4080; x_wconf 77' lang='grc' dir='ltr'><strong><em>είπεν“</em></strong></span> <span class='ocrx_word' id='word_1_374' title='bbox 519 4043 629 4098; x_wconf 89' lang='grc' dir='ltr'><strong><em>ουτως,</em></strong></span> <span class='ocrx_word' id='word_1_375' title='bbox 650 4016 730 4085; x_wconf 69' lang='grc' dir='ltr'><strong><em>Τίν’</em></strong></span> <span class='ocrx_word' id='word_1_376' title='bbox 714 4017 838 4101; x_wconf 86' lang='grc' dir='ltr'><strong><em>ονάματι</em></strong></span> <span class='ocrx_word' id='word_1_377' title='bbox 849 4017 947 4100; x_wconf 89' lang='grc' dir='ltr'><strong><em>Ἰησοῦ</em></strong></span> <span class='ocrx_word' id='word_1_378' title='bbox 962 4028 1016 4085; x_wconf 87' lang='grc' dir='ltr'><strong><em>τοῦ</em></strong></span> <span class='ocrx_word' id='word_1_379' title='bbox 1035 4025 1229 4105; x_wconf 81' lang='grc' dir='ltr'><strong><em>Ναζωραίου,</em></strong></span> <span class='ocrx_word' id='word_1_380' title='bbox 1251 4047 1288 4086; x_wconf 87' lang='grc' dir='ltr'><strong><em>ου</em></strong></span> <span class='ocrx_word' id='word_1_381' title='bbox 1275 4013 1451 4107; x_wconf 72' lang='grc' dir='ltr'><strong><em>ἐσταῦρο-</em></strong></span> 
     </span>
    </p>

    <p class='ocr_par' dir='ltr' id='par_1_7' title="bbox 293 4118 1451 4208">
     <span class='ocr_line' id='line_1_38' title="bbox 293 4118 1451 4208; baseline 0.003 -24"><span class='ocrx_word' id='word_1_382' title='bbox 293 4141 348 4184; x_wconf 91' lang='grc' dir='ltr'><strong><em>σαν</em></strong></span> <span class='ocrx_word' id='word_1_383' title='bbox 362 4121 395 4184; x_wconf 89' lang='grc' dir='ltr'><strong><em>οί</em></strong></span> <span class='ocrx_word' id='word_1_384' title='bbox 409 4119 531 4201; x_wconf 86' lang='grc' dir='ltr'><strong><em>πατέρες</em></strong></span> <span class='ocrx_word' id='word_1_385' title='bbox 546 4145 604 4202; x_wconf 91' lang='grc' dir='ltr'><strong><em>μου</em></strong></span> <span class='ocrx_word' id='word_1_386' title='bbox 619 4123 671 4185; x_wconf 86' lang='grc' dir='ltr'><strong><em>καί</em></strong></span> <span class='ocrx_word' id='word_1_387' title='bbox 685 4118 800 4186; x_wconf 86' lang='grc' dir='ltr'><strong><em>τοάτων</em></strong></span> <span class='ocrx_word' id='word_1_388' title='bbox 813 4120 933 4187; x_wconf 89' lang='grc' dir='ltr'><strong><em>πάντων</em></strong></span> <span class='ocrx_word' id='word_1_389' title='bbox 949 4129 1009 4187; x_wconf 76' lang='grc' dir='ltr'><strong><em>τοῖν</em></strong></span> <span class='ocrx_word' id='word_1_390' title='bbox 1023 4121 1240 4207; x_wconf 82' lang='grc' dir='ltr'><strong><em>περιεστάτων,</em></strong></span> <span class='ocrx_word' id='word_1_391' title='bbox 1261 4123 1379 4208; x_wconf 74' lang='grc' dir='ltr'><strong><em>γένηται</em></strong></span> <span class='ocrx_word' id='word_1_392' title='bbox 1394 4120 1451 4189; x_wconf 82' lang='grc' dir='ltr'><strong><em>δῦ·</em></strong></span> 
     </span>
    </p>

    <p class='ocr_par' dir='ltr' id='par_1_8' title="bbox 292 4217 1450 4309">
     <span class='ocr_line' id='line_1_39' title="bbox 292 4217 1450 4309; baseline 0.005 -25"><span class='ocrx_word' id='word_1_393' title='bbox 292 4246 379 4302; x_wconf 89' lang='grc' dir='ltr'><strong><em>ναμις</em></strong></span> <span class='ocrx_word' id='word_1_394' title='bbox 396 4221 428 4284; x_wconf 87' lang='grc' dir='ltr'><strong><em>έν</em></strong></span> <span class='ocrx_word' id='word_1_395' title='bbox 444 4217 538 4307; x_wconf 82' lang='grc' dir='ltr'><strong><em>τοῦτφ</em></strong></span> <span class='ocrx_word' id='word_1_396' title='bbox 554 4226 595 4309; x_wconf 75' lang='grc' dir='ltr'><strong><em>τῷ</em></strong></span> <span class='ocrx_word' id='word_1_397' title='bbox 610 4219 707 4301; x_wconf 84' lang='grc' dir='ltr'><strong><em>ῦδατι,</em></strong></span> <span class='ocrx_word' id='word_1_398' title='bbox 729 4225 772 4297; x_wconf 85' lang='grc' dir='ltr'><strong><em>είς</em></strong></span> <span class='ocrx_word' id='word_1_399' title='bbox 787 4220 930 4306; x_wconf 86' lang='grc' dir='ltr'><strong><em>άθέτησιν</em></strong></span> <span class='ocrx_word' id='word_1_400' title='bbox 947 4223 1046 4306; x_wconf 87' lang='grc' dir='ltr'><strong><em>πάσης</em></strong></span> <span class='ocrx_word' id='word_1_401' title='bbox 1062 4227 1247 4308; x_wconf 82' lang='grc' dir='ltr'><strong><em>φαρμακείας</em></strong></span> <span class='ocrx_word' id='word_1_402' title='bbox 1259 4225 1311 4288; x_wconf 85' lang='grc' dir='ltr'><strong><em>καί</em></strong></span> <span class='ocrx_word' id='word_1_403' title='bbox 1324 4227 1450 4308; x_wconf 81' lang='grc' dir='ltr'><strong><em>μαγείας</em></strong></span> 
     </span>
    </p>

    <p class='ocr_par' dir='ltr' id='par_1_9' title="bbox 292 4311 1449 4415">
     <span class='ocr_line' id='line_1_40' title="bbox 292 4311 1449 4415; baseline 0.007 -29"><span class='ocrx_word' id='word_1_404' title='bbox 292 4311 330 4402; x_wconf 79' lang='grc' dir='ltr'><strong><em>ἦς</em></strong></span> <span class='ocrx_word' id='word_1_405' title='bbox 352 4313 437 4387; x_wconf 85' lang='grc' dir='ltr'><strong><em>οῦτοι</em></strong></span> <span class='ocrx_word' id='word_1_406' title='bbox 461 4323 603 4404; x_wconf 77' lang='grc' dir='ltr'><strong><em>ἔπραξαν,</em></strong></span> <span class='ocrx_word' id='word_1_407' title='bbox 634 4325 683 4388; x_wconf 86' lang='grc' dir='ltr'><strong><em>καί</em></strong></span> <span class='ocrx_word' id='word_1_408' title='bbox 703 4327 745 4400; x_wconf 87' lang='grc' dir='ltr'><strong><em>είς</em></strong></span> <span class='ocrx_word' id='word_1_409' title='bbox 762 4327 908 4412; x_wconf 87' lang='grc' dir='ltr'><strong><em>ἐνέργειαν</em></strong></span> <span class='ocrx_word' id='word_1_410' title='bbox 925 4325 1122 4415; x_wconf 89' lang='grc' dir='ltr'><strong><em>δυνάμεως</em></strong></span> <span class='ocrx_word' id='word_1_411' title='bbox 1094 4333 1135 4391; x_wconf 80' lang='grc' dir='ltr'><strong><em>τῶ</em></strong></span> <span class='ocrx_word' id='word_1_412' title='bbox 1152 4326 1226 4411; x_wconf 90' lang='grc' dir='ltr'><strong><em>πυρί</em></strong></span> <span class='ocrx_word' id='word_1_413' title='bbox 1242 4326 1285 4400; x_wconf 87' lang='grc' dir='ltr'><strong><em>είς</em></strong></span> <span class='ocrx_word' id='word_1_414' title='bbox 1300 4323 1334 4392; x_wconf 71' lang='lat' dir='ltr'><strong><em>to*</em></strong></span> <span class='ocrx_word' id='word_1_415' title='bbox 1353 4326 1449 4393; x_wconf 78' lang='grc' dir='ltr'><strong><em>ἐιτιτε·</em></strong></span> 
     </span>
    </p>
   </div>
   <div class='ocr_carea' id='block_1_3' title="bbox 324 4475 1450 4616">
    <p class='ocr_par' dir='ltr' id='par_1_10' title="bbox 324 4475 1450 4616">
     <span class='ocr_line' id='line_1_41' title="bbox 325 4475 1450 4546; baseline 0.005 -17.022"><span class='ocrx_word' id='word_1_416' title='bbox 325 4476 349 4529; x_wconf 80' lang='grc'><strong><em>7.</em></strong></span> <span class='ocrx_word' id='word_1_417' title='bbox 366 4475 510 4528; x_wconf 70' lang='lat' dir='ltr'><strong><em>Fortasse</em></strong></span> <span class='ocrx_word' id='word_1_418' title='bbox 484 4494 512 4529; x_wconf 91' lang='grc' dir='ltr'><strong><em>το</em></strong></span> <span class='ocrx_word' id='word_1_419' title='bbox 525 4492 568 4539; x_wconf 77' lang='lat' dir='ltr'><strong><em>pro</em></strong></span> <span class='ocrx_word' id='word_1_420' title='bbox 579 4493 624 4530; x_wconf 83' lang='grc' dir='ltr'><strong><em>τοο</em></strong></span> <span class='ocrx_word' id='word_1_421' title='bbox 634 4483 801 4533; x_wconf 79' lang='grc' dir='ltr'><strong><em>κτείνυειιδιιοι</em></strong></span> <span class='ocrx_word' id='word_1_422' title='bbox 811 4486 852 4531; x_wconf 78' lang='grc' dir='ltr'><strong><em>τοί.</em></strong></span> <span class='ocrx_word' id='word_1_423' title='bbox 921 4481 979 4532; x_wconf 69' lang='lat' dir='ltr'><strong><em>Cu.</em></strong></span> <span class='ocrx_word' id='word_1_424' title='bbox 995 4483 1107 4533; x_wconf 83' lang='grc' dir='ltr'><strong>ΧΙΙ.-</strong></span> <span class='ocrx_word' id='word_1_425' title='bbox 1125 4480 1147 4533; x_wconf 87' lang='grc' dir='ltr'><strong><em>ί.</em></strong></span> <span class='ocrx_word' id='word_1_426' title='bbox 1167 4482 1204 4545; x_wconf 74' lang='lat'><strong><em>⁰!-</em></strong></span> <span class='ocrx_word' id='word_1_427' title='bbox 1219 4482 1450 4546; x_wconf 51' lang='lat' dir='ltr'><strong><em>canunt-spn-</em></strong></span> 
     </span>
     <span class='ocr_line' id='line_1_42' title="bbox 324 4542 1448 4616; baseline 0.008 -21"><span class='ocrx_word' id='word_1_428' title='bbox 324 4542 726 4598; x_wconf 36' lang='grc' dir='ltr'><strong><em>δτινααοαδσδτίοοδηίοίίο</em></strong></span> <span class='ocrx_word' id='word_1_429' title='bbox 885 4548 1448 4616; x_wconf 48' lang='lat' dir='ltr'><strong><em>anpffidplwdd&#39;mfflul.</em></strong></span> 
     </span>
    </p>
   </div>
   <div class='ocr_carea' id='block_1_4' title="bbox 0 0 1533 5084">
    <p class='ocr_par' dir='ltr' id='par_1_11' title="bbox 0 0 1533 5084">
     <span class='ocr_line' id='line_1_43' title="bbox 0 0 1533 5084; baseline 0 0"><span class='ocrx_word' id='word_1_430' title='bbox 0 0 1533 5084; x_wconf 95' lang='lat' dir='ltr'><strong><em> </em></strong></span> 
     </span>
    </p>
   </div>
  </div>
 </body>
</html>
