3046 5084
265 318 325 379 324
686 323 803 374 οιαοτι
824 323 989 374 τειειιιιιιι

267 448 379 528 έηονσι,
411 438 514 515 καθάς
533 437 551 504 ό
568 437 730 514 ἀπόστολός
748 460 853 522 φησιν,
885 439 905 522 ή
920 435 1082 521 οἰκοδομήν
1099 446 1173 503 θεοῦ
1190 436 1244 521 τήν
1261 441 1293 505 έν
1309 443 1415 520 πίστει,

266 550 317 613 καί
341 543 390 610 διά
412 551 463 626 τῆς
482 539 658 628 πανούργως
676 543 945 627 συγκεκροτημένης
963 539 1162 623 πιθανότητος
1178 540 1347 628 παράγουσι
1365 542 1418 611 τδν

267 656 340 715 νοῦν
357 654 415 711 τῶν
433 643 645 731 ἀπειροτέρων,
678 645 729 708 καί
748 647 1001 727 αίχμαλωτίζουσιν
1017 640 1141 723 αότοδς,
1170 647 1419 733 βριδιουργοῦντες

266 748 303 815 τά
318 749 402 835 λόγια
420 755 497 814 ὖτοῦ
512 752 627 833 κυρίου,
650 748 784 832 έξηγηταί
798 749 885 812 κακοί
901 754 960 812 τῶν
973 752 1068 823 καλῶς
1083 748 1244 831 εἰρημένων
1255 748 1417 835 γινόμενοι,

267 855 318 919 καλ
340 850 465 926 πολλοῦς
486 848 698 936 ἀνατρέπουσιν
720 847 883 936 ἀπάγοντες
904 847 1014 924 αότοῦς
1035 846 1185 934 προφάσει
1201 849 1338 935 γνοίσεως
1354 850 1416 918 ἀπό

266 962 320 1022 τοῦ
333 953 400 1020 τόδε
412 952 446 1019 τό
461 960 521 1018 πῦν
534 954 752 1035 συστησαμένου
768 954 819 1017 καὶ
829 950 1055 1034 κεκοσμηκότος,
1072 947 1114 1027 οἷς
1124 947 1310 1040 όφηλότερόν
1322 982 1351 1021 τι
1363 957 1418 1021 καλ

268 1065 365 1141 μεῖζον
381 1060 492 1139 ἔχοντες
507 1058 648 1133 ἐπιδεῖξαι
663 1061 717 1121 τοῦ
733 1052 785 1119 τόν
801 1051 928 1139 οάρανδν
943 1056 995 1119 καὶ
1011 1052 1064 1138 τήν
1080 1061 1135 1140 γῆν
1152 1055 1202 1119 καί
1219 1054 1315 1122 πάντα
1331 1056 1368 1123 τά
1386 1060 1418 1124 έν

269 1159 371 1235 αῦτοῖς
385 1156 582 1240 πεποιηκότος
598 1164 690 1235 θεοῦ,
713 1163 864 1233 πειθανῦς
881 1157 933 1239 μέν
948 1155 1125 1242 ἐπαγόμενοι
1141 1155 1192 1222 διά
1205 1157 1301 1244 λόγων
1316 1161 1419 1244 τέχνης

268 1260 338 1339 τοῦς
359 1261 516 1346 ἀκεραίους
538 1263 579 1336 είς
599 1259 652 1325 τόν
673 1266 725 1324 τοῦ
746 1266 840 1341 ζητεῖν
856 1261 984 1345 τρόπον,
1016 1256 1174 1336 ἀπιθάνως
1191 1260 1223 1325 δέ
1242 1257 1420 1340 ἀπολλύντες

269 1361 379 1439 αάτοδς
397 1366 485 1451 ἐντῷ
502 1361 676 1445 βλάσφημον
692 1364 743 1427 καί
763 1359 854 1444 ἀσεβῆ
872 1359 925 1443 τήν
942 1358 1062 1446 γνιόμην
1082 1359 1180 1427 αῦτοίν
1196 1362 1419 1443 κατασκευάζειν

269 1469 310 1543 είς
323 1463 375 1530 τόν
391 1462 581 1551 δημιουργόν,
608 1464 704 1546 θμηδέ
720 1466 752 1528 έν
765 1490 805 1552 τρο
821 1467 979 1549 διακρίνειν
993 1466 1166 1547 δυναμένων
1180 1463 1213 1531 τδ
1227 1470 1341 1548 ψεῦδος
1355 1464 1416 1535 ἀπό

267 1575 320 1635 τοῦ
337 1565 476 1651 ἀληθοῦς.
518 1564 556 1630 Ἡ
569 1563 624 1652 γάρ
639 1564 734 1648 πλάνη
749 1563 819 1630 καθ’
834 1563 926 1649 αδτήν
943 1567 995 1649 μὲν
1014 1564 1069 1632 οῦκ
1082 1569 1288 1651 ἐπιδείκνυται,
1308 1573 1360 1636 ’ίνα
1376 1569 1419 1655 μή

267 1679 458 1758 γυμνωθεῖσα
478 1671 593 1754 γένηται
612 1668 805 1754 κατάφωρος,
836 1675 956 1757 πιθανῷ
980 1670 1011 1735 δέ
1029 1669 1223 1755 περιβλήματι
1241 1671 1420 1761 πανούργως

268 1775 455 1857 κοσμουμένη
468 1773 518 1837 καί
532 1769 624 1855 αὐτῆς
636 1778 689 1854 τῆς
703 1769 842 1855 ἀληθείας
857 1767 1056 1857 ἀληθεστέραν
1070 1772 1177 1857 ἑαυτήν
1194 1776 1335 1861 7παρέχει
1347 1780 1417 1858 φαί·

268 1887 374 1942 νεοθαι
391 1874 440 1941 διά
455 1883 508 1958 τῆς
521 1878 633 1953 ἔξωθεν
646 1878 808 1955 φαντασίας
823 1882 886 1950 τοῖς
901 1871 1119 1960 ἀπειροτέρυις·
1137 1874 1243 1952 καθείς
1263 1874 1348 1944 8διιό
1361 1904 1418 1945 τον

268 1983 435 2065 κρείττονος
450 1975 535 2061 ήμων
552 1983 662 2063 είρηται
680 1979 729 2042 έπὶ
744 1983 803 2042 τιῦν
820 1974 960 2042 τοιούτων
966 2028 975 2057 ,
999 1976 1044 2042 ότι
1060 1983 1148 2044 λίθον
1163 1977 1216 2046 τόν
1231 1983 1328 2063 τίμιον
1343 1979 1414 2064 σμά-

269 2085 379 2168 ραγδον
398 2079 469 2147 όντα
491 2081 540 2145 καί
559 2078 755 2162 πολυτίμητόν
776 2099 850 2144 τισιν
867 2077 958 2156 ῦαλος
976 2081 1118 2165 ένυβρίζει
1136 2079 1186 2148 διά
1204 2083 1305 2166 τέχνης
1322 2108 1418 2169 παρο-

269 2186 444 2268 μοιουμένη,
467 2180 579 2249 όπόταν
594 2182 633 2266 μή
649 2188 730 2272 παρή
746 2178 763 2247 ό
783 2183 923 2248 0σθένων
933 2180 1095 2266 ,δοκιμάσαι
1110 2185 1162 2249 καλ
1175 2186 1259 2276 τέχνη
1275 2188 1415 2274 διελέγξαι

267 2285 321 2371 τήν
335 2284 512 2372 πανούργως
523 2287 690 2370 γενομένην.
713 2283 807 2349 Ὅταν
822 2286 853 2349 δὲ
867 2288 988 2374 έπιμιγῇ
1012 2282 1072 2352 ¹⁰o‘
1086 2285 1192 2369 χαλκός
1205 2290 1248 2364 είς
1260 2286 1313 2355 τόν
1326 2286 1413 2377 ἔργα·

268 2418 331 2477 ρον,
353 2395 397 2467 τίς
412 2387 539 2465 εῦκόλως
555 2369 710 2471 δυνήσεται
723 2392 829 2452 τοῦτον
849 2384 1065 2469 Ηδοκιμάσαις
1076 2387 1144 2453 Ἵνα
1159 2382 1216 2455 οὖν
1230 2389 1273 2476 μή
1293 2391 1414 2479 ιιπαρά

266 2492 321 2578 τήν
342 2490 483 2577 ήμετέραυ
510 2494 606 2557 αἰτίαν
629 2487 871 2574 συναρπάζωνταί
892 2514 968 2566 τινες
996 2487 1036 2567 οἷς
1059 2489 1194 2578 πρόβατα
1219 2489 1280 2559 δπδ
1302 2491 1411 2575 λόειοιν,

148 2626 198 2672 ηις.
211 2614 255 2657 ιιι.
268 2594 441 2682 ἀγνοοῦντες
456 2591 563 2669 αῦτοῦς
582 2590 632 2659 διά
648 2590 702 2675 τήν
721 2594 832 2669 έξωθεν
848 2596 900 2674 τῆς
916 2596 1096 2679 προβατείου
1112 2596 1204 2679 δοράς
1222 2594 1414 2680 ι’έπιβολήκ

268 2696 323 2773 οῦς
337 2695 496 2779 φυλάσσειν
512 2693 709 2781 παρήγγελκεν
724 2690 796 2777 ήμῖν
810 2690 828 2759 ό
843 2693 962 2779 κῦριυς,
983 2695 1072 2777 ίίμοια
1086 2695 1139 2779 μέν
1151 2704 1325 2779 λαλοῦντας,
1345 2695 1415 2765 ἀνό-

267 2827 337 2884 μοια
358 2800 390 2865 δέ
411 2806 612 2885 φρονοῦντας,
643 2795 804 2883 ἀναγκαῖον
824 2794 978 2883 ήγησάμην
997 2796 1123 2882 ένιυχοίν
1142 2808 1204 2876 τοῖς
1226 2798 1418 2887 ἀπομιμήμασι

266 2911 341 2983 τῶν,
371 2900 412 2978 ἀς
428 2900 514 2968 αῦτολ
526 2903 675 2987 λέγουσιν,
707 2897 903 2965 Οὐαλεντίνου
919 2907 1079 2983 μαθητῶν,
1108 2904 1196 2979 ένίοις
1209 2900 1236 2969 δ’
1251 2901 1417 2973 αῦτῦνιιαλ

267 3004 438 3090 συμβαλοίν,
460 3007 509 3070 καί
529 3001 763 3087 καταλαβόμενος
778 3000 833 3086 τήν
848 3000 970 3088 γνάμην
985 3001 1097 3083 αὐτῶν,
1119 3003 1247 3088 μηνῦσαι
1259 3027 1324 3089 σοι,
1344 3005 1418 3094 ἀγα-

266 3110 356 3193 πητέ,
378 3107 414 3174 τά
429 3110 577 3193 τερατοίδη
593 3108 644 3172 καὶ
658 3107 757 3190 βαθέα
772 3103 933 3191 μυστήρια,
954 3104 973 3170 δ’
991 3104 1029 3172 οῦ
1045 3104 1152 3183 πάντες
1166 3115 1330 3194 χωροῦσιν,
1350 3112 1417 3179 bul

267 3211 307 3298 μή
322 3211 430 3287 πάντες
444 3208 497 3276 τόν
512 3211 674 3295 ἐγκέφαλον
690 3206 894 3289 έξεπτῦκασιν,
916 3206 998 3284 ὅπως
1011 3211 1062 3275 καί
1077 3208 1114 3275 σῦ
1127 3210 1238 3294 μαθεόν
1251 3208 1328 3277 αῦτά
1341 3220 1417 3281 πᾶσι

266 3325 328 3392 τοῖς
340 3313 412 3399 μετά
428 3336 482 3380 σου
500 3312 614 3399 φανερά
628 3310 764 3402 ποιήσης,
786 3312 838 3376 καί
852 3312 1031 3400 παραινέσ-ης
1044 3309 1147 3389 αὐτοῖς
1159 3312 1350 3396 φυλάξασθαι
1362 3312 1417 3383 τόν

266 3416 366 3499 βυθόν
381 3423 434 3499 τῆς
449 3414 551 3492 ἀνοίας
563 3417 612 3480 καί
629 3422 683 3498 τῆς
699 3417 740 3490 είς
761 3412 930 3500 ΜΧριστόν
944 3417 1140 3498 βλασφημίας,
1160 3419 1223 3498 καί,
1245 3418 1351 3495 καθείς
1364 3418 1416 3485 δῦ-

267 3547 352 3603 ναμις
370 3517 457 3603 ήμῖν,
486 3517 540 3602 τήν
561 3543 591 3582 τε
608 3516 728 3603 γνάμην
744 3513 842 3583 αῦτῦν
862 3523 922 3583 τῶν
942 3523 997 3583 νῦν
1014 3518 1314 3604 παραδιδασιιόντων,
1340 3522 1416 3609 λέγω

266 3620 304 3705 δή
321 3629 380 3688 τῶν
399 3624 466 3708 περὶ
487 3628 686 3703 Πτολεμαῖον,
717 3616 891 3702 ἀπάνθισμα
910 3611 1003 3686 οὖσαν
1020 3627 1072 3703 τῆς
1089 3617 1285 3691 Οάνλεντίνου
1300 3632 1417 3711 σχολῆς,

265 3724 417 3808 συντόμως
438 3727 489 3789 καὶ
508 3731 612 3804 σαφοῦς
630 3721 863 3809 ἀπαγγελοῦμεν,
893 3724 944 3787 καλ
962 3720 1101 3809 ἀφορμάς
1118 3722 1252 3811 δαίσομεν
1268 3726 1344 3793 κατά
1359 3724 1417 3813 τήν

265 3822 407 3913 ήμετέραν
421 3826 591 3912 μετριότητα
606 3825 681 3911 πρός
696 3824 729 3891 τδ
744 3822 917 3910 ἀνατρέπειν
930 3822 1035 3909 αῦτήν,
1057 3823 1200 3905 ἀλλόκοτα
1212 3833 1265 3895 καί
1281 3826 1417 3917 ι’ἀνάρ-

264 3951 356 4012 μοστα
371 3937 407 4019 τῇ
423 3928 548 4019 ἀληθείην
567 3926 779 4006 έπιδεικνῦντες
794 3926 829 3993 τά
842 3925 894 3993 ἀπ’
910 3924 1009 3993 αῦτῶν
1021 3926 1179 4016 λεγόμενα,
1199 3930 1274 4016 μήτε
1289 3931 1416 4021 συγγρά-

296 4088 320 4137 5.
337 4086 381 4138 τοῦ
398 4087 483 4136 αδδιδι
500 4101 528 4136 επ
544 4090 594 4137 cod.
614 4091 666 4138 Vm.
852 4088 945 4139 Ρειοοιῖ
958 4091 1015 4136 erat.
1050 4085 1167 4157 παρέχειν
1180 4091 1251 4153 νειλςο
1264 4094 1336 4141 exeat,
1364 4092 1417 4143 Βλ-

293 4153 319 4205 6.
338 4149 405 4219 μηδέ
428 4151 453 4205 ἔν
477 4171 513 4221 τῳ
537 4159 620 4218 scripti
641 4171 686 4220 φτο
708 4168 735 4207 ιο
756 4158 820 4219 ρνοιλ
852 4158 898 4209 lius
915 4156 1006 4205 υοίεοοι
1020 4153 1138 4224 ταρίχια
1154 4156 1278 4224 φαίνεται.

261 4236 339 4272 omnes
354 4224 407 4272 λιθεί
423 4224 508 4272 habent
524 4219 591 4288 μηδὲ
609 4221 634 4276 έν
651 4225 697 4292 τῷ.
731 4227 822 4276 irenaei
887 4224 912 4278 8.
930 4224 967 4274 no
981 4226 1097 4287 εειαῦφιλ.
1121 4226 1282 4277 mrim
1297 4222 1345 4281 διεδ
1361 4228 1416 4283 τοῦ.

259 4292 357 4352 ίιιλεηεε.
376 4291 444 4340 habet
460 4306 510 4339 non
528 4288 668 4340 discernere
685 4290 820 4342 valentium
886 4290 912 4345 9.
930 4286 1025 4375 λογίων
1041 4294 1093 4343 σοιλ
1111 4294 1166 4344 Vm.

261 4357 351 4407 falsum
373 4376 388 4406 a
409 4375 477 4408 vero.
511 4361 580 4409 Βίλῦο
597 4362 657 4409 illud
679 4357 708 4414 δέ
732 4358 758 4413 έν
780 4361 818 4430 τῷ
888 4360 928 4411 10.
946 4377 959 4411 ο
978 4374 1022 4409 οεια
1041 4361 1096 4411 Ven.

258 4429 331 4488 φλοιιι
354 4428 493 4489 delendum,
528 4429 614 4476 (ἕεοσίο
638 4424 674 4492 μή
700 4425 817 4490 δεόντως,
887 4430 926 4481 11.
940 4421 1416 4493 ἀκεραίωςηνοιίυιιλςοιτίοίαιλινετ.

260 4496 377 4545 umen
389 4495 467 4559 μηδέν
480 4511 505 4546 τι
512 4496 678 4545 restituendum
687 4498 817 4548 videbatur.
851 4493 997 4562 δοκιμάσαι,
1013 4498 1099 4547 inam
1108 4498 1139 4547 δε
1148 4500 1287 4549 mmm
1297 4500 1350 4552 ud.
1360 4502 1417 4555 Vn.

294 4560 317 4615 7.
335 4560 439 4631 παρέχει
459 4563 510 4613 σοιλ
529 4560 584 4612 λιιι.
605 4576 666 4626 quae
685 4566 818 4615 εσιιλιαιιειι
851 4567 899 4616 δια
915 4576 969 4615 τιιιει
990 4564 1038 4616 Vct.
1051 4566 1142 4617 λειιιοιλ
1154 4564 1254 4631 λείη.
1270 4568 1358 4643 ωειλ
1371 4566 1428 4639 μ’
