3046 5084
155 346 196 406 46
575 350 696 403 εινοτι
714 350 885 401 mmmmm

154 497 185 536 τε
202 477 308 553 ψυχῶν
324 473 376 535 καί
391 466 659 552 μετενσωματιάσεις
675 464 735 533 άπδ
752 464 886 549 σώματος
902 466 945 540 είς
960 469 1062 546 σῶμα,
1084 460 1313 543 καθαιρομένας

153 571 307 655 σωμάτων,
331 570 376 653 έῆ
392 568 418 635 δ’
434 564 474 634 αὖ
490 569 577 634 πάλιν
593 568 775 647 είςδυούσας,
796 569 847 633 καί
863 564 1010 631 άνάπαλιν
1025 566 1214 649 γεννωμένας.
1246 560 1314 627 Διὰ

153 682 263 757 πολλῆς
281 672 379 739 αὐτῶν
398 671 509 754 πλάνης
525 669 633 753 ταύτην
650 669 706 754 τήν
723 668 859 752 άοέβειαν
875 671 1106 751 παρυφαίνουσι.
1151 666 1257 748 Μέρος
1276 664 1314 729 δέ

153 784 228 842 θεοῦ
245 779 295 840 καὶ
313 774 464 841 άθάνατον
480 773 535 856 τὴν
551 772 652 856 ψυχὴν
669 770 818 856 ἡγοῦνται.
850 768 963 852 ’Έσχον
982 769 1015 832 δέ
1035 765 1161 848 Ζήνωνα
1179 764 1315 850 άρχηγδν

151 886 204 962 τῆς
225 886 339 957 Στοᾶς,
369 879 436 963 περὶ
466 869 502 942 ού
528 874 620 949 πολύς
657 882 826 957 έθρυλεῖται
848 871 942 956 λόγος.
994 873 1034 934 Οἱ
1057 871 1109 951 μέν
1136 866 1191 952 γάρ
1215 864 1314 933 αύτόν

152 985 266 1063 ἔφασαν
283 977 443 1043 Κλεάνθου
456 977 538 1051 τινός
553 984 606 1040 τοῦ
622 973 682 1039 άπδ
704 973 804 1057 Τύρου
820 971 1010 1056 ὁρμωμένου,
1033 970 1113 1036 άλλοι
1128 971 1160 1035 δέ
1174 967 1313 1049 φάσκου-

152 1104 199 1148 σιν
215 1079 308 1146 αύτόν
324 1081 427 1143 Κιτιέα
443 1087 497 1159 τῆς
514 1077 642 1162 Κύπρου
658 1074 819 1158 νησιώτην,
849 1078 881 1140 έν
894 1072 991 1161 Ῥώμη
1007 1075 1039 1137 δέ
1052 1073 1227 1156 βεβιωκέναι
1241 1071 1313 1156 χρό·

152 1209 216 1261 νον,
238 1181 361 1265 ὕστερον
374 1181 406 1243 δέ
421 1182 453 1244 ἒν
464 1178 608 1260 Ἀθήναις
622 1179 862 1261 προστησάμενον
875 1178 957 1240 τουτί
968 1174 1001 1239 τό
1017 1175 1112 1260 δόγμα
1128 1177 1160 1239 έν
1174 1181 1211 1261 τῇ
1224 1179 1315 1262 Στοᾷ

155 1283 232 1350 οὕτω
252 1283 433 1369 καλουμένη·
463 1280 539 1354 τινές
556 1281 589 1343 δέ
607 1301 680 1360 φασι
696 1279 750 1343 δύο
774 1277 915 1360 Ζήνωνας
932 1274 1022 1355 εἶναι,
1053 1275 1106 1341 τόν
1126 1301 1157 1340 τε
1172 1273 1315 1359 Ἐλεάτην

154 1387 205 1450 καὶ
220 1383 271 1449 τόν
285 1384 505 1467 προειρημένον.
539 1380 643 1463 Ὅμως
659 1385 690 1445 οί
702 1379 865 1464 άμφότεροι
879 1379 974 1454 οὕτως
988 1377 1193 1463 έδογμάτισαν,
1216 1380 1244 1441 εἰ
1256 1380 1314 1443 καὶ

154 1486 211 1552 δύο
233 1483 299 1549 εἶεν.
350 1483 461 1547 Φάσιιει
483 1475 539 1548 οὖν
563 1486 615 1548 καί
636 1477 739 1562 οὗτος,
768 1481 822 1565 τήν
846 1482 918 1563 ύλην
938 1481 1097 1565 σύγχρονον
1120 1487 1241 1545 4καλῶν
1266 1488 1313 1568 τῷ

154 1596 234 1676 θεῷ,
262 1590 312 1650 ίσα
329 1595 393 1659 ταῖς
412 1583 510 1659 άλλαις
529 1587 687 1667 αἱρέσεσιν,
717 1587 892 1668 εἱμαρμένην
912 1609 942 1647 τε
960 1581 1034 1646 εἶναι
1050 1584 1100 1646 καί
1117 1583 1246 1668 γένεσιν,
1278 1585 1313 1660 ἐξ

154 1683 192 1772 ἧς
211 1686 248 1752 τά
265 1686 361 1752 πάντα
378 1690 529 1751 δωικεῖται
544 1689 595 1750 καί
612 1685 722 1768 πάσχει.
768 1685 853 1770 Πρός
869 1684 888 1748 ἃ
906 1690 1005 1749 τοίνυν
1023 1681 1147 1766 ίσχύειη
1164 1681 1314 1765 σύντομος

155 1789 241 1874 ἡμῶν
263 1788 338 1869 αὕτη
362 1784 510 1866 σύνταξις,
541 1787 618 1872 πρός
638 1788 692 1870 την
712 1787 819 1853 τούτου
837 1785 1006 1868 φαυλότητα
1024 1783 1213 1870 άλεξηιηριον
1230 1784 1312 1871 φάρ-

155 1917 251 1975 μακον
274 1892 425 1967 διεξιέναι,
446 1892 497 1954 καί
516 1889 582 1972 ου’χὶ
597 1897 704 1973 μᾶλλον
725 1893 766 1966 είς
785 1887 875 1974 όγκον
893 1888 986 1954 πολύν
1009 1887 1127 1953 έέλάσω
1144 1895 1198 1970 τῆς
1214 1912 1310 1974 πραγ-

155 1997 275 2077 ματείας
296 1990 330 2056 τό
352 1993 502 2076 ἐχέγγυον,
524 1989 694 2077 άκροθιγῶς
712 1993 762 2072 δὲ,
790 1996 839 2057 ἵνα
855 1990 897 2074 μὴ
915 1994 946 2056 έν
965 1995 1144 2080 παραδρομῇ
1167 1991 1312 2075 γένωμαι,

156 2095 231 2182 πρός
251 2102 357 2160 τοῦτον
379 2096 446 2178 ἐρῶ.

21 2305 89 2371 Κεφ.
108 2297 139 2370 β’.
244 2297 349 2362 Πόθεν
375 2300 513 2380 εἴληφας,
548 2291 571 2362 ὦ
596 2290 698 2373 οὗτος,
729 2294 783 2376 τὴν
807 2303 860 2377 τῆς
881 2300 1070 2371 διδασκαλίας
1088 2293 1257 2381 ύφηγησιν;
1289 2293 1312 2382 ἢ

155 2408 242 2465 ποῖον
264 2407 377 2481 πνεῦμα
399 2399 484 2485 δι’γιον
506 2397 672 2483 οὐρανόθεν
693 2396 828 2479 λελάληκέ
854 2421 900 2462 σοι
927 2401 994 2482 περὶ
1019 2406 1073 2481 τῆς
1095 2407 1207 2464 σαυτοῦ
1235 2399 1314 2465 πλά-

156 2528 224 2584 νηςς
256 2499 321 2566 Δύο
349 2502 401 2583 μέν
427 2499 483 2585 γάρ
507 2502 556 2564 έιιὶ
583 2498 615 2563 τό
638 2496 709 2563 αύτό
732 2498 891 2582 σύγχρονα,
920 2501 1066 2582 ὕληνκαὶ
1088 2499 1177 2577 θεόν,
1209 2505 1312 2583 βεβια.

156 2606 270 2686 σμένως
295 2604 394 2686 λέγεις.
446 2608 583 2665 Πεσεῖται
610 2599 665 2683 γάρ
694 2623 747 2665 σου
777 2598 794 2665 ό
819 2600 921 2687 λόγος,
950 2605 1002 2666 καί
1028 2601 1190 2677 άσύστατος
1217 2605 1314 2669 έσται.

156 2703 325 2787 Ὁμολογεῖς
341 2703 393 2783 μέν
407 2700 463 2786 γάρ
481 2728 544 2766 τινα
565 2698 640 2766 εἶναι
655 2700 850 2787 δημιουργόν,
880 2702 915 2769 ὃν
930 2706 981 2768 καί
995 2704 1220 2790 παντοκράτορα
1236 2702 1314 2794 φης,

50 2836 101 2882 μς.
112 2823 146 2866 1³.
159 2811 264 2870 τοῦτον
287 2805 318 2866 δέ
342 2808 463 2884 μερίζεις
485 2805 525 2877 είς
546 2809 720 2868 πολυθεΐαν.
769 2811 855 2880 Τίνος
876 2803 902 2869 δ’
924 2804 960 2870 όν
975 2811 1019 2887 είη
1036 2805 1228 2891 δημιουργός,
1263 2811 1317 2873 ιεί

160 2903 321 2989 σύγχρονος
338 2906 382 2985 είή
404 2901 424 2986 ἡ
442 2903 513 2986 ὅλης
535 2903 640 2970 Ἔσται
657 2904 712 2990 γάρ
729 2904 801 2970 καθ’
816 2905 923 2988 ἕαυτην
940 2910 1046 2990 έαυτῆς
1063 2908 1258 2987 δεσπόζουσα,
1291 2908 1316 2993 ἦ

161 3006 201 3090 μη
221 3003 280 3070 dod
300 3006 396 3069 αἰτίου
413 3005 493 3081 τινός
508 3012 639 3088 λαβοῦσα
654 3007 708 3091 την
724 3006 829 3092 άρχήν,
858 3012 910 3073 καί
927 3009 979 3093 ούχ
993 3008 1224 3092 ύποτασσομένη.
1269 3014 1318 3076 El

161 3111 193 3175 δέ
215 3105 233 3173 ό
253 3106 433 3191 δημιουργός
456 3107 536 3193 παρά
560 3109 667 3192 ταύτης
684 3110 825 3192 λαμβάνει
845 3111 994 3197 προβολὴν
1010 3111 1119 3194 ταύτην
1138 3110 1313 3198 εύράμενος,

161 3208 301 3297 άδράνειά
324 3235 368 3283 τις
390 3208 427 3272 dlv
449 3213 495 3291 εἴη
517 3213 566 3274 καί
587 3214 690 3296 έρανος
714 3210 750 3276 δι’
772 3210 899 3297 άπορίαν
917 3222 957 3302 τῷ
973 3216 1237 3302 προςπορισαμένφ
1255 3211 1317 3281 ούκ

161 3313 220 3380 άπό
243 3320 302 3378 τῶν
326 3314 409 3375 ἰδίων
415 3362 424 3390 ,
454 3309 512 3374 άλλ’
530 3315 559 3388 ἐξ
578 3310 776 3394 ὑποκειμένων
793 3312 962 3396 άλλοτρίων,
992 3315 1075 3392 ὅπως
1092 3315 1124 3381 τό
1142 3321 1219 3381 ίδιον
1235 3313 1314 3382 διτο-

162 3416 295 3498 στησεται
312 3412 527 3498 δημιούργημα.
573 3417 633 3478 Καὶ
652 3418 718 3499 περὶ
735 3423 788 3480 τοῦ
810 3424 868 3481 τῶν
886 3426 992 3500 ψυχῶν
1009 3426 1203 3503 μεταγγισμοῦ
1219 3417 1314 3502 πολλή

162 3543 207 3592 τις
229 3515 250 3599 ἡ
271 3515 422 3599 φαυλότης
441 3524 495 3598 τῆς
512 3519 789 3600 παραπεποιημένης
806 3541 859 3584 σου
876 3524 1021 3596 διανοίας,
1053 3521 1230 3601 έθελόσοφε,
1260 3521 1315 3585 καὶ

163 3624 269 3701 γνῶσιν
294 3617 468 3704 ἀνθρώποις
491 3617 727 3703 έπαγγελλόμενε.
770 3622 813 3682 Εί
832 3620 887 3706 γάρ
911 3624 999 3706 μέρος
1019 3630 1095 3687 θεοῦ
1116 3620 1239 3708 ύπάρχει
1260 3624 1316 3687 καί

164 3716 329 3796 άθάνατος,
357 3721 478 3804 σώματα
497 3721 529 3786 δέ
547 3717 665 3806 οἰκτρά,
695 3720 731 3786 ού
749 3720 842 3805 μόνον
858 3726 970 3805 εἴποιμι
987 3732 1093 3809 θηρῶν
1113 3750 1143 3788 τε
1161 3726 1212 3789 καὶ
1228 3725 1315 3806 έρτιε-

189 3872 221 3956 12.
238 3875 414 3954 λίοτιλιοοιιιιι,
438 3893 495 3940 qum
510 3881 575 3938 vidi,
601 3871 620 3943 η“
643 3871 666 3930 δ’
688 3865 723 3930 αά
787 3879 810 3929 5.
831 3882 903 3942 ίυλμο
920 3875 1029 3932 έλάοόω.
1047 3883 1161 3931 Μιιιιλοω.
1187 3883 1316 3931 Camarina

163 3944 251 4021 πάλιν,
269 3946 357 4020 οιίιοιι.
391 3938 533 4010 formulam*
552 3945 581 4000 δὲ
600 3934 634 3997 αά
648 3942 720 3999 πάλιν
753 3952 858 4008 vertens,
882 3949 1014 4007 Quomodo
1037 3948 1113 4015 igitur
1129 3946 1316 4014 compendiario

162 4015 261 4060 occumt
272 4014 354 4057 ιίτνιινιι
369 4013 432 4071 infra
447 4014 509 4063 haer.
532 4011 573 4075 45,
592 4014 614 4065 l.
628 4016 645 4076 ί.
673 4018 721 4064 Pro
753 4015 815 4064 haec
830 4026 915 4064 nostra
927 4016 1043 4066 tractatio
1056 4016 1173 4067 adversus
1188 4014 1257 4066 huius
1272 4014 1315 4065 vi-

162 4074 346 4141 καθαιρομένας
355 4079 445 4127 videtur
454 4084 609 4140 reponendum
621 4081 665 4134 καὶ
675 4100 720 4134 κα·
753 4083 788 4132 tia
812 4082 929 4132 auxiliare
954 4084 1160 4135 medicamentum
1184 4100 1315 4134 recensere

163 4143 321 4225 θαιρομένας.
338 4216 343 4226 Ι
400 4213 405 4225 ⁸
434 4216 439 4225 υ
753 4150 866 4218 poterit?
882 4151 917 4200 ὶια
932 4162 959 4200 ut
971 4170 1021 4203 non
1036 4153 1113 4202 multo
1125 4154 1206 4202 minor
1215 4150 1315 4216 magni-

192 4212 220 4296 ζ).
237 4218 272 4263 ua
289 4214 343 4293 λιδνι
359 4217 440 4274 εσνιμίι
460 4218 480 4262 ιλ
497 4215 533 4263 αλ.
549 4219 624 4277 pn'nc.
643 4219 720 4284 flom-
753 4219 840 4270 tudine
862 4220 899 4269 rei
923 4220 966 4270 fiat
983 4220 1116 4271 defensio?
1153 4222 1243 4272 Verum
1264 4225 1316 4271 οείί.

163 4281 241 4331 λειται
256 4283 311 4361 {dd-
328 4284 408 4330 Pefflv·
753 4304 800 4339 ιιοιι
814 4292 891 4350 οιοφλι
904 4290 960 4339 hoec
973 4293 1043 4340 verbo
1059 4292 1169 4338 intellexit
1183 4303 1255 4351 quom
1269 4289 1315 4336 Ρα-

196 4343 303 4428 43Lobro
317 4351 400 4397 λαοιιιλ
412 4350 504 4405 καλεῖν,
518 4353 579 4411 qood
592 4358 681 4404 mutavi
695 4359 721 4406 ιἰι
753 4360 838 4406 savius.
872 4361 933 4407 Nam
949 4361 1019 4407 verbo
1037 4353 1099 4422 πρὸς
1115 4353 1161 4421 τήν
1177 4353 1266 4407 τούτου
1280 4383 1316 4394 -·

163 4415 254 4492 καλων.
275 4419 408 4495 ’θριιιοιθυιι
418 4420 511 4495 retingo!
524 4421 607 4471 καλεῖν
618 4428 720 4473 vertens:
755 4423 913 4486 -διεξιέναι
926 4432 978 4475 sunt
990 4440 1031 4486 μιν
1043 4428 1178 4485 ιριττςωιιι
1191 4424 1316 4474 sumendo.

163 4488 258 4532 Αιιειιι
274 4492 348 4549 agutur
365 4495 440 4534 onam
457 4484 498 4534 hle
515 4487 641 4538 materiam
657 4507 721 4540 con·
754 4495 891 4553 λιιλαγνιλον
903 4498 990 4556 ι’γιλιιιι
1006 4490 1046 4540 Διί
1060 4507 1123 4557 quae
1132 4491 1208 4557 igitur
1221 4489 1317 4541 suffieit

162 4560 347 4619 temporaneam
370 4552 421 4606 deo
437 4551 610 4620 appellandam
626 4573 687 4608 ωιο.
756 4558 939 4628 compendiario
961 4559 1024 4609 hooc
1046 4559 1178 4624 ιταοιιιιίο,
1204 4559 1255 4610 hoc
1278 4568 1317 4609 ειε
