3046 5084
357 337 492 388 nnuaau
510 339 574 390 ura.
585 341 605 390 r.
623 339 705 391 rou.
722 340 766 390 111.
784 340 881 390 anan.
896 341 1021 392 xxxvi.
1203 329 1264 392 493

115 466 161 519 tus
176 455 225 518 ille
241 453 355 536 Dauid,
380 477 445 520 eum
462 478 528 521 enm
543 459 738 523 conscelerati
756 457 890 522 homines
906 471 1152 545 persequerentur
1166 481 1201 523 ac
1216 482 1265 524 ca·

117 556 234 621 lumuiis
257 560 457 639 incesserent,
487 563 599 642 lustaus
620 582 700 634 sum,
726 561 835 644 inquit,
861 567 890 622 in
913 567 1030 623 matema
1047 565 1186 644 praefandi
1205 573 1262 625 etc.

199 658 312 724 Verum
329 663 579 746 quandoquidem,
605 685 623 726 o
641 660 805 741 Heracleo,
830 664 922 746 placet
939 663 989 726 tibi
1006 664 1155 726 errateriam
1175 664 1265 726 homi·
1286 672 1345 739 cap.
1365 675 1392 721 v.

114 783 182 825 num
198 783 265 826 esse
282 784 424 848 corpora,
450 775 599 848 totumque
614 764 691 828 istud
709 764 894 840 universum,
924 785 1032 847 quaero
1049 765 1100 828 abs
1118 776 1145 827 te
1162 765 1266 848 quibus

113 864 150 926 de
162 864 275 928 caussis
288 867 412 930 animam
428 888 510 931 suam
524 866 665 930 materiae
679 876 796 930 creator
811 867 978 929 inseruerit.
1013 863 1046 930 Si
1062 867 1166 930 malum
1182 869 1265 949 iguo-

114 966 207 1044 ravit,
232 969 279 1051 qui
295 970 371 1052 quod
387 968 481 1033 moliri
495 970 558 1033 vult
573 967 690 1052 ignorat
704 969 818 1032 efficere
833 970 951 1031 omuino
968 969 1036 1031 nihil
1052 980 1158 1054 potest.
1202 967 1265 1032 Ne-

113 1089 169 1151 que
189 1069 265 1132 enim
288 1092 343 1134 nos
360 1071 389 1134 iu
407 1072 530 1156 siugulis
547 1071 659 1135 artibus
676 1071 811 1135 molimur
832 1070 975 1155 quippiam
992 1073 1067 1154 qnod
1085 1092 1141 1134 non
1159 1071 1266 1134 intelli-

112 1169 219 1254 gimus.
265 1170 409 1257 Quicquid
428 1185 522 1237 autern
542 1174 682 1259 perlicere
701 1173 852 1250 volumus,
885 1173 912 1235 id
932 1174 979 1235 diu
997 1183 1064 1235 acite
1080 1173 1263 1251 rnreditamur,

112 1283 143 1335 et
158 1274 233 1356 quod
255 1276 416 1339 laciendum
434 1277 632 1362 suscepimus,
663 1275 761 1339 animo
779 1285 846 1338 ante
865 1287 894 1337 ct
914 1275 1081 1357 cognitione
1099 1276 1265 1360 complecti-

112 1396 189 1438 mur.
234 1377 324 1461 Atqui
343 1378 502 1442 imbecilles
522 1379 576 1463 ipsi
594 1400 713 1457 sumus,
745 1390 774 1441 et
791 1379 877 1460 longe
897 1399 914 1440 a
931 1377 1027 1439 divina
1044 1386 1186 1461 potestate
1203 1379 1265 1440 vin-

113 1478 221 1556 cimun,
253 1490 283 1542 et
305 1491 400 1544 tamen
423 1503 475 1566 pro
496 1482 584 1545 insita
604 1481 638 1544 ab
660 1481 710 1543 illo
730 1484 831 1562 generi
851 1481 976 1542 humano
993 1481 1113 1541 solertia
1131 1480 1265 1543 novimus

112 1581 188 1644 istud
209 1592 239 1644 et
258 1594 354 1646 mente
374 1584 560 1668 percipimus.
607 1581 676 1646 Tibi
696 1594 793 1646 autem
813 1583 967 1660 nimirum,
1001 1580 1164 1658 llenacleo,
1196 1605 1265 1644 con-

113 1703 197 1746 cessa
218 1683 268 1753 illa
290 1685 429 1748 divinitus
452 1685 643 1768 intelligentia
665 1684 758 1748 l'raudi
784 1685 852 1763 luit,
885 1687 960 1768 quod
980 1707 1037 1746 non
1058 1705 1098 1746 ex
1117 1683 1161 1747 dei
1182 1707 1265 1768 prae·

114 1787 243 1872 scripto,
275 1788 325 1850 sed
349 1809 390 1851 ex
407 1787 534 1873 pessimo
553 1787 641 1850 animi
660 1787 700 1849 tui
719 1788 815 1850 studio
833 1808 976 1850 exercere
993 1786 1070 1849 illam
1089 1787 1262 1849 institueris.

115 1885 179 1952 Hoc
197 1911 285 1952 unum
303 1889 424 1975 insuper
440 1891 527 1952 velim
546 1889 615 1952 mibi
632 1890 828 1971 respondeas,
861 1891 1003 1951 undenam
1020 1889 1160 1972 spiritalis
1174 1889 1263 1965 illius,

113 2011 196 2074 quem
216 2003 244 2055 tu
261 1992 431 2056 interiorem
450 1993 595 2055 bominem
614 2012 723 2070 vocas,
750 2013 814 2054 uum
833 1991 948 2053 animali
966 2013 1000 2053 ac
1018 1991 1177 2070 materiali,
1202 1990 1265 2053 sivo

112 2094 241 2157 secundo
256 2115 290 2157 ac
307 2096 406 2175 tertio,
431 2095 632 2178 exteriorique
647 2094 721 2157 adeo
736 2093 864 2169 bomine,
890 2092 1036 2156 coniuncti
1052 2094 1181 2156 sit-lacta
1197 2114 1266 2154 cou-

111 2196 215 2258 cretio.
262 2195 295 2261 Si
315 2199 351 2260 de
370 2217 524 2281 supremae
544 2196 677 2275 virtutis,
712 2195 765 2258 hoc
785 2207 832 2258 est
845 2194 983 2261 Parentis
1002 2196 1147 2272 omnium,
1181 2215 1265 2277 quem

111 2295 239 2384 Bytbum
261 2300 348 2362 etiam
371 2321 478 2377 vocas,
512 2299 661 2362 voluntate
682 2309 796 2383 gestum
822 2298 950 2377 dixeris,
982 2320 1040 2362 uon
1060 2309 1146 2361 eruunt
1164 2297 1263 2378 igitur,

113 2411 145 2464 ut
163 2401 270 2464 dictum
289 2413 353 2479 est,
387 2413 505 2466 creatae
523 2402 598 2466 istae
616 2401 789 2486 intimaeque
804 2422 852 2464 res
870 2401 964 2464 omrris
982 2422 1047 2463 cunr
1065 2399 1265 2484 superioribus

112 2503 325 2567 communionis
343 2516 494 2588 expertes,
519 2505 546 2567 id
566 2504 718 2590 ipsumque
737 2505 773 2566 de
792 2504 919 2588 supremi
936 2501 1072 2567 Parentis
1091 2503 1213 2565 corisilio
1231 2523 1265 2563 uc

113 2606 235 2669 coelitus
259 2605 374 2692 delapsa
396 2608 445 2669 illa
465 2607 591 2670 scintilla
611 2617 846 2691 consequentur,
876 2607 923 2690 qui
944 2618 988 2669 est
1002 2605 1120 2669 intimus
1140 2606 1187 2667 ille
1204 2606 1265 2689 opi-

112 2709 200 2772 nione
225 2719 272 2772 tua
296 2731 329 2771 ac
352 2709 491 2794 spiritalis
511 2711 609 2774 homo.
655 2707 709 2774 Sin
728 2710 908 2774 conditorem
927 2710 1018 2772 utravis
1040 2709 1069 2770 in
1091 2710 1205 2772 delectu
1226 2722 1267 2772 at-

110 2832 167 2895 que
185 2805 317 2894 egestate
333 2813 539 2892 constitutum,
570 2814 700 2878 auteius
720 2825 860 2890 matrem,
891 2835 974 2896 quam
994 2811 1156 2875 Achamoth
1175 2813 1266 2874 nomi·

110 2936 181 2994 uas,
206 2915 264 2978 vim
282 2916 359 2979 illam
379 2915 513 2979 hausisse
532 2917 567 2979 de
583 2917 684 2993 coelo,
710 2915 764 2977 hoc
780 2915 874 3000 ipsum
891 2917 1026 2978 videlicet
1043 2915 1117 2999 quod
1137 2915 1266 2999 spiritale

111 3028 173 3097 est,
198 3018 331 3101 sequitur
349 3039 443 3101 neque
462 3019 661 3096 enormiorem,
693 3038 788 3101 neque
807 3040 892 3100 quarn
912 3028 941 3080 tu
960 3030 1080 3080 turturem
1098 3017 1175 3080 illius
1194 3040 1266 3080 trun·

111 3141 209 3204 cupas,
233 3120 262 3182 in
279 3122 393 3183 delectu
411 3120 533 3205 amplius
548 3121 771 3204 ignorantiuque
788 3121 914 3183 versari.
961 3117 1019 3202 Qui
1038 3120 1113 3183 eninr
1129 3120 1266 3203 ignorare

110 3220 214 3306 aliquis
233 3232 329 3307 potest
344 3223 426 3285 cuius
442 3223 599 3308 cupiditate
616 3224 748 3285 ducitur?
789 3220 867 3285 Nam
885 3224 909 3286 si
927 3222 1062 3299 onrnino,
1087 3223 1162 3306 quod
1182 3241 1264 3304 pruc-

109 3326 233 3390 stautius
251 3337 296 3389 est
312 3326 471 3403 desiderat,
497 3326 572 3409 quod
589 3325 740 3388 honestum
758 3337 804 3388 est
820 3327 984 3408 bonumque
1000 3322 1163 3407 cognoscit.
1206 3321 1264 3404 Quoi

108 3439 204 3491 autem
227 3439 256 3491 et
274 3429 380 3491 bonurn
401 3427 567 3512 cognitione
590 3428 685 3512 capit,
718 3449 812 3511 neque
832 3428 892 3490 odit
909 3428 995 3503 illud,
1021 3427 1070 3489 sed
1091 3425 1215 3510 appetit,
1248 3447 1265 3487 a

110 3530 186 3594 bono
209 3552 388 3615 nequaquam
413 3532 526 3594 alienus
549 3539 606 3594 cst.

194 3630 253 3699 Sed
270 3654 307 3696 ne
322 3633 350 3695 in
369 3633 578 3718 persequendis
598 3632 754 3719 importuni
769 3633 846 3696 illius
865 3631 1018 3694 nebulonis
1038 3631 1187 3694 fraudibus
1203 3631 1265 3693 diu·
1283 3642 1343 3708 cap.
1358 3639 1401 3689 vt.

110 3737 167 3800 tius
183 3737 335 3814 haeream,
359 3736 395 3799 iis
412 3757 487 3820 quae
504 3736 651 3821 proposita
668 3745 738 3798 sunt
753 3757 804 3798 ero
821 3743 987 3797 contentus.
1035 3729 1109 3796 Cum
1131 3754 1265 3817 praeser-

109 3838 159 3902 tim
184 3839 231 3903 vel
254 3859 294 3901 ex
318 3838 373 3901 hoa
397 3859 457 3901 uno
479 3838 555 3902 illius
577 3848 757 3901 evanescant
774 3837 906 3912 somnia,
939 3837 1013 3918 quod
1032 3857 1118 3898 nemo
1135 3847 1181 3898 est
1197 3836 1264 3918 quin

107 3941 313 4006 universorum
330 3940 477 4003 domiuum
494 3940 600 4004 borium
621 3960 688 4003 esse
708 3940 863 4021 omniaque
881 3949 910 4000 et
933 3939 1104 4022 praevidere
1125 3948 1153 4000 et
1170 3939 1265 4000 moliri

107 4063 195 4128 posse
216 4043 342 4120 sentiat,
374 4053 521 4126 totamque
544 4063 642 4106 rerurn
662 4053 794 4106 naturam
819 4040 854 4103 ab
878 4040 926 4103 illo
946 4041 1091 4104 conditam
1114 4042 1264 4125 praeclare

107 4146 225 4209 omnino
250 4145 420 4210 lubricatum
446 4145 608 4210 existimet.
654 4143 737 4208 Nihil
763 4143 839 4206 enim
868 4143 976 4227 absque
1002 4145 1056 4207 deo
1081 4153 1178 4229 potest
1202 4143 1265 4206 exi-

108 4259 204 4327 stere,
238 4259 441 4334 praeterquam
458 4258 627 4332 peccatum,
661 4247 744 4309 cuius
761 4246 847 4309 radix
863 4256 894 4309 et
910 4247 993 4331 origo
1012 4245 1152 4331 principio
1170 4258 1263 4326 caret,

108 4371 204 4435 neque
226 4363 365 4437 perpetuu
389 4360 503 4428 manet,
540 4351 592 4414 sed
614 4351 644 4413 in
664 4348 748 4415 nobis
766 4349 836 4435 ipsis
855 4348 1045 4414 adventitium
1062 4349 1140 4413 inest
1161 4361 1192 4412 et
1211 4370 1264 4413 ex-

140 4503 164 4556 2.
182 4502 216 4569 δὴ
234 4521 279 4554 om.
295 4507 332 4555 ed.
349 4507 429 4556 Petcu.
736 4499 761 4554 ·l.
778 4505 843 4554 Libri
859 4506 942 4554 habent
961 4501 1121 4571 συνημμένῳ.

139 4573 164 4623 3.
182 4576 331 4637 ltepocurrt'ra
348 4568 362 4625 ὁ
381 4571 433 4626 ἔσω
450 4565 591 4640 ἅνθρωπος.
736 4571 760 4622 5.
778 4573 842 4622 Editr'
858 4575 912 4623 ttbrr'
927 4575 1011 4624 habeut
1029 4568 1122 4639 pqralp.
