3046 5084
159 332 219 393 654
581 340 701 392 εκνοτι
719 340 886 391 κνινεικαιι

161 460 250 541 Μηδὲ
266 457 446 543 πειράζωμεν
460 456 512 521 τόν
529 455 640 539 κύριον.
682 455 716 520 ‘0
731 458 763 521 δέ
779 459 927 540 Μαρκίων
947 452 1011 519 ἀντὶ
1030 460 1084 519 τού
1099 452 1217 539 Κύρων
1240 460 1308 535 Χρι-

159 560 228 626 στόν
244 564 370 642 ἐποίησε.
417 557 545 644 Χριστόν
561 561 593 623 δὲ
610 562 661 625 καλ
677 557 782 643 κύριον
797 556 905 623 ταύτόν
925 554 1108 641 33ύπάργει,
1130 554 1189 621 κάν
1205 554 1246 639 μη
1261 560 1309 621 δο-

160 669 228 746 κοίη
249 671 289 751 τῷ
308 665 485 747 Μαρκίωνι,
515 663 811 746 προϋποτεταγμένης
832 669 884 743 τῆς
904 668 957 726 τοῦ
977 666 1109 745 Χριστοῦ
1130 660 1308 741 έπωυυμίος,

160 769 191 829 έν
207 774 247 853 τῷ
264 769 366 843 εἰπεῖν,
387 762 424 827 Ἡ
434 765 525 848 πέτρα
539 756 576 846 ἦν
589 761 607 828 ό
622 762 758 848 Χριστός,
780 766 845 841 καὶ,
871 760 935 827 Οάκ
949 765 980 829 έν
995 771 1056 838 τοῖς
1067 766 1200 827 πλείοσιν
1214 758 1309 825 αύτῶυ

159 866 315 950 ηύδόκησε.
361 865 484 944 Διεξιάν
499 867 531 931 δὲ
546 865 633 930 πάλιν
650 864 668 931 ό
685 865 769 951 άγιος
785 863 947 941 ἀπόστολος
963 872 1063 931 πάσαν
1079 862 1135 947 τὴν
1149 870 1206 929 τοῦ
1222 888 1310 943 κεφα-

158 975 243 1034 λαίου
260 967 406 1035 ύπόθεσίν
421 991 510 1051 φησι,
539 976 635 1032 Ταῦτα
654 970 686 1033 δὲ
702 976 834 1043 τυπικῶς
851 969 1019 1050 συνέβαινεν
1034 970 1173 1045 ἐκείνοις,
1196 963 1311 1051 έγράφη

159 1074 191 1136 δὲ
213 1070 284 1155 ἡμῖν
306 1075 348 1147 είς
370 1076 535 1137 νουθεσίαν.
582 1075 624 1135 El
639 1076 738 1137 τοίνυν
759 1069 794 1136 τά
812 1077 944 1146 τυπικῶς
963 1072 1083 1145 ἐκείνοις
1101 1066 1312 1151 συμβεβηκότα

160 1175 275 1259 ἐγράφη
293 1172 362 1257 ἡμῖν
378 1178 420 1249 εἰς
438 1178 612 1252 νουθεσίαν,
635 1171 652 1238 ό
669 1173 787 1259 γράψας
804 1173 839 1237 τά
857 1171 995 1258 γεγονότα
1012 1171 1076 1237 τότε
1092 1174 1136 1248 εἰς
1151 1175 1313 1237 νουθεσίαν

160 1274 245 1358 ἡμῶν
260 1280 421 1359 ἐπεμελεῖτο
438 1269 481 1341 οἷν
495 1280 547 1342 καὶ
561 1275 614 1359 τήν
628 1283 789 1341 νουθεσίαν
804 1279 947 1355 ἐποιεῖτο,
974 1275 1006 1341 τό
1022 1273 1064 1357 μὴ
1082 1278 1218 1360 γίνεσθαι
1235 1270 1314 1356 ἡμᾶς

160 1378 349 1461 ἐπιθυμητὰς
367 1386 477 1443 κακῶν.
521 1376 553 1443 Ὁ
576 1380 607 1443 δέ
629 1378 670 1461 μή
692 1382 789 1445 θέλων
808 1386 909 1443 κακῶν
930 1375 1117 1460 έπεθυμητάς
1137 1374 1219 1459 ἡμᾶς
1239 1372 1314 1439 τίνοι

160 1480 216 1565 ἀρα
234 1478 348 1565 ἀγαθός
365 1478 503 1563 ἀπάρχει,
525 1484 575 1545 καλ
593 1479 629 1546 ού
646 1480 747 1557 κακός.
789 1479 838 1544 Ἐν
854 1478 901 1556 οἷς
919 1478 974 1566 γάρ
990 1478 1130 1565 ύπάρχει,
1151 1481 1184 1545 έν
1197 1476 1314 1555 τούτοις

160 1585 354 1668 προτρέπεται
370 1580 449 1665 ἡμᾶς
465 1580 553 1661 εἶναι,
577 1581 596 1649 ό
613 1581 702 1659 αύτάς
718 1581 834 1668 ἀγαθός
851 1581 923 1658 θεός
939 1582 981 1650 τόν
997 1584 1047 1648 καί
1066 1586 1196 1659 δίκαιος,
1218 1577 1237 1647 ό
1254 1586 1313 1646 τεάν

161 1688 389 1771 προγραφέντων
410 1684 498 1765 θεός,
529 1688 579 1750 καὶ
600 1693 659 1751 τῶν
680 1687 830 1769 μετέπειτα
853 1688 1097 1768 νουθετουμένωυ
1117 1682 1238 1767 κτιστής
1260 1680 1312 1759 ολν,

162 1794 219 1853 τῶν
236 1788 356 1853 πάντων
374 1790 424 1853 καί
441 1786 622 1874 δημιουργός
636 1790 686 1853 καὶ
702 1790 883 1870 νομοθέτης,
907 1790 957 1855 καί
975 1784 1138 1875 δωρητικδς
1151 1793 1214 1853 τάν
1228 1782 1311 1871 εύαγ-

161 1896 277 1977 γελίων,
299 1894 348 1955 καί
371 1888 541 1975 καθοδηγδς
561 1898 621 1955 τῶν
642 1888 822 1956 ἀποστόλων.

246 2095 327 2161 ι’καί
344 2096 381 2179 ιη’
397 2094 482 2179 Σχόλ.
522 2100 557 2160 Τί
570 2089 625 2161 οὖν
641 2123 734 2180 φημις
763 2095 808 2162 ότι
825 2094 983 2181 ἱερόθυτον
997 2099 1026 2161 τί
1042 2096 1135 2175 ἔστιν,
1156 2092 1312 2177 ἧείδυλό-

162 2210 258 2264 θυτον
272 2204 300 2265 τί
312 2202 404 2277 έστινς
427 2196 485 2263 ἀλλ’
501 2198 546 2263 ὅτι
562 2197 581 2263 ἀ
596 2198 707 2265 θύουσι
721 2203 895 2281 δαιμονίοις,
911 2200 963 2264 καλ
977 2194 1014 2263 ού
1027 2202 1100 2287 θεῷ.
1141 2198 1312 2281 Πρσςέθετο

163 2303 195 2366 δὲ
217 2298 234 2367 ό
256 2306 404 2387 Μαρκίων
426 2299 473 2380 τό,
496 2298 671 2385 Ἰερόθυτον.
978 2372 981 2377 ,

42 2442 92 2486 pag.
105 2430 150 2473 εει.
249 2401 266 2468 ι’
282 2406 334 2468 καλ
350 2402 508 2489 ιη”Έλεγμ
545 2408 580 2468 Τί
601 2397 657 2468 οὖν
678 2430 770 2486 φημις
800 2402 999 2469 εἰδωλόθυτον
1019 2405 1047 2467 τί
1068 2403 1161 2479 έστινς
1189 2398 1251 2467 ἀλλ’
1267 2398 1311 2467 ὅτι

163 2504 307 2571 δίθύουοι
322 2510 502 2588 δαιμονίοις,
524 2507 574 2570 καὶ
590 2504 627 2570 ού
645 2514 717 2594 θεῷ.
763 2504 828 2571 Οὐκ
843 2503 1027 2592 ἀπηγόρευσε
1043 2502 1095 2569 τόν
1110 2502 1240 2569 παλαιόν
1254 2508 1313 2569 τάν

163 2610 297 2693 πατέρων
310 2607 416 2694 χρόνον
430 2605 448 2673 ό
465 2606 643 2688 ἀπόστολος,
665 2610 721 2683 ἕως
735 2604 844 2687 αύτοῦ,
865 2610 915 2673 καί
932 2610 989 2683 ἕως
1002 2604 1159 2689 ἀνέστηκεν
1168 2602 1311 2691 Ἰερουσα-

163 2709 235 2792 λὴμ,
266 2708 326 2777 ἀπό
347 2717 402 2775 τοῦ
424 2712 515 2774 εἰπεῖν
535 2708 604 2786 τούς
625 2713 667 2787 είς
692 2708 728 2775 τά
749 2714 853 2776 είδωλα
874 2708 1007 2785 θύοντος
1028 2712 1193 2793 δαιμονίοις
1213 2708 1313 2787 θύειν,

163 2815 213 2876 καλ
230 2809 266 2877 ού
280 2821 351 2901 θεῷ.
399 2810 463 2877 Θόκ
479 2810 536 2897 ἀρα
551 2816 698 2898 κατέκρινε
712 2820 752 2901 τῷ
765 2820 828 2901 θεῷ
844 2811 1017 2891 θυσάντων,
1039 2809 1088 2877 ὅτε
1101 2814 1183 2897 γρελσ
1196 2816 1314 2877 θυσιιὸν

162 2908 213 2998 ἦν·
241 2920 407 3001 κατακρίνει
422 2917 453 2981 δὲ
470 2914 539 2991 τούς
553 2915 684 2991 θύοντας
700 2914 845 2994 είδιύλοις,
874 2912 911 2981 ού
928 2913 977 2981 διά
991 2912 1024 2979 τό
1040 2912 1145 2993 θύειν,
1175 2910 1248 2979 ἀλλά
1262 2910 1312 2979 διά

162 3017 195 3083 τό
214 3016 280 3082 ἀντὶ
300 3025 419 3084 3έθιοῦ
434 3017 565 3094 εἰδώλοις
580 3016 674 3084 θύειν.
721 3016 796 3083 Ούτε
809 3016 866 3104 γάρ
882 3016 1025 3097 θύουσιν,
1046 3020 1096 3083 ἰ’να
1110 3012 1231 3102 τροφὴν
1246 3016 1311 3081 έιιν-

162 3129 226 3195 τοῖς
250 3122 283 3185 έκ
305 3129 381 3186 θεοῦ
401 3124 611 3207 κεχαρισμένην
632 3124 674 3197 είς
694 3119 858 3204 μετάληψιν
878 3122 1073 3205 ἐργάσωνται,
1104 3116 1177 3183 ἀλλά
1195 3122 1312 3203 δαίμοσι

161 3221 302 3301 θύοντες,
330 3224 380 3288 καί
400 3222 651 3312 ματαιοφροσύνη.
695 3222 742 3287 Σύ
762 3224 810 3303 δὲ,
832 3216 1038 3310 οἷΜαρκίων,
1060 3222 1252 3309 προςέθηιισς
1266 3216 1311 3299 τά,

160 3322 343 3410 Ἱερόθυτον,
373 3332 495 3409 νομίσας
512 3324 572 3391 ἀπό
590 3334 643 3392 τοῦ
661 3330 802 3409 μεμίχθαι
819 3324 854 3390 τά
872 3324 927 3391 δύο
943 3323 1088 3408 όνόματα,
1117 3326 1200 3409 λερού
1215 3348 1247 3389 τε
1261 3324 1313 3389 τσλ

163 3427 300 3507 εἰδώλου,
333 3428 535 3495 συνάπτεσθαι
560 3436 618 3494 τῶν
644 3427 700 3493 δύο
723 3426 843 3515 τρόπων
865 3426 918 3511 τήν
939 3430 1043 3511 σχέσιν.
1088 3428 1150 3491 Καὶ
1173 3424 1231 3493 οάτ
1253 3428 1313 3493 Ιστι

164 3537 258 3594 τοῦτο.
302 3534 345 3595 EI
363 3532 416 3613 μὲν
437 3530 500 3618 γάρ,
516 3529 586 3615 μετά
607 3530 640 3597 τό
663 3534 760 3597 έλθεῖν
779 3530 833 3614 τὴν
849 3528 957 3613 καινάν
973 3528 1125 3613 διαθήκην
1142 3526 1251 3597 ἐθύετο
1271 3534 1312 3619 τᾷ

166 3639 283 3720 Χριστῷ
301 3632 362 3698 κατ’
382 3638 473 3712 ι’δίαν,
504 3637 554 3699 καὶ
571 3638 612 3710 είς
629 3632 724 3716 ύυομα
738 3631 831 3700 αύτού
848 3640 907 3713 {aa
922 3630 1095 3718 ἀνεφέρετο,
1124 3630 1259 3699 πιθστάν
1275 3628 1313 3697 ἀν

163 3758 209 3800 σοι
223 3733 376 3817 ηὑρίσκετο
399 3738 432 3801 τό
451 3744 503 3819 τῆς
519 3742 718 3818 συκοφαντίας
736 3741 864 3818 ψεῦδος,
894 3733 936 3811 τίς
952 3742 1013 3802 τῶν
1027 3742 1083 3801 νῦν
1097 3740 1162 3825 θεῷ
1174 3732 1313 3803 θοόντιιτ

167 3844 325 3927 λῧΧριστῷ
349 3838 499 3917 θυόντων,
532 3847 590 3904 τῶν
612 3840 643 3905 δὲ
660 3838 725 3905 τότε
741 3838 899 3905 θυσάντωυ
915 3840 948 3905 έν
966 3846 1007 3927 τῷ
1022 3840 1091 3929 ίερηλ
1103 3834 1313 3925 Ἱεροσολύμων

162 3943 213 4006 καὶ
235 3950 295 4007 τῶν
317 3951 378 4018 τοῖς
401 3942 532 4018 είδοίλοις
548 3941 686 4007 θυόντων
704 3938 782 4024 όμοῦ
799 3942 1044 4025 συναπτομένων,
1073 3942 1125 4005 καλ
1149 3942 1314 4023 ’θδσίγιοσι

163 4042 314 4123 θυόντων,
337 4048 388 4110 καὶ
406 4043 469 4128 ούγλ
486 4051 559 4134 θεῷ.
603 4042 744 4127 Μηδευδς
760 4045 792 4111 δὲ
806 4043 955 4120 θύσαντος
972 4052 1032 4123 ζοῖοι
1048 4048 1168 4133 Χριστῷ
1183 4038 1245 4109 άπά
1261 4048 1315 4127 τῆς

167 4151 298 4232 Χριστοῦ
313 4150 453 4231 ένδημίας
467 4149 517 4213 καί
533 4154 638 4231 καινῆς
655 4145 805 4231 διαθήκης
817 4144 931 4232 φανερά
946 4142 967 4231 ἡ
983 4142 1065 4235 πικρά
1080 4148 1130 4213 σολ
1144 4144 1313 4233 ιιροςθιίτη.

196 4371 237 4423 33.
255 4368 363 4439 ιίπάρχει
377 4377 526 4438 οοινιιιιρο.
554 4376 627 4438 ίύίρο
639 4370 720 4440 ύπάρ-
752 4376 886 4437 Meretur,
902 4390 932 4427 ιτ
947 4376 999 4425 οοσ.
1015 4376 1128 4425 vatim
1141 4376 1240 4425 τιιίίίιιλ.

147 4456 223 4507 ιχειν.
786 4441 827 4494 36.
845 4442 948 4509 δαίμοσι
960 4438 1071 4497 *ἐνέντων
1082 4442 1314 4493 mmmm

196 4504 238 4559 3⁴.
258 4512 330 4573 λ’νίρο
347 4510 410 4579 θεῷ.
752 4514 784 4561 rii
797 4516 838 4573 ιιι,
854 4516 925 4561 etiam
938 4514 1064 4563 οΡιιονίο
1077 4512 1249 4563 mmm.
1271 4512 1314 4563 fl·

196 4576 237 4629 35
253 4576 359 4646 Χριστῷ
377 4574 502 4643 θυόντων,
518 4582 581 4644 quod
595 4582 666 4645 υαίςο
679 4582 720 4633 αι-
752 4582 789 4631 bri
804 4581 889 4631 ίιοοιιιι
904 4574 1115 4647 θημοοιτυίντιιι.
