<?xml version="1.0" encoding="UTF-8"?>
<!DOCTYPE html PUBLIC "-//W3C//DTD XHTML 1.0 Transitional//EN"
    "http://www.w3.org/TR/xhtml1/DTD/xhtml1-transitional.dtd">
<html xmlns="http://www.w3.org/1999/xhtml" xml:lang="en" lang="en">
 <head>
  <title>
</title>
<meta http-equiv="Content-Type" content="text/html;charset=utf-8" />
  <meta name='ocr-system' content='tesseract 3.04.00' />
  <meta name='ocr-capabilities' content='ocr_page ocr_carea ocr_par ocr_line ocrx_word'/>
</head>
<body>
  <div class='ocr_page' id='page_1' title='image "./corporishaerese01unkngoog_0465.png"; bbox 0 0 3046 5084; ppageno 0'>
   <div class='ocr_carea' id='block_1_1' title="bbox 182 318 912 379">
    <p class='ocr_par' dir='ltr' id='par_1_1' title="bbox 182 318 912 379">
     <span class='ocr_line' id='line_1_1' title="bbox 182 318 912 379; baseline 0.003 -2"><span class='ocrx_word' id='word_1_1' title='bbox 182 318 244 378; x_wconf 81' lang='lat'><strong><em>460</em></strong></span> <span class='ocrx_word' id='word_1_2' title='bbox 604 328 724 379; x_wconf 77' lang='grc' dir='ltr'><strong><em>ειυστι</em></strong></span> <span class='ocrx_word' id='word_1_3' title='bbox 742 328 912 379; x_wconf 75' lang='grc' dir='ltr'><strong><em>Εειεειιαιι</em></strong></span> 
     </span>
    </p>
   </div>
   <div class='ocr_carea' id='block_1_2' title="bbox 60 442 1344 1859">
    <p class='ocr_par' dir='ltr' id='par_1_2' title="bbox 60 442 1344 1859">
     <span class='ocr_line' id='line_1_2' title="bbox 182 442 1344 533; baseline 0.004 -26"><span class='ocrx_word' id='word_1_4' title='bbox 182 442 293 526; x_wconf 92' lang='grc' dir='ltr'><strong><em>καύτην</em></strong></span> <span class='ocrx_word' id='word_1_5' title='bbox 312 445 484 526; x_wconf 79' lang='grc' dir='ltr'><strong><em>θεοσέβειαν</em></strong></span> <span class='ocrx_word' id='word_1_6' title='bbox 504 446 555 509; x_wconf 85' lang='grc' dir='ltr'><strong><em>καί</em></strong></span> <span class='ocrx_word' id='word_1_7' title='bbox 576 442 608 508; x_wconf 90' lang='grc' dir='ltr'><strong><em>τό</em></strong></span> <span class='ocrx_word' id='word_1_8' title='bbox 632 446 757 529; x_wconf 87' lang='grc' dir='ltr'><strong><em>μέγεθος</em></strong></span> <span class='ocrx_word' id='word_1_9' title='bbox 777 451 830 526; x_wconf 80' lang='grc' dir='ltr'><strong><em>τῆς</em></strong></span> <span class='ocrx_word' id='word_1_10' title='bbox 857 442 1003 533; x_wconf 81' lang='grc' dir='ltr'><strong><em>1άληθείηι</em></strong></span> <span class='ocrx_word' id='word_1_11' title='bbox 1026 443 1158 530; x_wconf 80' lang='grc' dir='ltr'><strong><em>άρρήτου</em></strong></span> <span class='ocrx_word' id='word_1_12' title='bbox 1178 445 1344 529; x_wconf 86' lang='grc' dir='ltr'><strong><em>δυνάμεως</em></strong></span> 
     </span>
     <span class='ocr_line' id='line_1_3' title="bbox 181 544 1343 631; baseline 0.003 -22"><span class='ocrx_word' id='word_1_13' title='bbox 181 549 229 610; x_wconf 81' lang='grc' dir='ltr'><strong><em>καί</em></strong></span> <span class='ocrx_word' id='word_1_14' title='bbox 248 545 301 622; x_wconf 87' lang='grc' dir='ltr'><strong><em>τάς</em></strong></span> <span class='ocrx_word' id='word_1_15' title='bbox 320 545 462 622; x_wconf 81' lang='grc' dir='ltr'><strong><em>τοσαύτας</em></strong></span> <span class='ocrx_word' id='word_1_16' title='bbox 479 551 650 629; x_wconf 81' lang='grc' dir='ltr'><strong><em>οἰκονομίας</em></strong></span> <span class='ocrx_word' id='word_1_17' title='bbox 665 555 718 610; x_wconf 91' lang='grc' dir='ltr'><strong><em>τοῦ</em></strong></span> <span class='ocrx_word' id='word_1_18' title='bbox 735 554 825 625; x_wconf 90' lang='grc' dir='ltr'><strong><em>θεοῦ,</em></strong></span> <span class='ocrx_word' id='word_1_19' title='bbox 857 544 906 611; x_wconf 87' lang='grc' dir='ltr'><strong><em>διά</em></strong></span> <span class='ocrx_word' id='word_1_20' title='bbox 926 554 978 612; x_wconf 90' lang='grc' dir='ltr'><strong><em>τοῦ</em></strong></span> <span class='ocrx_word' id='word_1_21' title='bbox 993 545 1074 627; x_wconf 87' lang='grc' dir='ltr'><strong><em>άλφα</em></strong></span> <span class='ocrx_word' id='word_1_22' title='bbox 1091 550 1143 613; x_wconf 83' lang='grc' dir='ltr'><strong><em>καί</em></strong></span> <span class='ocrx_word' id='word_1_23' title='bbox 1163 555 1244 614; x_wconf 74' lang='grc' dir='ltr'><strong><em>2τοῦ</em></strong></span> <span class='ocrx_word' id='word_1_24' title='bbox 1263 554 1343 631; x_wconf 74' lang='grc' dir='ltr'><strong><em>βῆτα</em></strong></span> 
     </span>
     <span class='ocr_line' id='line_1_4' title="bbox 181 646 1342 734; baseline 0.003 -22"><span class='ocrx_word' id='word_1_25' title='bbox 181 651 231 712; x_wconf 85' lang='grc' dir='ltr'><strong><em>καὶ</em></strong></span> <span class='ocrx_word' id='word_1_26' title='bbox 254 646 291 712; x_wconf 87' lang='grc' dir='ltr'><strong><em>δι’</em></strong></span> <span class='ocrx_word' id='word_1_27' title='bbox 310 647 447 731; x_wconf 87' lang='grc' dir='ltr'><strong><em>άριθμῶν</em></strong></span> <span class='ocrx_word' id='word_1_28' title='bbox 470 649 564 725; x_wconf 87' lang='grc' dir='ltr'><strong><em>οῦτως</em></strong></span> <span class='ocrx_word' id='word_1_29' title='bbox 585 655 709 733; x_wconf 81' lang='grc' dir='ltr'><strong><em>ψυχρῶς</em></strong></span> <span class='ocrx_word' id='word_1_30' title='bbox 730 651 779 714; x_wconf 82' lang='grc' dir='ltr'><strong><em>καί</em></strong></span> <span class='ocrx_word' id='word_1_31' title='bbox 795 651 993 730; x_wconf 78' lang='grc' dir='ltr'><strong><em>βεβιασμένως</em></strong></span> <span class='ocrx_word' id='word_1_32' title='bbox 1013 649 1212 734; x_wconf 86' lang='grc' dir='ltr'><strong><em>διασύροντες.</em></strong></span> <span class='ocrx_word' id='word_1_33' title='bbox 1248 649 1342 717; x_wconf 81' lang='grc' dir='ltr'><strong><em>Ὅσοι</em></strong></span> 
     </span>
     <span class='ocr_line' id='line_1_5' title="bbox 60 749 1341 836; baseline 0.004 -23"><span class='ocrx_word' id='word_1_34' title='bbox 60 782 110 828; x_wconf 71' lang='grc' dir='ltr'><strong><em>μορ.</em></strong></span> <span class='ocrx_word' id='word_1_35' title='bbox 124 771 168 815; x_wconf 73' lang='grc' dir='ltr'><strong><em>κίε.</em></strong></span> <span class='ocrx_word' id='word_1_36' title='bbox 183 753 214 815; x_wconf 80' lang='grc' dir='ltr'><strong><em>δέ</em></strong></span> <span class='ocrx_word' id='word_1_37' title='bbox 230 749 402 831; x_wconf 72' lang='grc' dir='ltr'><strong><em>ἀφίστανται</em></strong></span> <span class='ocrx_word' id='word_1_38' title='bbox 419 760 471 832; x_wconf 80' lang='grc' dir='ltr'><strong><em>τῖγς</em></strong></span> <span class='ocrx_word' id='word_1_39' title='bbox 488 755 640 833; x_wconf 75' lang='grc' dir='ltr'><strong><em>ἐκκλησίας</em></strong></span> <span class='ocrx_word' id='word_1_40' title='bbox 655 754 704 816; x_wconf 86' lang='grc' dir='ltr'><strong><em>καὶ</em></strong></span> <span class='ocrx_word' id='word_1_41' title='bbox 721 750 836 826; x_wconf 79' lang='grc' dir='ltr'><strong><em>τούτοις</em></strong></span> <span class='ocrx_word' id='word_1_42' title='bbox 850 761 912 827; x_wconf 88' lang='grc' dir='ltr'><strong><em>τοῖς</em></strong></span> <span class='ocrx_word' id='word_1_43' title='bbox 928 750 1072 836; x_wconf 86' lang='grc' dir='ltr'><strong><em>γραῶδεσι</em></strong></span> <span class='ocrx_word' id='word_1_44' title='bbox 1086 751 1199 834; x_wconf 80' lang='grc' dir='ltr'><strong><em>μύθοις</em></strong></span> <span class='ocrx_word' id='word_1_45' title='bbox 1213 758 1341 819; x_wconf 84' lang='grc' dir='ltr'><strong><em>πείθου-</em></strong></span> 
     </span>
     <span class='ocr_line' id='line_1_6' title="bbox 182 851 1340 938; baseline 0.002 -21"><span class='ocrx_word' id='word_1_46' title='bbox 182 881 242 931; x_wconf 91' lang='grc' dir='ltr'><strong><em>ται,</em></strong></span> <span class='ocrx_word' id='word_1_47' title='bbox 266 852 385 935; x_wconf 88' lang='grc' dir='ltr'><strong><em>άληθῶς</em></strong></span> <span class='ocrx_word' id='word_1_48' title='bbox 403 852 655 938; x_wconf 88' lang='grc' dir='ltr'><strong><em>αύτοκατάκριτοι,</em></strong></span> <span class='ocrx_word' id='word_1_49' title='bbox 678 851 744 928; x_wconf 87' lang='grc' dir='ltr'><strong><em>δςό</em></strong></span> <span class='ocrx_word' id='word_1_50' title='bbox 761 858 881 928; x_wconf 88' lang='grc' dir='ltr'><strong><em>Παῦλος</em></strong></span> <span class='ocrx_word' id='word_1_51' title='bbox 898 853 1074 938; x_wconf 85' lang='grc' dir='ltr'><strong><em>έγκελεύεται</em></strong></span> <span class='ocrx_word' id='word_1_52' title='bbox 1090 851 1162 936; x_wconf 75' lang='grc' dir='ltr'><strong><em>ἡμῖν</em></strong></span> <span class='ocrx_word' id='word_1_53' title='bbox 1178 853 1253 937; x_wconf 85' lang='grc' dir='ltr'><strong><em>μετά</em></strong></span> <span class='ocrx_word' id='word_1_54' title='bbox 1269 860 1340 937; x_wconf 85' lang='grc' dir='ltr'><strong><em>μίαν</em></strong></span> 
     </span>
     <span class='ocr_line' id='line_1_7' title="bbox 180 954 1338 1042; baseline 0.003 -23"><span class='ocrx_word' id='word_1_55' title='bbox 180 958 230 1020; x_wconf 87' lang='grc' dir='ltr'><strong><em>καὶ</em></strong></span> <span class='ocrx_word' id='word_1_56' title='bbox 249 959 385 1039; x_wconf 78' lang='grc' dir='ltr'><strong><em>δευτέραν</em></strong></span> <span class='ocrx_word' id='word_1_57' title='bbox 403 962 565 1021; x_wconf 83' lang='grc' dir='ltr'><strong><em>νουθεσίαν</em></strong></span> <span class='ocrx_word' id='word_1_58' title='bbox 584 965 800 1040; x_wconf 83' lang='grc' dir='ltr'><strong><em>παραιτεῖσθαι.</em></strong></span> <span class='ocrx_word' id='word_1_59' title='bbox 843 954 981 1038; x_wconf 79' lang='grc' dir='ltr'><strong><em>Ἰωάννης</em></strong></span> <span class='ocrx_word' id='word_1_60' title='bbox 1002 958 1033 1021; x_wconf 84' lang='grc' dir='ltr'><strong><em>δέ</em></strong></span> <span class='ocrx_word' id='word_1_61' title='bbox 1051 954 1069 1021; x_wconf 90' lang='grc' dir='ltr'><strong><em>ό</em></strong></span> <span class='ocrx_word' id='word_1_62' title='bbox 1085 964 1139 1021; x_wconf 88' lang='grc' dir='ltr'><strong><em>τοῦ</em></strong></span> <span class='ocrx_word' id='word_1_63' title='bbox 1157 962 1268 1042; x_wconf 82' lang='grc' dir='ltr'><strong><em>κυρίου</em></strong></span> <span class='ocrx_word' id='word_1_64' title='bbox 1284 986 1338 1041; x_wconf 81' lang='grc' dir='ltr'><strong><em>μα·</em></strong></span> 
     </span>
     <span class='ocr_line' id='line_1_8' title="bbox 180 1056 1340 1143; baseline 0.005 -22"><span class='ocrx_word' id='word_1_65' title='bbox 180 1057 276 1140; x_wconf 78' lang='grc' dir='ltr'><strong><em>θητής</em></strong></span> <span class='ocrx_word' id='word_1_66' title='bbox 292 1061 416 1123; x_wconf 87' lang='grc' dir='ltr'><strong><em>ἐπέτεινε</em></strong></span> <span class='ocrx_word' id='word_1_67' title='bbox 433 1058 487 1140; x_wconf 72' lang='grc' dir='ltr'><strong><em>τήν</em></strong></span> <span class='ocrx_word' id='word_1_68' title='bbox 503 1064 663 1140; x_wconf 78' lang='grc' dir='ltr'><strong><em>καταδίκην</em></strong></span> <span class='ocrx_word' id='word_1_69' title='bbox 681 1056 794 1135; x_wconf 78' lang='grc' dir='ltr'><strong><em>αὐτῶν,</em></strong></span> <span class='ocrx_word' id='word_1_70' title='bbox 825 1059 899 1139; x_wconf 81' lang='grc' dir='ltr'><strong><em>μηδέ</em></strong></span> <span class='ocrx_word' id='word_1_71' title='bbox 914 1063 1023 1143; x_wconf 81' lang='grc' dir='ltr'><strong><em>χαίρειν</em></strong></span> <span class='ocrx_word' id='word_1_72' title='bbox 1038 1056 1139 1136; x_wconf 88' lang='grc' dir='ltr'><strong><em>αύτοῖς</em></strong></span> <span class='ocrx_word' id='word_1_73' title='bbox 1154 1057 1208 1139; x_wconf 83' lang='grc' dir='ltr'><strong><em>ύφ’</em></strong></span> <span class='ocrx_word' id='word_1_74' title='bbox 1227 1058 1340 1143; x_wconf 64' lang='grc' dir='ltr'><strong><em>8ύμῶν</em></strong></span> 
     </span>
     <span class='ocr_line' id='line_1_9' title="bbox 181 1157 1339 1246; baseline 0.003 -22"><span class='ocrx_word' id='word_1_75' title='bbox 181 1164 316 1246; x_wconf 88' lang='grc' dir='ltr'><strong><em>λέγεσθαι</em></strong></span> <span class='ocrx_word' id='word_1_76' title='bbox 330 1165 496 1241; x_wconf 84' lang='grc' dir='ltr'><strong><em>βουληθείς.</em></strong></span> <span class='ocrx_word' id='word_1_77' title='bbox 539 1158 572 1223; x_wconf 88' lang='grc' dir='ltr'><strong>Ὁ</strong></span> <span class='ocrx_word' id='word_1_78' title='bbox 586 1160 641 1245; x_wconf 87' lang='grc' dir='ltr'><strong><em>γάρ</em></strong></span> <span class='ocrx_word' id='word_1_79' title='bbox 655 1162 747 1244; x_wconf 89' lang='grc' dir='ltr'><strong><em>λέγων</em></strong></span> <span class='ocrx_word' id='word_1_80' title='bbox 763 1157 874 1238; x_wconf 80' lang='grc' dir='ltr'><strong><em>αὐτοῖς,</em></strong></span> <span class='ocrx_word' id='word_1_81' title='bbox 891 1164 976 1241; x_wconf 82' lang='grc' dir='ltr'><strong><em>φησί,</em></strong></span> <span class='ocrx_word' id='word_1_82' title='bbox 997 1165 1106 1244; x_wconf 82' lang='grc' dir='ltr'><strong><em>χαίρειν</em></strong></span> <span class='ocrx_word' id='word_1_83' title='bbox 1120 1171 1265 1227; x_wconf 90' lang='grc' dir='ltr'><strong><em>κοινωνεῖ</em></strong></span> <span class='ocrx_word' id='word_1_84' title='bbox 1276 1172 1339 1239; x_wconf 87' lang='grc' dir='ltr'><strong><em>τοῖς</em></strong></span> 
     </span>
     <span class='ocr_line' id='line_1_10' title="bbox 180 1261 1339 1348; baseline 0.003 -22"><span class='ocrx_word' id='word_1_85' title='bbox 180 1267 276 1346; x_wconf 87' lang='grc' dir='ltr'><strong><em>έργοις</em></strong></span> <span class='ocrx_word' id='word_1_86' title='bbox 290 1261 387 1326; x_wconf 81' lang='grc' dir='ltr'><strong><em>αὐτῶν</em></strong></span> <span class='ocrx_word' id='word_1_87' title='bbox 401 1272 462 1337; x_wconf 84' lang='grc' dir='ltr'><strong><em>τοῖς</em></strong></span> <span class='ocrx_word' id='word_1_88' title='bbox 475 1272 625 1344; x_wconf 88' lang='grc' dir='ltr'><strong><em>πονηροῖς.</em></strong></span> <span class='ocrx_word' id='word_1_89' title='bbox 672 1264 730 1325; x_wconf 84' lang='grc' dir='ltr'><strong><em>Καί</em></strong></span> <span class='ocrx_word' id='word_1_90' title='bbox 745 1264 874 1338; x_wconf 87' lang='grc' dir='ltr'><strong><em>εἰκότως.</em></strong></span> <span class='ocrx_word' id='word_1_91' title='bbox 922 1261 986 1327; x_wconf 85' lang='grc' dir='ltr'><strong><em>Οῦκ</em></strong></span> <span class='ocrx_word' id='word_1_92' title='bbox 1002 1266 1060 1327; x_wconf 76' lang='grc' dir='ltr'><strong><em>ἐστι</em></strong></span> <span class='ocrx_word' id='word_1_93' title='bbox 1078 1262 1132 1348; x_wconf 85' lang='grc' dir='ltr'><strong><em>γάρ</em></strong></span> <span class='ocrx_word' id='word_1_94' title='bbox 1147 1268 1260 1348; x_wconf 85' lang='grc' dir='ltr'><strong><em>χαίρειν</em></strong></span> <span class='ocrx_word' id='word_1_95' title='bbox 1277 1274 1339 1341; x_wconf 84' lang='grc' dir='ltr'><strong><em>τοῖς</em></strong></span> 
     </span>
     <span class='ocr_line' id='line_1_11' title="bbox 181 1358 1338 1449; baseline 0.004 -22"><span class='ocrx_word' id='word_1_96' title='bbox 181 1363 309 1447; x_wconf 86' lang='grc' dir='ltr'><strong><em>άσεβέσι,</em></strong></span> <span class='ocrx_word' id='word_1_97' title='bbox 337 1368 411 1448; x_wconf 87' lang='grc' dir='ltr'><strong><em>λέγει</em></strong></span> <span class='ocrx_word' id='word_1_98' title='bbox 427 1363 536 1446; x_wconf 91' lang='grc' dir='ltr'><strong><em>κύριος.</em></strong></span> <span class='ocrx_word' id='word_1_99' title='bbox 579 1363 705 1446; x_wconf 83' lang='grc' dir='ltr'><strong><em>Ἀσεβεῖς</em></strong></span> <span class='ocrx_word' id='word_1_100' title='bbox 726 1365 757 1428; x_wconf 81' lang='grc' dir='ltr'><strong><em>δέ</em></strong></span> <span class='ocrx_word' id='word_1_101' title='bbox 774 1361 847 1449; x_wconf 83' lang='grc' dir='ltr'><strong><em>ῦπέρ</em></strong></span> <span class='ocrx_word' id='word_1_102' title='bbox 866 1371 963 1429; x_wconf 82' lang='grc' dir='ltr'><strong><em>πᾶσαν</em></strong></span> <span class='ocrx_word' id='word_1_103' title='bbox 983 1364 1117 1449; x_wconf 86' lang='grc' dir='ltr'><strong><em>άσέβειαν</em></strong></span> <span class='ocrx_word' id='word_1_104' title='bbox 1136 1358 1221 1432; x_wconf 87' lang='grc' dir='ltr'><strong><em>οῦτοι</em></strong></span> <span class='ocrx_word' id='word_1_105' title='bbox 1237 1370 1271 1431; x_wconf 87' lang='grc' dir='ltr'><strong><em>οί</em></strong></span> <span class='ocrx_word' id='word_1_106' title='bbox 1286 1365 1338 1432; x_wconf 85' lang='grc' dir='ltr'><strong><em>τόν</em></strong></span> 
     </span>
     <span class='ocr_line' id='line_1_12' title="bbox 180 1464 1338 1552; baseline 0.003 -21"><span class='ocrx_word' id='word_1_107' title='bbox 180 1465 305 1548; x_wconf 73' lang='grc' dir='ltr'><strong><em>ποιητὴν</em></strong></span> <span class='ocrx_word' id='word_1_108' title='bbox 328 1465 457 1550; x_wconf 85' lang='grc' dir='ltr'><strong><em>ούρανοῦ</em></strong></span> <span class='ocrx_word' id='word_1_109' title='bbox 478 1468 529 1530; x_wconf 83' lang='grc' dir='ltr'><strong><em>καί</em></strong></span> <span class='ocrx_word' id='word_1_110' title='bbox 551 1474 606 1552; x_wconf 82' lang='grc' dir='ltr'><strong><em>γῆς</em></strong></span> <span class='ocrx_word' id='word_1_111' title='bbox 628 1465 720 1548; x_wconf 90' lang='grc' dir='ltr'><strong><em>μόνον</em></strong></span> <span class='ocrx_word' id='word_1_112' title='bbox 741 1464 815 1530; x_wconf 88' lang='grc' dir='ltr'><strong><em>θεόν</em></strong></span> <span class='ocrx_word' id='word_1_113' title='bbox 832 1466 1070 1552; x_wconf 90' lang='grc' dir='ltr'><strong><em>παντοκράτορα,</em></strong></span> <span class='ocrx_word' id='word_1_114' title='bbox 1101 1464 1176 1552; x_wconf 86' lang='grc' dir='ltr'><strong><em>ύπέρ</em></strong></span> <span class='ocrx_word' id='word_1_115' title='bbox 1196 1467 1234 1533; x_wconf 87' lang='grc' dir='ltr'><strong><em>δυ</em></strong></span> <span class='ocrx_word' id='word_1_116' title='bbox 1251 1467 1338 1545; x_wconf 81' lang='grc' dir='ltr'><strong><em>άλλος</em></strong></span> 
     </span>
     <span class='ocr_line' id='line_1_13' title="bbox 181 1566 1338 1657; baseline 0.003 -23"><span class='ocrx_word' id='word_1_117' title='bbox 181 1568 253 1645; x_wconf 86' lang='grc' dir='ltr'><strong><em>θεός</em></strong></span> <span class='ocrx_word' id='word_1_118' title='bbox 269 1567 324 1634; x_wconf 88' lang='grc' dir='ltr'><strong><em>ούκ</em></strong></span> <span class='ocrx_word' id='word_1_119' title='bbox 340 1572 430 1647; x_wconf 78' lang='grc' dir='ltr'><strong><em>ἐστιν,</em></strong></span> <span class='ocrx_word' id='word_1_120' title='bbox 460 1572 489 1645; x_wconf 85' lang='grc' dir='ltr'><strong><em>ἐξ</em></strong></span> <span class='ocrx_word' id='word_1_121' title='bbox 506 1567 718 1652; x_wconf 80' lang='grc' dir='ltr'><strong><em>ύστερηματος,</em></strong></span> <span class='ocrx_word' id='word_1_122' title='bbox 747 1570 797 1632; x_wconf 84' lang='grc' dir='ltr'><strong><em>καὶ</em></strong></span> <span class='ocrx_word' id='word_1_123' title='bbox 814 1566 907 1633; x_wconf 87' lang='grc' dir='ltr'><strong><em>αῦτοῦ</em></strong></span> <span class='ocrx_word' id='word_1_124' title='bbox 925 1572 954 1646; x_wconf 82' lang='grc' dir='ltr'><strong><em>ἐξ</em></strong></span> <span class='ocrx_word' id='word_1_125' title='bbox 969 1568 1056 1635; x_wconf 86' lang='grc' dir='ltr'><strong><em>άλλου</em></strong></span> <span class='ocrx_word' id='word_1_126' title='bbox 1075 1567 1278 1653; x_wconf 73' lang='grc' dir='ltr'><strong><em>ὑστερήματος</em></strong></span> <span class='ocrx_word' id='word_1_127' title='bbox 1293 1596 1338 1657; x_wconf 88' lang='grc' dir='ltr'><strong><em>γε·</em></strong></span> 
     </span>
     <span class='ocr_line' id='line_1_14' title="bbox 181 1668 1337 1759; baseline 0.004 -23"><span class='ocrx_word' id='word_1_128' title='bbox 181 1675 319 1757; x_wconf 87' lang='grc' dir='ltr'><strong><em>γονότος,</em></strong></span> <span class='ocrx_word' id='word_1_129' title='bbox 342 1676 562 1753; x_wconf 75' lang='grc' dir='ltr'><strong><em>προβεβλῆσθαι</em></strong></span> <span class='ocrx_word' id='word_1_130' title='bbox 578 1674 720 1754; x_wconf 81' lang='grc' dir='ltr'><strong><em>λέγοντες·</em></strong></span> <span class='ocrx_word' id='word_1_131' title='bbox 744 1670 814 1746; x_wconf 86' lang='grc' dir='ltr'><strong><em>ῶςτε</em></strong></span> <span class='ocrx_word' id='word_1_132' title='bbox 830 1669 891 1735; x_wconf 90' lang='grc' dir='ltr'><strong><em>κατ’</em></strong></span> <span class='ocrx_word' id='word_1_133' title='bbox 908 1669 1017 1746; x_wconf 85' lang='grc' dir='ltr'><strong><em>αύτούς</em></strong></span> <span class='ocrx_word' id='word_1_134' title='bbox 1031 1668 1104 1737; x_wconf 87' lang='grc' dir='ltr'><strong><em>εἰναι</em></strong></span> <span class='ocrx_word' id='word_1_135' title='bbox 1119 1671 1213 1739; x_wconf 86' lang='grc' dir='ltr'><strong><em>αύτδν</em></strong></span> <span class='ocrx_word' id='word_1_136' title='bbox 1226 1678 1337 1759; x_wconf 83' lang='grc' dir='ltr'><strong><em>προβο-</em></strong></span> 
     </span>
     <span class='ocr_line' id='line_1_15' title="bbox 179 1771 1336 1859; baseline 0.004 -22"><span class='ocrx_word' id='word_1_137' title='bbox 179 1774 233 1856; x_wconf 76' lang='grc' dir='ltr'><strong><em>λην</em></strong></span> <span class='ocrx_word' id='word_1_138' title='bbox 246 1779 343 1855; x_wconf 90' lang='grc' dir='ltr'><strong><em>τρίτου</em></strong></span> <span class='ocrx_word' id='word_1_139' title='bbox 356 1771 561 1856; x_wconf 73' lang='grc' dir='ltr'><strong><em>ὑστερήματος.</em></strong></span> <span class='ocrx_word' id='word_1_140' title='bbox 593 1773 653 1837; x_wconf 84' lang='grc' dir='ltr'><strong><em>Ἢν</em></strong></span> <span class='ocrx_word' id='word_1_141' title='bbox 667 1772 787 1859; x_wconf 78' lang='grc' dir='ltr'><strong><em>γνώμην</em></strong></span> <span class='ocrx_word' id='word_1_142' title='bbox 802 1772 894 1849; x_wconf 86' lang='grc' dir='ltr'><strong><em>όντως</em></strong></span> <span class='ocrx_word' id='word_1_143' title='bbox 905 1773 1171 1856; x_wconf 77' lang='grc' dir='ltr'><strong><em>καταφυσησαντας</em></strong></span> <span class='ocrx_word' id='word_1_144' title='bbox 1183 1778 1235 1841; x_wconf 83' lang='grc' dir='ltr'><strong><em>καί</em></strong></span> <span class='ocrx_word' id='word_1_145' title='bbox 1249 1804 1336 1841; x_wconf 81' lang='grc' dir='ltr'><strong><em>κατα·</em></strong></span> 
     </span>
    </p>
   </div>
   <div class='ocr_carea' id='block_1_3' title="bbox 179 1872 1338 1969">
    <p class='ocr_par' dir='ltr' id='par_1_3' title="bbox 179 1872 1338 1969">
     <span class='ocr_line' id='line_1_16' title="bbox 179 1872 1338 1969; baseline 0.005 -29"><span class='ocrx_word' id='word_1_146' title='bbox 179 1883 393 1959; x_wconf 87' lang='grc' dir='ltr'><strong><em>θεματίσαντας</em></strong></span> <span class='ocrx_word' id='word_1_147' title='bbox 408 1879 474 1941; x_wconf 84' lang='grc' dir='ltr'><strong><em>δέον</em></strong></span> <span class='ocrx_word' id='word_1_148' title='bbox 490 1875 592 1961; x_wconf 85' lang='grc' dir='ltr'><strong><em>πόρρω</em></strong></span> <span class='ocrx_word' id='word_1_149' title='bbox 608 1903 666 1941; x_wconf 89' lang='grc' dir='ltr'><strong><em>που</em></strong></span> <span class='ocrx_word' id='word_1_150' title='bbox 685 1874 801 1960; x_wconf 83' lang='grc' dir='ltr'><strong><em>μακράν</em></strong></span> <span class='ocrx_word' id='word_1_151' title='bbox 818 1886 923 1962; x_wconf 87' lang='grc' dir='ltr'><strong><em>φυγεῖν</em></strong></span> <span class='ocrx_word' id='word_1_152' title='bbox 941 1873 991 1940; x_wconf 74' lang='grc' dir='ltr'><strong><em>ἄπ’</em></strong></span> <span class='ocrx_word' id='word_1_153' title='bbox 1008 1874 1122 1954; x_wconf 88' lang='grc' dir='ltr'><strong><em>αύτῶν,</em></strong></span> <span class='ocrx_word' id='word_1_154' title='bbox 1145 1880 1197 1944; x_wconf 82' lang='grc' dir='ltr'><strong><em>καλ</em></strong></span> <span class='ocrx_word' id='word_1_155' title='bbox 1215 1872 1234 1969; x_wconf 73' lang='grc' dir='ltr'><em>ᾗ</em></span> <span class='ocrx_word' id='word_1_156' title='bbox 1248 1882 1338 1945; x_wconf 79' lang='grc' dir='ltr'><strong><em>πλέον</em></strong></span> 
     </span>
    </p>
   </div>
   <div class='ocr_carea' id='block_1_4' title="bbox 179 1977 1338 3292">
    <p class='ocr_par' dir='ltr' id='par_1_4' title="bbox 179 1977 1338 3292">
     <span class='ocr_line' id='line_1_17' title="bbox 181 1977 1337 2071; baseline 0.003 -28"><span class='ocrx_word' id='word_1_157' title='bbox 181 1985 403 2062; x_wconf 83' lang='grc' dir='ltr'><strong><em>διῖσχυρίζοντοι</em></strong></span> <span class='ocrx_word' id='word_1_158' title='bbox 418 1982 468 2042; x_wconf 86' lang='grc' dir='ltr'><strong><em>καί</em></strong></span> <span class='ocrx_word' id='word_1_159' title='bbox 482 1985 632 2063; x_wconf 90' lang='grc' dir='ltr'><strong><em>χαίρουσιν</em></strong></span> <span class='ocrx_word' id='word_1_160' title='bbox 649 1981 697 2043; x_wconf 82' lang='grc' dir='ltr'><strong><em>ἐπὶ</em></strong></span> <span class='ocrx_word' id='word_1_161' title='bbox 711 1988 773 2052; x_wconf 87' lang='grc' dir='ltr'><strong><em>τοῖς</em></strong></span> <span class='ocrx_word' id='word_1_162' title='bbox 789 1982 1006 2063; x_wconf 86' lang='grc' dir='ltr'><strong><em>παρευρέμασιν</em></strong></span> <span class='ocrx_word' id='word_1_163' title='bbox 1022 1977 1130 2060; x_wconf 88' lang='grc' dir='ltr'><strong><em>αῦτῶν,</em></strong></span> <span class='ocrx_word' id='word_1_164' title='bbox 1154 1979 1248 2071; x_wconf 75' lang='grc' dir='ltr'><strong><em>ταύτῃ</em></strong></span> <span class='ocrx_word' id='word_1_165' title='bbox 1266 1989 1337 2063; x_wconf 80' lang='grc' dir='ltr'><strong><em>μῶλ-</em></strong></span> 
     </span>
     <span class='ocr_line' id='line_1_18' title="bbox 179 2079 1337 2167; baseline 0 -20"><span class='ocrx_word' id='word_1_166' title='bbox 179 2092 230 2147; x_wconf 89' lang='grc' dir='ltr'><strong><em>λον</em></strong></span> <span class='ocrx_word' id='word_1_167' title='bbox 249 2084 356 2147; x_wconf 84' lang='grc' dir='ltr'><strong><em>εἰδέναι</em></strong></span> <span class='ocrx_word' id='word_1_168' title='bbox 372 2084 460 2147; x_wconf 86' lang='grc' dir='ltr'><strong><em>πλέον</em></strong></span> <span class='ocrx_word' id='word_1_169' title='bbox 475 2080 584 2157; x_wconf 86' lang='grc' dir='ltr'><strong><em>αύτούς</em></strong></span> <span class='ocrx_word' id='word_1_170' title='bbox 601 2084 783 2165; x_wconf 75' lang='grc' dir='ltr'><strong><em>ἐνεργεῖσθαι</em></strong></span> <span class='ocrx_word' id='word_1_171' title='bbox 800 2079 858 2146; x_wconf 87' lang='grc' dir='ltr'><strong><em>ῦπό</em></strong></span> <span class='ocrx_word' id='word_1_172' title='bbox 875 2089 928 2163; x_wconf 80' lang='grc' dir='ltr'><strong><em>της</em></strong></span> <span class='ocrx_word' id='word_1_173' title='bbox 941 2080 1098 2166; x_wconf 80' lang='grc' dir='ltr'><strong><em>Ὀγδοάδος</em></strong></span> <span class='ocrx_word' id='word_1_174' title='bbox 1113 2091 1175 2148; x_wconf 90' lang='grc' dir='ltr'><strong><em>τῶν</em></strong></span> <span class='ocrx_word' id='word_1_175' title='bbox 1192 2092 1337 2167; x_wconf 85' lang='grc' dir='ltr'><strong><em>πονηρῶν</em></strong></span> 
     </span>
     <span class='ocr_line' id='line_1_19' title="bbox 182 2180 1335 2275; baseline 0.003 -25"><span class='ocrx_word' id='word_1_176' title='bbox 182 2185 363 2268; x_wconf 85' lang='grc' dir='ltr'><strong><em>πνευμάτων.</em></strong></span> <span class='ocrx_word' id='word_1_177' title='bbox 409 2183 555 2268; x_wconf 78' lang='grc' dir='ltr'><strong><em>Καθάπερ</em></strong></span> <span class='ocrx_word' id='word_1_178' title='bbox 582 2188 613 2249; x_wconf 87' lang='grc' dir='ltr'><strong><em>οί</em></strong></span> <span class='ocrx_word' id='word_1_179' title='bbox 631 2187 672 2259; x_wconf 86' lang='grc' dir='ltr'><strong><em>εἰς</em></strong></span> <span class='ocrx_word' id='word_1_180' title='bbox 693 2187 844 2266; x_wconf 88' lang='grc' dir='ltr'><strong><em>φρενίτιδιι</em></strong></span> <span class='ocrx_word' id='word_1_181' title='bbox 863 2184 998 2249; x_wconf 91' lang='grc' dir='ltr'><strong><em>διάθεσιν</em></strong></span> <span class='ocrx_word' id='word_1_182' title='bbox 1015 2183 1187 2266; x_wconf 88' lang='grc' dir='ltr'><strong><em>ἐμπεσόντες</em></strong></span> <span class='ocrx_word' id='word_1_183' title='bbox 1207 2180 1228 2275; x_wconf 72' lang='grc' dir='ltr'><em>ᾗ</em></span> <span class='ocrx_word' id='word_1_184' title='bbox 1245 2188 1335 2253; x_wconf 77' lang='grc' dir='ltr'><strong><em>πλέον</em></strong></span> 
     </span>
     <span class='ocr_line' id='line_1_20' title="bbox 182 2284 1336 2373; baseline 0.001 -21"><span class='ocrx_word' id='word_1_185' title='bbox 182 2295 285 2373; x_wconf 77' lang='grc' dir='ltr'><strong><em>γελῶσι</em></strong></span> <span class='ocrx_word' id='word_1_186' title='bbox 301 2291 350 2351; x_wconf 87' lang='grc' dir='ltr'><strong><em>καὶ</em></strong></span> <span class='ocrx_word' id='word_1_187' title='bbox 365 2287 471 2370; x_wconf 82' lang='grc' dir='ltr'><strong><em>ἰσχύειν</em></strong></span> <span class='ocrx_word' id='word_1_188' title='bbox 489 2292 627 2351; x_wconf 90' lang='grc' dir='ltr'><strong><em>δοκοῦσιν</em></strong></span> <span class='ocrx_word' id='word_1_189' title='bbox 643 2288 694 2351; x_wconf 83' lang='grc' dir='ltr'><strong><em>καὶ</em></strong></span> <span class='ocrx_word' id='word_1_190' title='bbox 710 2284 751 2361; x_wconf 87' lang='grc' dir='ltr'><strong><em>ῶς</em></strong></span> <span class='ocrx_word' id='word_1_191' title='bbox 766 2284 947 2369; x_wconf 86' lang='grc' dir='ltr'><strong><em>ύγιαίνοντες</em></strong></span> <span class='ocrx_word' id='word_1_192' title='bbox 961 2285 1057 2351; x_wconf 89' lang='grc' dir='ltr'><strong><em>πάντα</em></strong></span> <span class='ocrx_word' id='word_1_193' title='bbox 1072 2286 1247 2373; x_wconf 86' lang='grc' dir='ltr'><strong><em>πράττουσι,</em></strong></span> <span class='ocrx_word' id='word_1_194' title='bbox 1270 2292 1336 2355; x_wconf 72' lang='grc' dir='ltr'><strong><em>ἔνια</em></strong></span> 
     </span>
     <span class='ocr_line' id='line_1_21' title="bbox 181 2386 1335 2477; baseline 0.003 -24"><span class='ocrx_word' id='word_1_195' title='bbox 181 2392 212 2454; x_wconf 84' lang='grc' dir='ltr'><strong><em>δέ</em></strong></span> <span class='ocrx_word' id='word_1_196' title='bbox 233 2393 284 2454; x_wconf 82' lang='grc' dir='ltr'><strong><em>καί</em></strong></span> <span class='ocrx_word' id='word_1_197' title='bbox 306 2388 380 2474; x_wconf 85' lang='grc' dir='ltr'><strong><em>ύπέρ</em></strong></span> <span class='ocrx_word' id='word_1_198' title='bbox 401 2390 434 2454; x_wconf 88' lang='grc' dir='ltr'><strong><em>τό</em></strong></span> <span class='ocrx_word' id='word_1_199' title='bbox 455 2387 608 2474; x_wconf 86' lang='grc' dir='ltr'><strong><em>ύγιαίνειν,</em></strong></span> <span class='ocrx_word' id='word_1_200' title='bbox 640 2386 731 2477; x_wconf 78' lang='grc' dir='ltr'><strong><em>ταύτῃ</em></strong></span> <span class='ocrx_word' id='word_1_201' title='bbox 750 2395 858 2470; x_wconf 81' lang='grc' dir='ltr'><strong><em>μᾶλλον</em></strong></span> <span class='ocrx_word' id='word_1_202' title='bbox 875 2397 975 2466; x_wconf 87' lang='grc' dir='ltr'><strong><em>κακῶς</em></strong></span> <span class='ocrx_word' id='word_1_203' title='bbox 990 2392 1114 2472; x_wconf 82' lang='grc' dir='ltr'><strong><em>ἐχουσιν.</em></strong></span> <span class='ocrx_word' id='word_1_204' title='bbox 1157 2386 1288 2472; x_wconf 83' lang='grc' dir='ltr'><strong><em>Ὁμοίως</em></strong></span> <span class='ocrx_word' id='word_1_205' title='bbox 1303 2392 1335 2457; x_wconf 79' lang='grc' dir='ltr'><strong><em>δέ</em></strong></span> 
     </span>
     <span class='ocr_line' id='line_1_22' title="bbox 181 2485 1335 2582; baseline 0.002 -25"><span class='ocrx_word' id='word_1_206' title='bbox 181 2495 229 2557; x_wconf 88' lang='grc' dir='ltr'><strong><em>καί</em></strong></span> <span class='ocrx_word' id='word_1_207' title='bbox 253 2485 336 2557; x_wconf 86' lang='grc' dir='ltr'><strong><em>οῦτοι</em></strong></span> <span class='ocrx_word' id='word_1_208' title='bbox 358 2486 376 2582; x_wconf 77' lang='grc' dir='ltr'><em>ᾗ</em></span> <span class='ocrx_word' id='word_1_209' title='bbox 400 2500 506 2576; x_wconf 82' lang='grc' dir='ltr'><strong><em>μᾶλλον</em></strong></span> <span class='ocrx_word' id='word_1_210' title='bbox 528 2488 724 2575; x_wconf 69' lang='grc' dir='ltr'><strong><em>ὑπερφρονεῖν</em></strong></span> <span class='ocrx_word' id='word_1_211' title='bbox 746 2494 868 2555; x_wconf 90' lang='grc' dir='ltr'><strong><em>δοκοῦσι</em></strong></span> <span class='ocrx_word' id='word_1_212' title='bbox 890 2493 941 2555; x_wconf 82' lang='grc' dir='ltr'><strong><em>καί</em></strong></span> <span class='ocrx_word' id='word_1_213' title='bbox 963 2494 1177 2577; x_wconf 76' lang='grc' dir='ltr'><strong><em>ἐκνευρίζουσιν</em></strong></span> <span class='ocrx_word' id='word_1_214' title='bbox 1198 2492 1335 2573; x_wconf 86' lang='grc' dir='ltr'><strong><em>έαυτοῦς,</em></strong></span> 
     </span>
     <span class='ocr_line' id='line_1_23' title="bbox 180 2590 1335 2683; baseline 0.002 -23"><span class='ocrx_word' id='word_1_215' title='bbox 180 2594 325 2681; x_wconf 86' lang='grc' dir='ltr'><strong><em>ύπέρτονα</em></strong></span> <span class='ocrx_word' id='word_1_216' title='bbox 341 2594 515 2673; x_wconf 81' lang='grc' dir='ltr'><strong><em>τοξεύοντες,</em></strong></span> <span class='ocrx_word' id='word_1_217' title='bbox 537 2592 629 2683; x_wconf 77' lang='grc' dir='ltr'><strong><em>ταύτῃ</em></strong></span> <span class='ocrx_word' id='word_1_218' title='bbox 646 2601 753 2676; x_wconf 82' lang='grc' dir='ltr'><strong><em>μᾶλλον</em></strong></span> <span class='ocrx_word' id='word_1_219' title='bbox 768 2590 805 2657; x_wconf 88' lang='grc' dir='ltr'><strong><em>οῦ</em></strong></span> <span class='ocrx_word' id='word_1_220' title='bbox 820 2601 1034 2677; x_wconf 84' lang='grc' dir='ltr'><strong><em>σωφρονοῦσιν.</em></strong></span> <span class='ocrx_word' id='word_1_221' title='bbox 1075 2591 1216 2671; x_wconf 81' lang='grc' dir='ltr'><strong><em>Ἐξελθδν</em></strong></span> <span class='ocrx_word' id='word_1_222' title='bbox 1230 2594 1335 2683; x_wconf 82' lang='grc' dir='ltr'><strong><em>γάρτό</em></strong></span> 
     </span>
     <span class='ocr_line' id='line_1_24' title="bbox 181 2694 1336 2789; baseline 0.003 -26"><span class='ocrx_word' id='word_1_223' title='bbox 181 2698 354 2782; x_wconf 72' lang='grc' dir='ltr'><strong><em>ἀκάθαρτον</em></strong></span> <span class='ocrx_word' id='word_1_224' title='bbox 377 2705 493 2779; x_wconf 90' lang='grc' dir='ltr'><strong><em>πνεῦμα</em></strong></span> <span class='ocrx_word' id='word_1_225' title='bbox 513 2704 564 2778; x_wconf 79' lang='grc' dir='ltr'><strong><em>τῆς</em></strong></span> <span class='ocrx_word' id='word_1_226' title='bbox 587 2694 707 2781; x_wconf 87' lang='grc' dir='ltr'><strong><em>άγνοίας</em></strong></span> <span class='ocrx_word' id='word_1_227' title='bbox 733 2698 833 2759; x_wconf 85' lang='grc' dir='ltr'><strong><em>έπειτα</em></strong></span> <span class='ocrx_word' id='word_1_228' title='bbox 857 2695 1048 2778; x_wconf 88' lang='grc' dir='ltr'><strong><em>σχολάζοντας</em></strong></span> <span class='ocrx_word' id='word_1_229' title='bbox 1070 2695 1180 2774; x_wconf 85' lang='grc' dir='ltr'><strong><em>αύτούς</em></strong></span> <span class='ocrx_word' id='word_1_230' title='bbox 1200 2696 1240 2765; x_wconf 85' lang='grc' dir='ltr'><strong><em>οῦ</em></strong></span> <span class='ocrx_word' id='word_1_231' title='bbox 1261 2706 1336 2789; x_wconf 72' lang='grc' dir='ltr'><strong><em>θεῷ,</em></strong></span> 
     </span>
     <span class='ocr_line' id='line_1_25' title="bbox 182 2796 1336 2883; baseline 0.002 -18"><span class='ocrx_word' id='word_1_232' title='bbox 182 2800 250 2865; x_wconf 87' lang='grc' dir='ltr'><strong><em>άλλά</em></strong></span> <span class='ocrx_word' id='word_1_233' title='bbox 264 2810 417 2882; x_wconf 86' lang='grc' dir='ltr'><strong><em>κοσμικαῖς</em></strong></span> <span class='ocrx_word' id='word_1_234' title='bbox 431 2799 590 2882; x_wconf 80' lang='grc' dir='ltr'><strong><em>ζητήσεσιν,</em></strong></span> <span class='ocrx_word' id='word_1_235' title='bbox 610 2796 697 2881; x_wconf 86' lang='grc' dir='ltr'><strong><em>εύρόν</em></strong></span> <span class='ocrx_word' id='word_1_236' title='bbox 711 2798 958 2883; x_wconf 85' lang='grc' dir='ltr'><strong><em>προςπαραλαβδν</em></strong></span> <span class='ocrx_word' id='word_1_237' title='bbox 971 2802 1054 2883; x_wconf 75' lang='grc' dir='ltr'><strong><em>ἕτερα</em></strong></span> <span class='ocrx_word' id='word_1_238' title='bbox 1068 2799 1251 2882; x_wconf 74' lang='grc' dir='ltr'><strong><em>4πνεύματα</em></strong></span> <span class='ocrx_word' id='word_1_239' title='bbox 1263 2800 1336 2869; x_wconf 73' lang='grc' dir='ltr'><strong><em>διττά</em></strong></span> 
     </span>
     <span class='ocr_line' id='line_1_26' title="bbox 182 2898 1337 2987; baseline 0.003 -19"><span class='ocrx_word' id='word_1_240' title='bbox 182 2902 366 2986; x_wconf 84' lang='grc' dir='ltr'><strong><em>πονηρότερα</em></strong></span> <span class='ocrx_word' id='word_1_241' title='bbox 382 2904 504 2981; x_wconf 78' lang='grc' dir='ltr'><strong><em>ἑαυτοῦ,</em></strong></span> <span class='ocrx_word' id='word_1_242' title='bbox 527 2905 577 2966; x_wconf 83' lang='grc' dir='ltr'><strong><em>καὶ</em></strong></span> <span class='ocrx_word' id='word_1_243' title='bbox 593 2909 748 2985; x_wconf 91' lang='grc' dir='ltr'><strong><em>χαυνῶσαν</em></strong></span> <span class='ocrx_word' id='word_1_244' title='bbox 764 2898 862 2966; x_wconf 86' lang='grc' dir='ltr'><strong><em>αύτῶν</em></strong></span> <span class='ocrx_word' id='word_1_245' title='bbox 876 2900 930 2984; x_wconf 73' lang='grc' dir='ltr'><strong><em>τήν</em></strong></span> <span class='ocrx_word' id='word_1_246' title='bbox 945 2899 1081 2986; x_wconf 89' lang='grc' dir='ltr'><strong><em>γνῶμην,</em></strong></span> <span class='ocrx_word' id='word_1_247' title='bbox 1103 2898 1145 2979; x_wconf 79' lang='grc' dir='ltr'><strong><em>ῶς</em></strong></span> <span class='ocrx_word' id='word_1_248' title='bbox 1162 2906 1337 2987; x_wconf 79' lang='grc' dir='ltr'><strong><em>δυναμένων</em></strong></span> 
     </span>
     <span class='ocr_line' id='line_1_27' title="bbox 182 2996 1336 3090; baseline 0.004 -21"><span class='ocrx_word' id='word_1_249' title='bbox 182 3006 216 3069; x_wconf 87' lang='grc' dir='ltr'><strong><em>τά</em></strong></span> <span class='ocrx_word' id='word_1_250' title='bbox 234 3003 307 3090; x_wconf 77' lang='grc' dir='ltr'><strong><em>ὑπὲρ</em></strong></span> <span class='ocrx_word' id='word_1_251' title='bbox 325 2996 376 3069; x_wconf 84' lang='grc' dir='ltr'><strong><em>τόν</em></strong></span> <span class='ocrx_word' id='word_1_252' title='bbox 393 3003 466 3068; x_wconf 86' lang='grc' dir='ltr'><strong><em>θεόν</em></strong></span> <span class='ocrx_word' id='word_1_253' title='bbox 482 3008 607 3083; x_wconf 86' lang='grc' dir='ltr'><strong><em>ἐννοεῖν,</em></strong></span> <span class='ocrx_word' id='word_1_254' title='bbox 629 3007 680 3070; x_wconf 86' lang='grc' dir='ltr'><strong><em>καί</em></strong></span> <span class='ocrx_word' id='word_1_255' title='bbox 701 3003 899 3086; x_wconf 64' lang='grc' dir='ltr'><strong><em>ὖέπιτήδευον</em></strong></span> <span class='ocrx_word' id='word_1_256' title='bbox 914 3006 955 3079; x_wconf 90' lang='grc' dir='ltr'><strong><em>εἰς</em></strong></span> <span class='ocrx_word' id='word_1_257' title='bbox 975 3000 1231 3089; x_wconf 67' lang='grc' dir='ltr'><strong><em>6ῦπερέκκρουσιν</em></strong></span> <span class='ocrx_word' id='word_1_258' title='bbox 1247 3034 1336 3073; x_wconf 79' lang='grc' dir='ltr'><strong><em>κατα·</em></strong></span> 
     </span>
     <span class='ocr_line' id='line_1_28' title="bbox 181 3104 1338 3192; baseline 0.003 -20"><span class='ocrx_word' id='word_1_259' title='bbox 181 3107 342 3185; x_wconf 90' lang='grc' dir='ltr'><strong><em>σκευάσαν,</em></strong></span> <span class='ocrx_word' id='word_1_260' title='bbox 374 3106 427 3188; x_wconf 79' lang='grc' dir='ltr'><strong><em>τὴν</em></strong></span> <span class='ocrx_word' id='word_1_261' title='bbox 448 3106 593 3191; x_wconf 91' lang='grc' dir='ltr'><strong><em>Ὀγδοάδα</em></strong></span> <span class='ocrx_word' id='word_1_262' title='bbox 618 3115 670 3189; x_wconf 82' lang='grc' dir='ltr'><strong><em>τῆς</em></strong></span> <span class='ocrx_word' id='word_1_263' title='bbox 697 3104 824 3182; x_wconf 81' lang='grc' dir='ltr'><strong><em>7άνοίας</em></strong></span> <span class='ocrx_word' id='word_1_264' title='bbox 849 3114 907 3171; x_wconf 90' lang='grc' dir='ltr'><strong><em>τῶν</em></strong></span> <span class='ocrx_word' id='word_1_265' title='bbox 928 3114 1067 3192; x_wconf 79' lang='grc' dir='ltr'><strong><em>πονηρῶν</em></strong></span> <span class='ocrx_word' id='word_1_266' title='bbox 1091 3106 1271 3191; x_wconf 87' lang='grc' dir='ltr'><strong><em>πνευμάτων</em></strong></span> <span class='ocrx_word' id='word_1_267' title='bbox 1294 3112 1338 3187; x_wconf 89' lang='grc' dir='ltr'><strong><em>εἰς</em></strong></span> 
     </span>
     <span class='ocr_line' id='line_1_29' title="bbox 183 3209 487 3292; baseline -0.013 -16"><span class='ocrx_word' id='word_1_268' title='bbox 183 3209 292 3287; x_wconf 80' lang='grc' dir='ltr'><strong><em>αύτούς</em></strong></span> <span class='ocrx_word' id='word_1_269' title='bbox 314 3209 487 3292; x_wconf 74' lang='grc' dir='ltr'><strong><em>ένεθόκωσε.</em></strong></span> 
     </span>
    </p>
   </div>
   <div class='ocr_carea' id='block_1_5' title="bbox 40 3411 1338 4115">
    <p class='ocr_par' dir='ltr' id='par_1_5' title="bbox 40 3411 1338 4017">
     <span class='ocr_line' id='line_1_30' title="bbox 40 3411 1335 3503; baseline 0.005 -28"><span class='ocrx_word' id='word_1_270' title='bbox 40 3422 107 3490; x_wconf 83' lang='grc' dir='ltr'><strong><em>Κεφ.</em></strong></span> <span class='ocrx_word' id='word_1_271' title='bbox 127 3420 166 3477; x_wconf 75' lang='grc' dir='ltr'><strong><em>ιδ’.</em></strong></span> <span class='ocrx_word' id='word_1_272' title='bbox 271 3415 419 3498; x_wconf 88' lang='grc' dir='ltr'><strong><em>Βούλομαι</em></strong></span> <span class='ocrx_word' id='word_1_273' title='bbox 442 3418 473 3480; x_wconf 94' lang='grc' dir='ltr'><strong><em>δέ</em></strong></span> <span class='ocrx_word' id='word_1_274' title='bbox 496 3437 541 3479; x_wconf 92' lang='grc' dir='ltr'><strong><em>σοι</em></strong></span> <span class='ocrx_word' id='word_1_275' title='bbox 560 3416 610 3478; x_wconf 83' lang='grc' dir='ltr'><strong><em>καὶ</em></strong></span> <span class='ocrx_word' id='word_1_276' title='bbox 629 3411 669 3490; x_wconf 86' lang='grc' dir='ltr'><strong><em>ῶς</em></strong></span> <span class='ocrx_word' id='word_1_277' title='bbox 687 3412 781 3496; x_wconf 74' lang='grc' dir='ltr'><strong><em>αῦτην</em></strong></span> <span class='ocrx_word' id='word_1_278' title='bbox 799 3412 852 3496; x_wconf 77' lang='grc' dir='ltr'><strong><em>τὴν</em></strong></span> <span class='ocrx_word' id='word_1_279' title='bbox 870 3420 962 3480; x_wconf 86' lang='grc' dir='ltr'><strong><em>κτίσιν</em></strong></span> <span class='ocrx_word' id='word_1_280' title='bbox 977 3411 1039 3479; x_wconf 85' lang='grc' dir='ltr'><strong><em>κατ’</em></strong></span> <span class='ocrx_word' id='word_1_281' title='bbox 1055 3413 1155 3480; x_wconf 77' lang='grc' dir='ltr'><strong><em>εἰκόνα</em></strong></span> <span class='ocrx_word' id='word_1_282' title='bbox 1169 3422 1232 3481; x_wconf 88' lang='grc' dir='ltr'><strong><em>τῶν</em></strong></span> <span class='ocrx_word' id='word_1_283' title='bbox 1248 3414 1335 3503; x_wconf 84' lang='grc' dir='ltr'><strong><em>άορά·</em></strong></span> 
     </span>
     <span class='ocr_line' id='line_1_31' title="bbox 182 3514 1337 3604; baseline 0.001 -20"><span class='ocrx_word' id='word_1_284' title='bbox 182 3548 239 3585; x_wconf 91' lang='grc' dir='ltr'><strong><em>των</em></strong></span> <span class='ocrx_word' id='word_1_285' title='bbox 256 3518 315 3585; x_wconf 87' lang='grc' dir='ltr'><strong><em>ύπό</em></strong></span> <span class='ocrx_word' id='word_1_286' title='bbox 334 3528 387 3585; x_wconf 87' lang='grc' dir='ltr'><strong><em>τοῦ</em></strong></span> <span class='ocrx_word' id='word_1_287' title='bbox 403 3525 610 3604; x_wconf 87' lang='grc' dir='ltr'><strong><em>Δημιουργοῦ,</em></strong></span> <span class='ocrx_word' id='word_1_288' title='bbox 643 3514 683 3592; x_wconf 87' lang='grc' dir='ltr'><strong><em>ῶς</em></strong></span> <span class='ocrx_word' id='word_1_289' title='bbox 701 3514 880 3602; x_wconf 91' lang='grc' dir='ltr'><strong><em>άγνοοῦντος</em></strong></span> <span class='ocrx_word' id='word_1_290' title='bbox 898 3514 1004 3596; x_wconf 89' lang='grc' dir='ltr'><strong><em>αύτοῦ,</em></strong></span> <span class='ocrx_word' id='word_1_291' title='bbox 1034 3516 1271 3585; x_wconf 82' lang='grc' dir='ltr'><strong><em>κατεσκευάσθαι</em></strong></span> <span class='ocrx_word' id='word_1_292' title='bbox 1287 3518 1337 3587; x_wconf 78' lang='grc' dir='ltr'><strong><em>διεδ</em></strong></span> 
     </span>
     <span class='ocr_line' id='line_1_32' title="bbox 181 3618 1336 3707; baseline 0.001 -19"><span class='ocrx_word' id='word_1_293' title='bbox 181 3632 234 3705; x_wconf 79' lang='grc' dir='ltr'><strong><em>της</em></strong></span> <span class='ocrx_word' id='word_1_294' title='bbox 251 3623 377 3707; x_wconf 89' lang='grc' dir='ltr'><strong><em>Μητρός</em></strong></span> <span class='ocrx_word' id='word_1_295' title='bbox 394 3625 524 3707; x_wconf 89' lang='grc' dir='ltr'><strong><em>λέγουσι,</em></strong></span> <span class='ocrx_word' id='word_1_296' title='bbox 547 3618 754 3704; x_wconf 72' lang='grc' dir='ltr'><strong><em>διεργάσασθαι.</em></strong></span> <span class='ocrx_word' id='word_1_297' title='bbox 801 3626 927 3705; x_wconf 87' lang='grc' dir='ltr'><strong><em>Πρῶτον</em></strong></span> <span class='ocrx_word' id='word_1_298' title='bbox 945 3621 998 3702; x_wconf 80' lang='grc' dir='ltr'><strong><em>μέν</em></strong></span> <span class='ocrx_word' id='word_1_299' title='bbox 1017 3618 1052 3684; x_wconf 83' lang='grc' dir='ltr'><strong><em>τά</em></strong></span> <span class='ocrx_word' id='word_1_300' title='bbox 1067 3622 1194 3705; x_wconf 87' lang='grc' dir='ltr'><strong><em>τέσσαρα</em></strong></span> <span class='ocrx_word' id='word_1_301' title='bbox 1210 3618 1336 3706; x_wconf 73' lang='grc' dir='ltr'><strong><em>στοιχεῖά</em></strong></span> 
     </span>
     <span class='ocr_line' id='line_1_33' title="bbox 182 3720 1338 3811; baseline 0.002 -22"><span class='ocrx_word' id='word_1_302' title='bbox 182 3749 269 3803; x_wconf 92' lang='grc' dir='ltr'><strong><em>φασι,</em></strong></span> <span class='ocrx_word' id='word_1_303' title='bbox 293 3736 368 3809; x_wconf 89' lang='grc' dir='ltr'><strong><em>πῦρ,</em></strong></span> <span class='ocrx_word' id='word_1_304' title='bbox 391 3726 489 3808; x_wconf 75' lang='grc' dir='ltr'><strong><em>ὕδωρ,</em></strong></span> <span class='ocrx_word' id='word_1_305' title='bbox 512 3731 582 3808; x_wconf 80' lang='grc' dir='ltr'><strong><em>γῆν,</em></strong></span> <span class='ocrx_word' id='word_1_306' title='bbox 606 3720 693 3805; x_wconf 85' lang='grc' dir='ltr'><strong><em>άέρα,</em></strong></span> <span class='ocrx_word' id='word_1_307' title='bbox 715 3722 815 3787; x_wconf 89' lang='grc' dir='ltr'><strong><em>εἰκόνα</em></strong></span> <span class='ocrx_word' id='word_1_308' title='bbox 833 3726 1055 3807; x_wconf 75' lang='grc' dir='ltr'><strong><em>προβεβλῆσθαι</em></strong></span> <span class='ocrx_word' id='word_1_309' title='bbox 1069 3731 1123 3807; x_wconf 80' lang='grc' dir='ltr'><strong><em>τῆς</em></strong></span> <span class='ocrx_word' id='word_1_310' title='bbox 1140 3722 1203 3791; x_wconf 82' lang='grc' dir='ltr'><strong><em>ῦνω</em></strong></span> <span class='ocrx_word' id='word_1_311' title='bbox 1218 3724 1338 3811; x_wconf 84' lang='grc' dir='ltr'><strong><em>πρῶτης</em></strong></span> 
     </span>
     <span class='ocr_line' id='line_1_34' title="bbox 187 3822 1337 3913; baseline 0.003 -21"><span class='ocrx_word' id='word_1_312' title='bbox 187 3827 346 3909; x_wconf 86' lang='grc' dir='ltr'><strong><em>Τετράδος,</em></strong></span> <span class='ocrx_word' id='word_1_313' title='bbox 375 3827 428 3902; x_wconf 86' lang='grc' dir='ltr'><strong><em>τάς</em></strong></span> <span class='ocrx_word' id='word_1_314' title='bbox 445 3852 474 3890; x_wconf 91' lang='grc' dir='ltr'><strong><em>τε</em></strong></span> <span class='ocrx_word' id='word_1_315' title='bbox 493 3829 637 3910; x_wconf 85' lang='grc' dir='ltr'><strong><em>ἐνεργείας</em></strong></span> <span class='ocrx_word' id='word_1_316' title='bbox 655 3823 752 3889; x_wconf 77' lang='grc' dir='ltr'><strong><em>αὐτῶν</em></strong></span> <span class='ocrx_word' id='word_1_317' title='bbox 768 3828 1063 3908; x_wconf 83' lang='grc' dir='ltr'><strong><em>συναριθμουμένας,</em></strong></span> <span class='ocrx_word' id='word_1_318' title='bbox 1094 3822 1158 3893; x_wconf 87' lang='grc' dir='ltr'><strong><em>οἰον</em></strong></span> <span class='ocrx_word' id='word_1_319' title='bbox 1172 3826 1293 3913; x_wconf 85' lang='grc' dir='ltr'><strong><em>θερμόν</em></strong></span> <span class='ocrx_word' id='word_1_320' title='bbox 1306 3852 1337 3895; x_wconf 81' lang='grc' dir='ltr'><strong><em>τε</em></strong></span> 
     </span>
     <span class='ocr_line' id='line_1_35' title="bbox 182 3924 1334 4017; baseline 0.001 -23"><span class='ocrx_word' id='word_1_321' title='bbox 182 3932 231 3994; x_wconf 88' lang='grc' dir='ltr'><strong><em>καί</em></strong></span> <span class='ocrx_word' id='word_1_322' title='bbox 249 3929 380 4011; x_wconf 86' lang='grc' dir='ltr'><strong><em>ψυχρόν,</em></strong></span> <span class='ocrx_word' id='word_1_323' title='bbox 410 3929 500 4012; x_wconf 79' lang='grc' dir='ltr'><strong><em>ξηρόν</em></strong></span> <span class='ocrx_word' id='word_1_324' title='bbox 515 3954 546 3991; x_wconf 88' lang='grc' dir='ltr'><strong><em>τε</em></strong></span> <span class='ocrx_word' id='word_1_325' title='bbox 561 3931 611 3992; x_wconf 83' lang='grc' dir='ltr'><strong><em>καὶ</em></strong></span> <span class='ocrx_word' id='word_1_326' title='bbox 628 3926 734 4013; x_wconf 88' lang='grc' dir='ltr'><strong><em>ύγρδν,</em></strong></span> <span class='ocrx_word' id='word_1_327' title='bbox 767 3925 897 4012; x_wconf 88' lang='grc' dir='ltr'><strong><em>άκριβῶς</em></strong></span> <span class='ocrx_word' id='word_1_328' title='bbox 914 3931 1092 4007; x_wconf 76' lang='grc' dir='ltr'><strong><em>ἐξεικονίζειν</em></strong></span> <span class='ocrx_word' id='word_1_329' title='bbox 1107 3927 1161 4013; x_wconf 73' lang='grc' dir='ltr'><strong><em>την</em></strong></span> <span class='ocrx_word' id='word_1_330' title='bbox 1175 3924 1334 4017; x_wconf 81' lang='grc' dir='ltr'><strong><em>Ὀγδοιέδα.</em></strong></span> 
     </span>
    </p>

    <p class='ocr_par' dir='ltr' id='par_1_6' title="bbox 62 4030 1336 4115">
     <span class='ocr_line' id='line_1_36' title="bbox 62 4030 1336 4115; baseline 0.004 -20"><span class='ocrx_word' id='word_1_331' title='bbox 62 4064 112 4108; x_wconf 72' lang='lat' dir='ltr'><strong><em>pag.</em></strong></span> <span class='ocrx_word' id='word_1_332' title='bbox 124 4053 169 4096; x_wconf 79' lang='grc' dir='ltr'><strong><em>κιο.</em></strong></span> <span class='ocrx_word' id='word_1_333' title='bbox 191 4030 295 4113; x_wconf 75' lang='grc' dir='ltr'><strong><em>ιἙξῆς</em></strong></span> <span class='ocrx_word' id='word_1_334' title='bbox 315 4034 386 4095; x_wconf 91' lang='grc' dir='ltr'><strong><em>δέκα</em></strong></span> <span class='ocrx_word' id='word_1_335' title='bbox 402 4030 541 4113; x_wconf 88' lang='grc' dir='ltr'><strong><em>δυνάμεις</em></strong></span> <span class='ocrx_word' id='word_1_336' title='bbox 556 4030 651 4106; x_wconf 88' lang='grc' dir='ltr'><strong><em>οῦτως</em></strong></span> <span class='ocrx_word' id='word_1_337' title='bbox 668 4038 918 4115; x_wconf 82' lang='grc' dir='ltr'><strong><em>καταριθμοῦσιν,</em></strong></span> <span class='ocrx_word' id='word_1_338' title='bbox 949 4030 1022 4096; x_wconf 81' lang='grc' dir='ltr'><strong><em>έπτά</em></strong></span> <span class='ocrx_word' id='word_1_339' title='bbox 1043 4032 1097 4114; x_wconf 88' lang='grc' dir='ltr'><strong><em>μέν</em></strong></span> <span class='ocrx_word' id='word_1_340' title='bbox 1120 4030 1267 4115; x_wconf 64' lang='grc' dir='ltr'><strong><em>2σοι’μειτα</em></strong></span> <span class='ocrx_word' id='word_1_341' title='bbox 1285 4060 1336 4101; x_wconf 74' lang='grc' dir='ltr'><strong><em>κυ-</em></strong></span> 
     </span>
    </p>
   </div>
   <div class='ocr_carea' id='block_1_6' title="bbox 182 4216 1337 4628">
    <p class='ocr_par' dir='ltr' id='par_1_7' title="bbox 182 4216 1337 4421">
     <span class='ocr_line' id='line_1_37' title="bbox 217 4216 1260 4288; baseline 0.008 -21"><span class='ocrx_word' id='word_1_342' title='bbox 217 4221 275 4269; x_wconf 72' lang='grc' dir='ltr'><strong><em>(ἶιν.</em></strong></span> <span class='ocrx_word' id='word_1_343' title='bbox 291 4222 362 4271; x_wconf 77' lang='lat' dir='ltr'><strong><em>xm.</em></strong></span> <span class='ocrx_word' id='word_1_344' title='bbox 379 4250 412 4260; x_wconf 90' lang='lat'><em>—</em></span> <span class='ocrx_word' id='word_1_345' title='bbox 437 4224 456 4273; x_wconf 88' lang='lat' dir='ltr'><strong><em>l.</em></strong></span> <span class='ocrx_word' id='word_1_346' title='bbox 475 4216 583 4288; x_wconf 64' lang='grc' dir='ltr'><strong><em>άληὲελχ</em></strong></span> <span class='ocrx_word' id='word_1_347' title='bbox 599 4226 683 4285; x_wconf 75' lang='lat' dir='ltr'><strong><em>scripsi</em></strong></span> <span class='ocrx_word' id='word_1_348' title='bbox 697 4238 741 4284; x_wconf 79' lang='grc' dir='ltr'><strong><em>μτο</em></strong></span> <span class='ocrx_word' id='word_1_349' title='bbox 775 4225 853 4272; x_wconf 70' lang='lat' dir='ltr'><strong><em>Etiam</em></strong></span> <span class='ocrx_word' id='word_1_350' title='bbox 872 4226 918 4273; x_wconf 79' lang='grc' dir='ltr'><strong><em>λἰι.</em></strong></span> <span class='ocrx_word' id='word_1_351' title='bbox 932 4226 1046 4285; x_wconf 83' lang='grc' dir='ltr'><strong><em>λιιλιτφειε</em></strong></span> <span class='ocrx_word' id='word_1_352' title='bbox 1061 4224 1129 4273; x_wconf 70' lang='lat' dir='ltr'><strong><em>haba</em></strong></span> <span class='ocrx_word' id='word_1_353' title='bbox 1145 4240 1160 4273; x_wconf 81' lang='grc' dir='ltr'><strong><em>α</em></strong></span> <span class='ocrx_word' id='word_1_354' title='bbox 1177 4222 1260 4275; x_wconf 69' lang='lat' dir='ltr'><strong>nobis.</strong></span> 
     </span>
     <span class='ocr_line' id='line_1_38' title="bbox 182 4284 1337 4356; baseline 0.003 -15"><span class='ocrx_word' id='word_1_355' title='bbox 182 4284 319 4354; x_wconf 58' lang='grc' dir='ltr'><strong><em>ἀληθείας,</em></strong></span> <span class='ocrx_word' id='word_1_356' title='bbox 347 4294 408 4352; x_wconf 80' lang='lat' dir='ltr'><em>qnod</em></span> <span class='ocrx_word' id='word_1_357' title='bbox 421 4294 474 4340; x_wconf 79' lang='grc' dir='ltr'><strong><em>λιλιτί</em></strong></span> <span class='ocrx_word' id='word_1_358' title='bbox 490 4291 580 4338; x_wconf 74' lang='lat' dir='ltr'><em>habent.</em></span> <span class='ocrx_word' id='word_1_359' title='bbox 618 4294 663 4339; x_wconf 73' lang='lat' dir='ltr'><strong><em>Vel.</em></strong></span> <span class='ocrx_word' id='word_1_360' title='bbox 678 4294 740 4340; x_wconf 76' lang='lat' dir='ltr'><strong><em>enim</em></strong></span> <span class='ocrx_word' id='word_1_361' title='bbox 807 4288 830 4340; x_wconf 75' lang='grc' dir='ltr'><strong><em>λ.</em></strong></span> <span class='ocrx_word' id='word_1_362' title='bbox 847 4287 977 4356; x_wconf 72' lang='grc' dir='ltr'><strong><em>πνεύματα</em></strong></span> <span class='ocrx_word' id='word_1_363' title='bbox 994 4293 1140 4341; x_wconf 72' lang='lat' dir='ltr'><strong><em>desideratur</em></strong></span> <span class='ocrx_word' id='word_1_364' title='bbox 1155 4295 1182 4341; x_wconf 84' lang='grc' dir='ltr'><strong><em>ιἰι</em></strong></span> <span class='ocrx_word' id='word_1_365' title='bbox 1196 4294 1252 4343; x_wconf 67' lang='lat' dir='ltr'><strong><em>edu.</em></strong></span> <span class='ocrx_word' id='word_1_366' title='bbox 1262 4296 1337 4355; x_wconf 75' lang='grc' dir='ltr'><strong><em>μελισ.</em></strong></span> 
     </span>
     <span class='ocr_line' id='line_1_39' title="bbox 182 4361 1322 4421; baseline 0.004 -12"><span class='ocrx_word' id='word_1_367' title='bbox 182 4362 295 4418; x_wconf 81' lang='grc' dir='ltr'><strong><em>λαλιηιτει</em></strong></span> <span class='ocrx_word' id='word_1_368' title='bbox 312 4377 368 4407; x_wconf 76' lang='lat' dir='ltr'><strong><em>vere</em></strong></span> <span class='ocrx_word' id='word_1_369' title='bbox 385 4364 459 4409; x_wconf 82' lang='grc' dir='ltr'><strong><em>υειλιλ.</em></strong></span> <span class='ocrx_word' id='word_1_370' title='bbox 774 4361 884 4408; x_wconf 81' lang='grc' dir='ltr'><strong><em>Ριλουῖυε</em></strong></span> <span class='ocrx_word' id='word_1_371' title='bbox 896 4363 1001 4421; x_wconf 76' lang='lat' dir='ltr'><strong><em>primum</em></strong></span> <span class='ocrx_word' id='word_1_372' title='bbox 1016 4362 1044 4409; x_wconf 82' lang='grc' dir='ltr'><strong><em>δι</em></strong></span> <span class='ocrx_word' id='word_1_373' title='bbox 1059 4362 1110 4409; x_wconf 80' lang='grc' dir='ltr'><strong><em>ασελ.</em></strong></span> <span class='ocrx_word' id='word_1_374' title='bbox 1129 4364 1202 4411; x_wconf 73' lang='lat' dir='ltr'>vane.</span> <span class='ocrx_word' id='word_1_375' title='bbox 1219 4364 1322 4413; x_wconf 68' lang='lat' dir='ltr'><strong><em>adduit</em></strong></span> 
     </span>
    </p>

    <p class='ocr_par' dir='ltr' id='par_1_8' title="bbox 216 4427 1276 4493">
     <span class='ocr_line' id='line_1_40' title="bbox 216 4427 1276 4493; baseline 0.007 -20"><span class='ocrx_word' id='word_1_376' title='bbox 216 4429 240 4475; x_wconf 72' lang='lat'><strong><em>2.</em></strong></span> <span class='ocrx_word' id='word_1_377' title='bbox 257 4428 300 4476; x_wconf 82' lang='grc' dir='ltr'><strong><em>τοῦ</em></strong></span> <span class='ocrx_word' id='word_1_378' title='bbox 319 4443 364 4476; x_wconf 81' lang='grc' dir='ltr'><strong><em>οτι.</em></strong></span> <span class='ocrx_word' id='word_1_379' title='bbox 383 4430 433 4477; x_wconf 83' lang='lat' dir='ltr'>cod.</span> <span class='ocrx_word' id='word_1_380' title='bbox 451 4430 504 4475; x_wconf 78' lang='grc' dir='ltr'><strong><em>λἰιι.</em></strong></span> <span class='ocrx_word' id='word_1_381' title='bbox 808 4427 832 4476; x_wconf 84' lang='lat'><strong><em>5.</em></strong></span> <span class='ocrx_word' id='word_1_382' title='bbox 849 4427 991 4492; x_wconf 78' lang='lat' dir='ltr'>aptabiliter</span> <span class='ocrx_word' id='word_1_383' title='bbox 1005 4429 1073 4478; x_wconf 79' lang='grc' dir='ltr'><strong><em>λυῦιλ</em></strong></span> <span class='ocrx_word' id='word_1_384' title='bbox 1092 4430 1138 4477; x_wconf 68' lang='lat' dir='ltr'><strong><em>Vel.</em></strong></span> <span class='ocrx_word' id='word_1_385' title='bbox 1151 4431 1276 4493; x_wconf 75' lang='grc' dir='ltr'><strong><em>λιιλετμτπ.</em></strong></span> 
     </span>
    </p>

    <p class='ocr_par' dir='ltr' id='par_1_9' title="bbox 183 4489 1337 4628">
     <span class='ocr_line' id='line_1_41' title="bbox 217 4489 1337 4558; baseline 0.005 -13"><span class='ocrx_word' id='word_1_386' title='bbox 217 4494 240 4545; x_wconf 87' lang='grc'><strong><em>3.</em></strong></span> <span class='ocrx_word' id='word_1_387' title='bbox 258 4489 329 4558; x_wconf 63' lang='grc' dir='ltr'><strong><em>ὑμῶν</em></strong></span> <span class='ocrx_word' id='word_1_388' title='bbox 343 4498 395 4545; x_wconf 74' lang='lat' dir='ltr'><strong><em>libri</em></strong></span> <span class='ocrx_word' id='word_1_389' title='bbox 404 4498 449 4544; x_wconf 84' lang='grc' dir='ltr'><strong><em>αιιι·</em></strong></span> <span class='ocrx_word' id='word_1_390' title='bbox 461 4496 679 4556; x_wconf 77' lang='grc' dir='ltr'><strong><em>λοοιεετίμιίρυοιιι</em></strong></span> <span class='ocrx_word' id='word_1_391' title='bbox 691 4497 742 4544; x_wconf 79' lang='grc' dir='ltr'><strong><em>αλλ·</em></strong></span> <span class='ocrx_word' id='word_1_392' title='bbox 808 4493 833 4545; x_wconf 78' lang='grc' dir='ltr'><strong><em>δ.</em></strong></span> <span class='ocrx_word' id='word_1_393' title='bbox 851 4490 1015 4558; x_wconf 78' lang='grc' dir='ltr'><strong><em>ύπέκκρουσιν</em></strong></span> <span class='ocrx_word' id='word_1_394' title='bbox 1034 4498 1130 4545; x_wconf 69' lang='lat' dir='ltr'><strong><em>coniecit</em></strong></span> <span class='ocrx_word' id='word_1_395' title='bbox 1146 4498 1266 4551; x_wconf 80' lang='grc' dir='ltr'><strong><em>Ρτλτυλιε.</em></strong></span> <span class='ocrx_word' id='word_1_396' title='bbox 1291 4500 1337 4551; x_wconf 63' lang='grc'><strong><em>71.</em></strong></span> 
     </span>
     <span class='ocr_line' id='line_1_42' title="bbox 183 4557 1166 4628; baseline 0.002 -15"><span class='ocrx_word' id='word_1_397' title='bbox 183 4566 215 4626; x_wconf 78' lang='grc' dir='ltr'><strong><em>εί,</em></strong></span> <span class='ocrx_word' id='word_1_398' title='bbox 237 4569 329 4625; x_wconf 75' lang='lat' dir='ltr'><strong><em>praeter</em></strong></span> <span class='ocrx_word' id='word_1_399' title='bbox 344 4566 399 4613; x_wconf 83' lang='grc' dir='ltr'><strong><em>ιιλῖλ.</em></strong></span> <span class='ocrx_word' id='word_1_400' title='bbox 411 4567 503 4625; x_wconf 73' lang='grc' dir='ltr'><strong><em>μῶσα,</em></strong></span> <span class='ocrx_word' id='word_1_401' title='bbox 524 4564 564 4611; x_wconf 84' lang='grc' dir='ltr'><strong><em>αλιι·</em></strong></span> <span class='ocrx_word' id='word_1_402' title='bbox 580 4557 655 4628; x_wconf 70' lang='grc' dir='ltr'><strong><em>ἡμῶν</em></strong></span> <span class='ocrx_word' id='word_1_403' title='bbox 669 4568 741 4613; x_wconf 74' lang='lat' dir='ltr'><strong><em>extat.</em></strong></span> <span class='ocrx_word' id='word_1_404' title='bbox 776 4564 891 4625; x_wconf 82' lang='grc' dir='ltr'><strong><em>λκλιιχιτιε</em></strong></span> <span class='ocrx_word' id='word_1_405' title='bbox 907 4565 975 4615; x_wconf 76' lang='grc' dir='ltr'><strong><em>λούει</em></strong></span> <span class='ocrx_word' id='word_1_406' title='bbox 991 4562 1166 4615; x_wconf 65' lang='lat' dir='ltr'><strong><em>exclusionem.</em></strong></span> 
     </span>
    </p>
   </div>
   <div class='ocr_carea' id='block_1_7' title="bbox 0 0 1528 5084">
    <p class='ocr_par' dir='ltr' id='par_1_10' title="bbox 0 0 1528 5084">
     <span class='ocr_line' id='line_1_43' title="bbox 0 0 1528 5084; baseline 0 0"><span class='ocrx_word' id='word_1_407' title='bbox 0 0 1528 5084; x_wconf 95' lang='lat' dir='ltr'><strong><em> </em></strong></span> 
     </span>
    </p>
   </div>
  </div>
 </body>
</html>
