3046 5084
401 347 537 399 PdeRll
552 348 616 401 tna
629 350 649 401 l.
667 350 750 402 nott.
767 350 798 401 tt.
817 350 915 401 usna.
932 350 1022 401 XXX.
1224 340 1285 401 297

142 468 236 535 Ehien
255 467 440 533 eeoasionenr
456 466 611 553 arriperet.
654 465 734 531 Nam
750 466 776 531 si
791 468 831 531 ita
847 467 989 533 dixisset:
1014 472 1126 532 Scrshet
1142 476 1172 533 in
1188 494 1221 533 ec
1236 474 1285 532 ho-

141 596 200 648 me,
233 570 371 657 colligere
388 591 430 633 ex
449 589 487 633 ee
503 578 605 654 posset
621 578 749 633 satore·
768 568 859 632 inisse
875 566 1047 653 dosephum,
1080 568 1286 655 Christumque

142 674 218 739 viridi
234 695 275 739 cx
290 673 404 737 semine
416 682 614 756 procreatam.
659 667 770 734 Verum
786 667 882 734 isaiae
899 681 967 734 ante
980 668 1138 735 accunt
1154 673 1217 756 ptus
1234 674 1287 736 mi-

141 798 196 842 nus
214 797 307 841 annos
327 774 420 853 dixit,
442 776 567 847 'Sme'de,
600 783 630 836 ut
650 792 691 836 ex
709 782 771 835 toto
791 771 841 835 ilie
861 774 998 857 temporis
1016 774 1171 837 intervallo
1190 775 1224 837 dc
1244 776 1288 837 rei

141 880 267 944 veritate
290 887 457 955 conaturam
489 876 564 959 qued
585 895 672 939 nenne
694 886 762 939 ante
788 874 840 939 hus
863 896 957 938 euneos
975 872 1132 939 DCCLH!
1154 898 1218 939 euna
1240 877 1289 961 qui

141 982 309 1045 nasciturus
323 989 387 1043 erat
399 989 466 1042 satu
481 998 640 1064 propagare
656 988 766 1062 posset.
810 976 841 1041 N
844 1000 892 1041 um
904 977 994 1061 igitur
1008 980 1115 1041 trustra
1131 979 1288 1064 prophetae

142 1084 233 1160 dixit,
266 1082 388 1144 Seaa'de?
427 1078 551 1144 Minime
574 1100 657 1143 vero.
704 1076 764 1143 Sed
787 1092 819 1145 ut
839 1079 979 1143 idicidem
1000 1081 1047 1164 qui
1068 1081 1225 1166 prophetae
1243 1081 1288 1142 ia-

142 1197 207 1249 erat
223 1184 343 1269 spiritus
361 1193 478 1246 moetus
496 1183 682 1263 ostenderet,
712 1183 913 1267 generationis
931 1204 964 1246 sc
984 1179 1113 1263 Christi,
1145 1193 1287 1268 quatenus

142 1306 230 1351 earne
252 1284 421 1362 constabat,
452 1304 523 1348 vere
543 1296 691 1349 auctorem
711 1296 742 1348 et
759 1285 929 1348 efficientem
948 1306 1026 1349 esse.
1071 1290 1198 1367 Spiritus
1214 1291 1425 1355 moisacense.

141 1403 256 1452 sanetus
277 1391 452 1469 superneaa'et
470 1391 500 1450 air
524 1398 567 1461 te,
600 1387 642 1451 ait
662 1385 778 1452 Mariae
804 1386 926 1453 Gahriel
950 1390 1089 1473 angelus,
1120 1401 1178 1453 ete.
1225 1387 1286 1451 darn

143 1493 218 1576 qnod
239 1490 355 1555 suhiieit
370 1486 464 1553 isaias
486 1492 567 1570 Stpdo
584 1493 720 1564 hommes,
752 1491 789 1553 ad
808 1491 932 1555 hominis
951 1492 1168 1555 similitudinem
1186 1492 1286 1555 adum·

141 1594 277 1658 hrandam
294 1594 429 1678 pertinet.
472 1590 622 1676 Siquidem
639 1593 725 1657 home
742 1591 880 1658 Christus
895 1592 980 1658 iesus
994 1606 1056 1673 est,
1081 1595 1223 1657 mediator
1238 1593 1285 1657 dei
1300 1609 1316 1652 1.
1324 1608 1437 1664 'numan

123 1706 171 1760 'et
187 1696 352 1774 hominum,
384 1695 613 1780 quandoquidem
633 1696 706 1759 deus
724 1696 844 1760 rerhum
865 1698 983 1761 scocie
1002 1698 1168 1775 descendit,
1200 1707 1287 1781 atqua

140 1820 180 1862 ex
192 1795 289 1861 Maria
305 1808 391 1861 natus
406 1808 453 1862 est
470 1797 568 1874 hemo,
593 1818 651 1859 non
665 1819 707 1861 ex
720 1797 846 1862 hnmano
861 1810 926 1862 satu
939 1801 1108 1883 productus.
1144 1798 1286 1863 Proinde·

140 1920 196 1985 qne
217 1901 315 1964 station
337 1900 479 1986 propheta
500 1899 641 1977 subiecit,
674 1904 715 1961 Et
730 1904 875 1980 ingressus
891 1914 935 1964 est
949 1907 988 1963 ed
1000 1906 1221 1983 prophetissam,
1255 1912 1287 1966 ut

140 2000 352 2088 prophetissam
370 2000 496 2065 Mariana
513 2021 581 2065 esse
596 2011 792 2081 monstraret,
817 2025 874 2066 nen
893 2004 995 2067 Achae
1010 2026 1152 2082 uxerem,
1177 2005 1212 2067 de
1229 2026 1286 2088 qua

139 2105 270 2169 reonnnihi
285 2104 392 2168 dictum
406 2104 474 2167 iiiud
492 2114 610 2189 propter
623 2102 781 2167 Ezechiam
799 2105 873 2169 saise
887 2108 1082 2190 suspicantur.
1124 2104 1192 2188 Quo
1209 2108 1286 2169 enim

138 2207 187 2271 itta
207 2218 338 2291 tempore
364 2206 548 2290 pronuntiata
572 2216 657 2283 sunt,
688 2202 735 2270 xl
753 2208 809 2270 iam
829 2229 922 2271 annos
941 2218 1026 2270 natus
1046 2220 1109 2272 erat
1126 2209 1284 2273 Ezechias·

137 2310 216 2375 Nam
233 2306 292 2374 IX.
312 2308 425 2393 imperii
440 2310 530 2394 patris
546 2309 609 2373 eius
626 2329 703 2373 anno
721 2310 888 2373 vaticinium
905 2309 973 2373 iliud
992 2311 1098 2374 editum
1114 2312 1183 2374 init:
1214 2317 1288 2374 Eece

139 2419 220 2494 reigo
241 2416 387 2493 eorree'pe'et.
433 2411 479 2474 Ac
496 2421 612 2475 rnertuo
629 2412 743 2477 demum
760 2414 900 2492 Aeirazo,
931 2424 1081 2498 postquam
1098 2436 1192 2477 aranea
1207 2413 1287 2480 XIV

140 2514 291 2599 regnavit,
316 2536 387 2578 mox
403 2515 545 2599 scriptura
566 2515 676 2600 prodit:
708 2520 750 2577 dt
768 2523 899 2597 regareao't
915 2520 1070 2590 Ezeeha'rts,
1101 2530 1217 2600 eratque
1229 2524 1289 2581 XX
1296 2536 1438 2594 cnseret.

139 2640 276 2682 eremum
291 2640 354 2679 eum
368 2639 491 2699 regnare
503 2623 647 2699 coepisset.
680 2617 739 2702 Qui
755 2618 843 2702 igitur
857 2629 1085 2683 consentaneum
1099 2632 1144 2685 est
1160 2631 1202 2699 ut,
1223 2643 1288 2684 curm

140 2731 281 2806 regnante
303 2720 397 2784 adhuc
418 2720 495 2785 iliius
518 2732 616 2806 patre,
648 2723 697 2806 qui
718 2723 802 2785 antris
819 2719 897 2785 XhV
916 2722 1087 2805 imperarit,
1118 2725 1155 2787 de
1169 2722 1289 2787 Emma-

140 2825 226 2888 nueie
242 2844 281 2886 ex
297 2823 411 2907 virgine
432 2824 581 2888 nascituro
596 2825 737 2910 propheta
756 2846 927 2911 responsum
945 2825 1013 2888 iliud
1033 2827 1184 2906 cecinerit,
1209 2825 1288 2890 Eze-

139 2928 234 2992 chiam
252 2925 406 2990 oriundum
425 2946 491 2991 esse
509 2927 707 3011 praedixerit,
731 2927 779 3011 qui
796 2925 859 2990 XX
878 2948 971 2990 aornos
989 2940 1075 2992 natus
1090 2930 1219 3014 parentis
1234 2929 1289 2992 im-

139 3030 220 3114 perio
236 3026 399 3092 seccessit?
439 3027 549 3093 Nonne
565 3031 693 3114 prudens
708 3030 829 3114 quisque
845 3031 939 3114 potius
955 3031 1040 3094 facile
1057 3034 1214 3117 perspiciet
1227 3043 1287 3096 tum

139 3132 219 3197 illurn
234 3142 332 3195 natum
348 3130 437 3197 fuisse
453 3154 517 3195 uum
532 3131 573 3195 ita
588 3132 728 3217 propheta
745 3133 970 3214 vaticinaretur,
995 3134 1117 3198 Aehazo
1131 3145 1285 3219 regnante,

138 3236 187 3321 qui
205 3232 355 3299 Ezechiae
374 3234 454 3318 regis
475 3245 559 3319 pater
580 3235 652 3297 niet
683 3237 855 3320 pracsertim
880 3259 944 3300 enm
968 3258 1004 3300 nc
1020 3237 1202 3322 prophetissa
1224 3237 1287 3320 qui-

138 3340 204 3403 dem
220 3337 334 3402 Achaei
350 3338 458 3401 coniux
475 3338 579 3416 inerit,
603 3340 639 3401 de
654 3360 711 3422 quo
730 3339 861 3402 dubitare
880 3360 965 3403 neme
981 3350 1087 3423 petest.
1133 3338 1285 3402 Eiusmodi

139 3463 211 3506 nero
222 3438 320 3504 hieria
333 3440 417 3524 virge
436 3440 504 3519 init,
529 3461 602 3525 quae
617 3442 745 3505 eoeleste
759 3442 827 3505 iilud
845 3445 992 3506 eruendum
1009 3442 1146 3528 pretulit:
1168 3447 1218 3503 lde
1231 3444 1285 3504 lece
1296 3452 1351 3496 hue·
1362 3453 1379 3495 ¹-
1393 3451 1425 3495 ⁴8·

138 3568 213 3608 nune
229 3546 336 3606 dentem
351 3566 394 3606 me
406 3548 501 3607 dicent
514 3566 608 3607 omnes
619 3550 816 3626 generationes
831 3558 934 3608 terrae.
971 3545 1017 3609 ht
1037 3566 1120 3629 quum
1136 3544 1287 3628 ingressus

139 3646 261 3713 Gahriei
285 3646 397 3711 felicem
420 3646 495 3711 hunc
518 3648 545 3712 ei
563 3650 693 3712 nuntium
712 3650 824 3728 attulit,
857 3650 918 3712 iore
938 3649 1098 3712 utineam
1118 3669 1151 3711 se
1168 3647 1286 3731 spiritus

137 3751 316 3829 insinuaret,
340 3751 388 3835 qni
406 3771 459 3836 per
475 3748 583 3815 isaiam
599 3751 714 3815 locutus
731 3761 793 3829 est,
817 3772 852 3814 ιο
869 3752 957 3814 filium
976 3763 1108 3835 pareret,
1141 3752 1286 3815 dominum

138 3865 269 3919 nostrum
287 3852 383 3918 desum
399 3850 561 3935 Christum,
580 3854 628 3939 qui
645 3855 680 3918 de
694 3854 800 3940 spiritu
814 3865 929 3934 sancto,
949 3875 1007 3918 nen
1021 3874 1059 3917 cx
1071 3853 1147 3919 viridi
1162 3855 1285 3936 semine,

138 3958 309 4045 progenitus
325 3967 388 4036 est,
413 3967 444 4021 ut
459 3969 590 4022 amentes
605 3958 647 4022 ilii
664 3978 699 4023 ac
719 3958 837 4022 fanatici
856 3979 909 4042 per
923 3977 1062 4021 summam
1080 3956 1286 4043 blasphemiam

139 4060 319 4148 praedicant.

222 4161 292 4227 Non
307 4163 403 4228 minus
419 4162 591 4248 ineptissimi
608 4162 732 4227 hominis
749 4163 862 4227 sahhati
877 4164 925 4227 ille
942 4164 1036 4228 cuitus
1051 4187 1086 4229 ae
1100 4166 1283 4233 circumcisio
1327 4176 1385 4242 Can

139 4287 267 4353 ususque
287 4265 421 4352 baptismi
443 4265 626 4349 quotidianus
645 4266 799 4330 refellitur.
844 4265 961 4332 Etenim
982 4268 1009 4332 id
1025 4269 1205 4355 potissimum
1223 4284 1283 4338 stu·
1296 4247 1413 4376 ff}

139 4369 239 4434 duisse
262 4364 399 4459 Christus
420 4367 552 4448 ridetur,
583 4380 614 4432 ut
634 4367 707 4455 ipsis
731 4368 842 4433 sahhati
864 4371 964 4435 dicbus
991 4372 1145 4459 plerosque
1170 4393 1287 4444 curaret
1367 4361 1372 4372 ⁶
1400 4365 1405 4376 ¹

141 4518 223 4589 adreio
239 4525 291 4575 sod.
308 4526 378 4577 Vetto.
729 4528 782 4588 tie,
805 4530 827 4576 et
848 4529 903 4579 iada
921 4531 957 4579 ed.
975 4531 1057 4581 Petne.
1091 4528 1285 4598 pertenuem

176 4592 404 4643 cne.XXX11.-
418 4594 439 4645 l.
452 4591 574 4662 γινόμενοι
587 4594 639 4648 eod.
650 4597 697 4648 Vo-
731 4596 828 4660 Rhsdtq.
844 4601 866 4647 et
879 4599 915 4648 ed
927 4602 1002 4661 princ.
