3046 5084
282 347 341 409 188
703 356 824 419 σιςισιι
840 354 1010 406 ιιιινιιιιιιι

279 476 360 560 χερσὶ
374 471 584 559 φθειρόμενοι,
607 469 644 537 οό
659 470 753 554 μόνον
767 473 814 550 δέ,
841 468 912 536 ἀλλά
929 471 981 534 καὶ
1000 471 1032 534 οἱ
1048 477 1113 545 ταῖς
1127 471 1242 555 γυναιξί
1257 468 1435 554 πλησιάζον-

278 601 335 654 τες,
356 573 459 641 λοιπόν
472 573 564 659 κόρον
577 572 617 656 μὴ
632 571 772 655 λαβόντες
784 579 838 655 τῆς
849 569 921 653 μετά
934 578 994 636 τῶν
1010 579 1161 656 γυναικοῖν
1178 576 1362 655 πολυμιξίας,
1385 577 1434 650 είς

278 674 420 759 ἀλλήλους
436 679 619 754 έκκαίονται,
639 672 765 759 ’Ἀνδρες
780 676 812 739 έν
826 670 951 757 ἀνδράσι
957 723 966 752 ,
989 671 1064 738 κατά
1084 672 1117 738 τό
1135 677 1351 760 γεγραμμένον,
1372 674 1433 758 τὴν

278 775 469 860 ἀντιμισθίαν
484 785 539 860 τῆς
553 775 667 861 πλάνης
689 778 720 841 έν
736 777 852 851 έαυτοῖς
870 772 1134 857 ἀπολαμβάνοντες.
1176 773 1306 853 Ἐξοόλεις
1320 775 1377 863 γάρ
1399 781 1436 842 οί

279 877 364 945 αότοί
386 877 538 964 γενόμενοι
554 881 763 962 μακαρίζουσιν
784 875 941 959 ἀλλήλους,
974 873 1039 952 οτίς
1058 874 1091 941 τό
1112 881 1286 963 προκριτέον
1306 885 1432 964 πρᾶγμα

280 979 497 1062 ἀναδεξάμενοι.
539 977 623 1043 Ἀλλά
637 981 689 1045 καί
705 976 872 1053 ἀπατῶντες
888 976 922 1043 τό
946 976 1048 1053 αότοῑς
1063 976 1245 1060 πειθόμενον
1261 989 1432 1065 γυναικεῖον

153 1088 155 1094 ⁴
279 1084 373 1169 γένος,
393 1081 427 1148 τό
443 1082 660 1166 σεσωρευμένον
674 1077 858 1163 άμαρτήμασι
874 1081 924 1144 καί
939 1077 1068 1164 ἠγμένον
1080 1084 1228 1156 ποικίλαις
1242 1083 1429 1164 ἐπιθυμίαις,

279 1183 429 1265 φάσκουσι
446 1191 510 1257 ταῖς
526 1179 728 1264 ηπατημέναις
744 1177 794 1244 ἀπ’
812 1179 910 1245 αὐτῶν
926 1179 986 1259 ότι,
1006 1177 1046 1244 Ἡ
1056 1185 1138 1246 δεῖνα
1153 1184 1321 1267 παρθένος,
1342 1179 1364 1266 ἦ
1380 1209 1429 1248 το·

279 1293 372 1350 ταῦτα
390 1287 439 1367 έτη
456 1283 646 1369 έφθαρμένη,
668 1284 719 1347 καί
734 1284 920 1366 φθειρομένη
934 1280 1005 1347 καθ’
1021 1281 1145 1366 ἑκάστην
1159 1280 1280 1369 ἡμέραν.
1325 1282 1430 1369 Κόραν

278 1384 335 1473 γάρ
352 1383 408 1451 οόκ
427 1388 485 1469 ἔχει
508 1382 578 1469 παρ’
593 1381 695 1461 αὐτοῖς
715 1381 736 1467 ἡ
758 1388 890 1470 λαγνεία,
922 1381 981 1449 ἀλλ’
1003 1382 1076 1450 ὅσον
1097 1411 1144 1461 τις
1168 1382 1238 1471 παρ’
1260 1382 1362 1462 αὐτοῖς
1383 1388 1430 1452 αί-

279 1485 441 1573 σχρουργός
461 1485 640 1571 άνθροιπος,
667 1493 810 1551 τοσοῦτον
832 1482 900 1567 παρ’
920 1483 1021 1562 αότοῖς
1042 1485 1203 1562 έπαινετός.
1243 1483 1375 1563 Ἐκείνας
1396 1489 1430 1551 δέ

279 1611 371 1670 φασιν
387 1586 460 1654 εἶναι
477 1591 664 1674 παρθένους,
693 1586 747 1663 τάς
768 1589 912 1670 μηδέποτε
937 1589 969 1653 έν
985 1596 1114 1678 κοσμικῇ
1134 1592 1210 1670 μίξει
1230 1588 1330 1674 γάμου
1352 1587 1428 1654 κατά

279 1690 373 1772 φάσιν
386 1697 440 1773 τῆς
455 1694 616 1772 συνηθείας
633 1691 807 1774 γενομένας,
836 1691 892 1765 ἕως
906 1694 1071 1773 καταβολῆς
1086 1691 1270 1776 σπέρματος,
1291 1687 1363 1756 ἀλλά
1379 1718 1427 1773 μι-

279 1794 424 1878 γνυμένας
437 1793 490 1875 μέν
502 1789 548 1857 ἀεί
567 1793 618 1857 καί
633 1789 847 1875 πορνευοόσας,
868 1789 927 1876 πρό
943 1793 976 1856 δέ
987 1799 1040 1857 τοῦ
1055 1789 1272 1878 ἀπαρτισθῆναι
1286 1791 1342 1876 τήν
1356 1791 1428 1877 ἡδο-

277 1893 334 1977 νὴν
357 1892 525 1975 ἀφιστόσας
540 1892 594 1958 τόν
609 1891 813 1978 πονηροποιόν
837 1889 935 1957 αότοῖν
954 1899 1007 1975 τῆς
1029 1898 1186 1970 κοινωνίας
1208 1896 1344 1980 φθορέα,
1373 1897 1426 1960 καί

278 1995 486 2080 λαμβανούσας
506 1993 561 2078 την
581 1996 795 2081 προειρημένην
814 1994 990 2080 αίσχρότητα
1015 1997 1056 2072 είς
1080 1994 1212 2080 ἐδωδὴν,
1239 1993 1282 2073 σός
1296 1995 1371 2062 καεά
1393 1997 1428 2063 τό

279 2097 387 2181 όμοιον
398 2104 453 2163 τοῦ
463 2094 573 2179 Σηλοίμ
591 2094 668 2182 πρός
681 2096 735 2179 τὴν
752 2095 858 2182 Θάμαρ
871 2101 1080 2182 κακοτροπίας,
1103 2094 1174 2163 ἀλλά
1188 2095 1248 2164 ἀπό
1264 2103 1431 2182 παρθενίας

277 2198 331 2286 τὴν
347 2201 450 2283 τέχνην
466 2197 576 2281 ταύτην
595 2200 858 2287 7έπανηρημένας,
879 2205 936 2264 τοῦ
956 2202 1138 2285 φθείρεσθαι
1157 2200 1227 2283 μέν,
1255 2198 1297 2283 μὴ
1318 2197 1428 2266 όποὸέ-

278 2311 382 2384 χεσθαι
395 2303 427 2366 δέ
441 2308 495 2383 τῆς
510 2306 632 2382 φθορᾶς
647 2298 702 2383 την
718 2303 795 2381 μίξιν
807 2302 859 2365 καί
871 2298 926 2382 την
941 2298 1114 2387 ἀπόρροιαν.
1158 2307 1368 2384 Βλασφημοῦσι
1391 2304 1427 2366 δέ

279 2400 316 2468 σά
333 2401 427 2485 μόνον
447 2401 500 2468 τόν
515 2399 649 2488 Ἀβραάμ
673 2404 726 2467 καί
743 2399 795 2467 τόν
814 2403 949 2467 Μοιϋσέα
972 2404 1024 2468 καί
1044 2400 1097 2469 τόν
1115 2399 1230 2483 Ἠλίαν,
1257 2405 1309 2468 καί
1328 2400 1427 2468 πάντα

158 2529 253 2586 mm.
282 2503 357 2570 θεόν
383 2503 474 2593 χορόν
503 2511 564 2570 τῶν
591 2509 771 2591 προφητῶν,
808 2500 880 2569 ἀλλά
905 2505 958 2569 καί
978 2501 1030 2570 τόν
1056 2502 1132 2571 θεόν
1159 2503 1211 2571 τόν
1237 2502 1427 2588 ἐκλεξάμενον

280 2633 398 2683 αυτους.

144 2922 211 2990 Κεφ.
229 2919 270 2994 ιβ’.
342 2907 434 2975 ”Ana
450 2911 483 2977 δέ
498 2916 590 2998 μυρία
604 2907 674 2996 παρ’
693 2908 794 2987 αότοῖς
810 2912 998 2995 πεπλασμένα
1010 2920 1139 2998 γραφεῖα
1152 2910 1329 2996 τετόλμηται.
1360 2916 1431 2980 Γέν-

280 3038 335 3077 ναν
358 3013 413 3097 μὲν
436 3012 492 3100 γάρ
508 3019 632 3101 Μαρίας
652 3018 765 3098 βιβλίον
787 3017 815 3079 τί
836 3035 929 3094 φασιν
945 3011 1035 3094 εἶναι,
1063 3017 1096 3080 έν
1112 3006 1137 3104 ρό
1155 3014 1237 3081 δεινά
1252 3041 1282 3081 τε
1301 3017 1353 3081 καί
1370 3014 1431 3082 όλέ-

278 3125 354 3202 θρια
378 3112 593 3203 όποβάλλοντές
613 3143 679 3181 τινα
703 3118 797 3182 έιιεῖστ
816 3120 959 3202 λέγουσιν.
1000 3115 1058 3182 Ἐκ
1080 3115 1189 3183 τούτου
1207 3116 1264 3204 γάρ
1282 3139 1357 3200 φασι
1377 3116 1432 3184 τόν

282 3220 431 3303 Ζαχαρίαν
447 3215 633 3284 ἀπεκτάνθαι
650 3220 682 3283 έν
696 3226 737 3307 τῷ
757 3225 835 3307 ναῷ,
863 3217 981 3302 ἐπειδὴ,
1011 3220 1126 3299 ιφασί,
1148 3216 1292 3284 όπτασίαν
1307 3218 1430 3305 ἑόρακε,

278 3323 330 3388 καί
353 3317 412 3386 ἀπό
434 3325 488 3385 τοῦ
513 3319 612 3403 φόβον
635 3322 732 3385 θέλον
754 3323 847 3386 εἰπεῖν
860 3319 916 3404 την
932 3318 1075 3387 ὀπτασίαν
1088 3318 1246 3407 ἀπεφράγη
1270 3318 1304 3385 τό
1326 3318 1430 3402 στόμα.

280 3421 354 3490 Είθε
367 3421 439 3510 γάρ,
462 3424 599 3504 ’φασίν,
621 3425 654 3488 έν
668 3448 704 3512 τη
721 3421 785 3511 όρρι
803 3430 857 3506 τῆς
873 3421 1065 3507 θνμιάματός
1081 3449 1156 3503 τινα,
1178 3420 1219 3498 ός
1234 3424 1357 3504 έθυμία,
1375 3419 1429 3487 άν-

279 3533 407 3610 θρωπον
420 3528 529 3593 ἑστῶτα
551 3522 648 3591 ’όνου
665 3523 785 3611 μορφην
800 3528 910 3610 έχοντα.
956 3527 1018 3590 Καὶ
1032 3523 1218 3603 ἐξελθόντος,
1240 3524 1357 3605 4φασί,
1377 3526 1431 3590 καὶ

280 3629 419 3706 θέλοντος
435 3632 545 3708 είπεῖν,
577 3623 655 3693 Οόαί
671 3626 760 3709 όμῑν,
781 3631 839 3694 τίνι
856 3635 1062 3714 προςκυνεῖτες
1091 3625 1262 3710 ἀντίφραξιν
1280 3621 1376 3692 αότοῦ
1397 3625 1432 3692 τό

280 3726 373 3810 στόμα
387 3729 406 3795 ό
419 3729 529 3812 ὀφθείς
544 3727 624 3818 αότρῖ
640 3731 725 3795 ένβον
739 3732 772 3796 έν
784 3737 827 3820 τῷ
843 3735 921 3819 ναῷ,
943 3732 994 3794 ἵνα
1009 3726 1051 3812 μή
1066 3728 1190 3813 δόνηται
1202 3734 1334 3812 λαλῆσαι.
1361 3725 1433 3793 ’Ότι

281 3828 314 3893 όέ
332 3825 436 3913 ἠνοίγη
451 3831 484 3897 τό
501 3831 595 3917 στόμα
613 3829 723 3912 αότοῦ,
743 3835 794 3898 ἰ’να
807 3829 934 3920 λαλήση,
955 3829 1022 3897 τότε
1037 3829 1230 3915 ἀπεκάλυψεν
1245 3828 1361 3911 αότοῖς,
1381 3833 1434 3896 καὶ

281 3927 454 3995 ἀπέκτειναν
469 3932 570 4013 αὐτόν,
591 3935 643 3998 καί
658 3933 763 4012 οὕτως,
787 3935 915 4014 έφασίν,
937 3929 1071 3999 ἀπέθανε
1088 3939 1246 4022 Ζαχαρίας.
1274 3930 1334 3999 Διά
1347 3939 1434 3999 τοῦτο

279 4030 337 4119 γάρ
357 4027 400 4096 θό
417 4031 512 4116 ίερεός
526 4032 691 4122 προςετάγη
704 4032 756 4101 ἀπ’
776 4032 870 4101 αότοῦ
883 4042 939 4101 τοῦ
953 4034 1220 4120 νομοθετήσαντος,
1241 4036 1345 4118 φασίν,
1359 4035 1434 4115 ἔχειν

313 4217 511 4285 6.8αιμιτστ”
488 4240 575 4282 ωςτι
910 4222 1434 4292 θιι.ΧΙΙ.-1.φησὶοιάί.ίάλπ.

314 4290 340 4342 7.
356 4288 546 4358 ἐπανῃρημένος
555 4307 597 4354 εςο
607 4295 716 4356 rescripsi
727 4308 771 4356 μισ
781 4290 841 4346 ἐπα
875 4295 972 4359 Rhodia.

280 4355 445 4442 ιειρημίιας,
462 4360 551 4421 quod
542 4375 568 4409 ιιι
584 4361 651 4408 λίθεοι
666 4363 737 4423 ναίςο
753 4366 824 4411 extat.
908 4364 933 4414 2
952 4379 1008 4430 φησ
1006 4361 1031 4416 λι
1006 4361 1115 4416 lond&
1131 4363 1206 4411 λ’σλιι.
1221 4360 1317 4423 Βασιλίς.

314 4420 844 4479 θ.τόιοιιιιιΡτλανιόσόιεοὶι.τσσιί.Υα-
909 4429 1436 4495 3.Ηι“ιιοίίλαίσθειίαόιοιιοοοιίτο11·ί·

279 4496 318 4545 αα.
345 4495 397 4544 Non
415 4496 574 4547 ιτιαιιαιά.
590 4495 666 4558 princ.
680 4497 770 4547 ασοσ.
784 4496 845 4545 θαι·
876 4501 1007 4550 αωαοεαοι
1029 4501 1087 4561 σοι,
1110 4499 1208 4558 dem
1229 4498 1437 4560 Ταιαιλλμσίος.

280 4564 331 4627 ⁶⁸³2·
877 4564 986 4627 cup-16.
