3046 5084
130 392 134 399 ·
174 353 235 415 396
597 361 718 413 εκαοτι
734 361 903 412 κυιυεικυιι

174 504 264 546 στατα
280 479 325 546 ὅτι
340 505 369 544 τε
385 479 502 563 πλάσμα
516 477 608 545 αὐτοῦ
622 481 682 544 έστι
695 476 732 544 τοί
746 480 885 565 εἰρημένα
901 476 1086 565 τόμολόγηκε,
1108 480 1158 543 καί
1175 478 1224 545 ὅτι
1240 477 1343 557 αότδς

175 583 305 667 όνόματα
321 585 433 648 τέθεικε
449 589 490 671 τῷ
506 581 652 665 πλάσματι
669 578 729 647 δπό
749 580 876 665 μηδενός
892 581 1037 668 πρότερον
1056 580 1144 647 όίλλου
1162 583 1339 664 τεθειμένα.

176 690 236 751 Καὶ
256 688 348 768 σαφές
365 689 443 752 ἐστιν
460 685 505 751 ότι
523 683 612 761 αότός
630 692 721 749 ταῦτα
738 684 910 768 τετόλμηκεν
929 683 1198 767 ὀνοματοποιῆσαι,
1229 686 1283 750 καί
1311 689 1342 751 εί

174 788 215 873 μῆ
231 796 329 875 παρῆν
345 797 385 878 τῷ
402 793 457 877 βίῳ
475 786 580 865 αότός,
610 784 666 852 οόκ
682 784 718 851 δν
734 784 754 868 ῆ
771 785 898 871 όλῆθεια
916 785 990 871 εἶχεν
1008 785 1110 870 ὄνομα.
1157 783 1257 851 Ου’δὲν
1275 780 1340 854 οὖν

175 891 280 959 κωλύει
297 893 349 957 καί
367 889 452 955 όλλον
467 889 531 955 τινοί
549 893 597 956 έπί
612 897 665 972 τῆς
679 887 771 972 αὐτῆς
786 887 959 966 ὑποθέσεως
976 888 1070 965 οὕτως
1087 887 1249 975 ὁρίσασθαι
1264 887 1339 956 όνό·

174 1022 259 1079 ματα.
295 991 371 1057 Είτα
386 991 488 1058 λοιπόν
502 995 543 1067 είς
555 1000 647 1056 ταῦτα
661 990 750 1067 αὐτός
765 990 782 1058 ό
796 992 940 1079 μακάριος
958 995 1140 1068 ὕἐπίσκοπος
1153 993 1339 1076 Εἰρηναῖος,

175 1097 216 1174 όίς
237 1123 268 1183 γε
286 1100 481 1181 προείπαμεν,
513 1093 653 1179 γελοιόδη
672 1093 789 1177 βήματα
806 1097 856 1160 καί
873 1094 963 1171 αότός
977 1104 1116 1181 προεῖπεν
1132 1097 1339 1180 δτερωνυμίαν

176 1198 227 1281 οἶμ’
242 1202 366 1276 ἑαυτοῦ,
389 1194 430 1272 τίς
445 1194 564 1273 όυτόξια
582 1203 634 1278 τῆς
652 1194 749 1261 ου’τοῑν
764 1202 909 1283 ληρωδίας
924 1196 1171 1281 χαριεντιζόμενος
1187 1195 1339 1264 πεπόνων

175 1306 259 1389 γένη,
290 1303 341 1365 καί
357 1298 483 1377 σικύαν,
514 1301 565 1362 καί
581 1306 787 1378 κολοκυνθῶν,
818 1298 859 1377 οίς
876 1303 926 1366 ἐπὶ
941 1298 1144 1382 ὑποκειμένων
1157 1306 1248 1365 τινοῖν
1267 1302 1337 1366 έπε-

175 1402 373 1485 πλασόμενος,
398 1398 438 1477 οἱς
459 1409 521 1476 τοῖς
537 1400 706 1487 φιλολόγοις
729 1401 822 1483 σαφὲς
844 1400 881 1466 δν
902 1407 946 1487 είη
965 1402 1016 1484 ἀφ’
1033 1395 1074 1468 οἷν
1089 1405 1335 1488 προανίγνωσαν.

39 1619 105 1685 Κεφ.
124 1615 153 1680 ζ.
263 1606 381 1673 ι’Ἄλλοι
398 1607 430 1672 δὲ
447 1605 535 1671 πόλιν
550 1605 648 1671 αότῶν
662 1606 716 1690 τῆν
731 1605 852 1691 πρώτην
868 1611 918 1674 καί
933 1608 1089 1696 ἀρχέγονον
1101 1606 1251 1694 Ὀγδσόδα
1264 1610 1337 1679 τού-

174 1738 235 1787 τοις
251 1719 312 1786 τοῖς
328 1708 453 1793 όνόμασι
469 1708 638 1793 κεκλήκασι·
670 1719 790 1796 πρῶτον
807 1711 981 1797 Προαρχῆν,
1011 1714 1110 1777 ἔπειτα
1125 1708 1335 1797 Ἀνεννόητον,

173 1812 227 1896 τῆν
249 1815 282 1878 δὲ
298 1818 396 1898 τρίτην
407 1811 568 1898 ”Αρρητον,
597 1814 648 1878 καὶ
669 1811 723 1895 τῆν
741 1812 881 1897 τετάρτην
896 1812 1052 1900 Ἀόρατον·
1082 1815 1132 1877 καί
1150 1815 1183 1879 έκ
1202 1815 1259 1898 μίν
1277 1825 1337 1903 τῆς

52 1952 101 1998 pag.
115 1941 159 1984 ιιι.
174 1914 293 2000 πραότης
315 1922 475 2001 Προαρχῆς
495 1919 718 1999 προβεβλῆσθαι
742 1915 850 2005 κρότῳ
873 1918 923 1982 καί
944 1919 1067 2006 πέμπτῳ
1086 1916 1193 2007 ’τόπῳ
1211 1915 1335 2003 Ἀρχὴν,

174 2021 205 2084 έκ
223 2020 255 2083 δὲ
273 2025 348 2100 3τῆς
362 2016 553 2102 Ἀνεννοῆτου
571 2020 697 2107 δευτέρῳ
716 2021 766 2084 καί
786 2021 860 2107 ἕκτῳ
879 2022 962 2108 τόπῳ
979 2017 1212 2102 Ἀκατόληπτον,
1246 2023 1280 2087 έιι
1300 2024 1336 2089 δέ

173 2129 226 2204 τῆς
237 2118 381 2206 Ἀρρήτου
395 2127 480 2209 τρίτῳ
496 2122 543 2186 καί
560 2120 677 2209 ἑβδόμῳ
691 2120 772 2210 τόπῳ
786 2120 1009 2205 Ἀνονόμαστου,
1025 2125 1058 2189 ἐκ
1071 2122 1103 2187 δέ
1115 2129 1169 2204 τῆς
1181 2119 1335 2208 Ἀορσίτου

175 2222 380 2309 έἈγέυνητου,
397 2223 542 2309 πλῆρουμα
561 2231 612 2306 τῆς
628 2222 748 2308 πραότης
761 2221 930 2309 Ὀγδοόδος.
970 2224 1085 2301 Ταότας
1100 2226 1261 2308 βούλονται
1277 2225 1335 2306 τοίς

173 2325 313 2408 δυνάμεις
328 2325 531 2410 προϋπάρχειν
546 2334 600 2392 τοῦ
616 2333 725 2392 Βυθοῦ
739 2329 790 2391 καὶ
804 2335 856 2410 τῆς
871 2335 979 2414 Σιγῆς,
1000 2331 1049 2393 ίνα
1066 2332 1179 2392 τελείων
1192 2327 1333 2397 τελειότε-

173 2456 219 2513 ροι
236 2437 370 2510 φανῶσιν
390 2428 486 2509 ὄντες,
507 2432 557 2494 καί
577 2436 753 2495 Γναστικοῖν
768 2429 1011 2517 γναστικιότεροι·
1041 2429 1117 2516 πρός
1134 2429 1188 2506 οδς
1204 2434 1333 2512 δικαίως

173 2530 209 2599 όν
224 2560 268 2609 τις
283 2531 505 2614 έπιφωνῆσειεν,
523 2524 562 2595 Ὦ
574 2531 730 2619 ληρολόγοι
745 2537 889 2614 σοφισταί.
935 2534 996 2598 Καί
1011 2532 1066 2620 γδρ
1080 2535 1147 2619 περί
1163 2530 1260 2599 αὐτοῦ
1276 2542 1333 2603 τοῦ

173 2642 281 2701 Βυθοῦ
299 2636 427 2699 ὓπολλαὶ
443 2637 494 2698 καὶ
511 2634 652 2719 διάφοροι
670 2642 783 2720 γνῶμαι
799 2633 868 2720 παρ’
885 2634 993 2712 ου’τοίς.
1040 2638 1080 2700 Οί
1093 2636 1146 2719 μέν
1163 2633 1219 2721 γὰρ
1237 2634 1333 2705 ατίτδυ

173 2736 280 2822 όίζυγον
295 2738 425 2822 λέγουσι,
448 2737 519 2819 μήτε
535 2736 658 2823 όίρρενα,
681 2736 753 2820 μῆτε
766 2736 900 2821 θῆλειαν,
921 2738 992 2822 μῆτε
1007 2737 1082 2814 ὅλους
1096 2735 1167 2803 όντα
1180 2764 1223 2803 τι·
1246 2738 1334 2807 όίλλοι

173 2841 205 2904 δέ
219 2837 421 2926 όρρενόθηλυυ
437 2837 526 2905 αὐτόν
539 2842 670 2926 λέγουσιν
685 2837 774 2921 εἶναι,
795 2838 1033 2927 Ἑρμαφροδίτου
1046 2828 1138 2922 βόσιν
1152 2836 1232 2931 αότηῖ
1248 2868 1333 2931 περι·

173 2940 328 3017 όπτοντες·
358 2939 455 3027 Σιγῆν
476 2944 508 3007 δὲ
528 2942 616 3008 πόλιν
633 2941 714 3009 ίίλλοι
732 2945 898 3009 συνευνέτιν
917 2942 996 3034 αότῳ
1015 2941 1249 3030 προςόπτουσιν,
1280 2950 1335 3013 ἵνα

173 3047 290 3132 γένηται
312 3043 413 3130 πρώτη
435 3050 571 3131 συζυγία,
599 3047 650 3110 καί
672 3048 704 3111 έκ
725 3045 832 3112 τοότου
853 3049 905 3112 καί
926 3050 959 3112 ἐκ
981 3044 1089 3128 ταότης
1109 3044 1146 3110 τοί
1162 3044 1336 3117 κατόλοιιτιι

174 3147 252 3214 οὕτω
278 3148 589 3234 6δραματουργήσουσι.
634 3149 696 3213 Καί
714 3146 807 3231 πολλῆ
828 3176 872 3225 τις
895 3152 926 3215 έν
943 3147 1046 3226 αὐτοῖς
1061 3146 1081 3233 ῆ
1099 3152 1142 3226 είς
1157 3147 1258 3217 ὕπνου
1276 3156 1332 3237 βα-

172 3251 235 3317 θδν
257 3249 308 3317 τόν
329 3258 401 3316 νοῦν
423 3249 522 3317 αὐτῶν
542 3253 751 3337 καταφέρουσα
771 3250 932 3339 ληρολόγος
952 3250 1147 3339 όνειροπολία.

259 3767 320 3829 Καὶ
336 3771 364 3830 τί
379 3792 430 3848 μοι
447 3767 495 3831 έπί
512 3762 545 3830 τό
563 3762 637 3830 πολδ
656 3768 901 3851 κατατρίβεσθαι,
931 3772 1073 3851 φαρατῆς
1089 3763 1182 3848 οὔσης
1196 3772 1253 3851 τῆς
1271 3768 1339 3837 m’

174 3867 283 3944 αότοδς
298 3865 487 3948 όποθέσεας,
519 3871 571 3934 καί
592 3875 646 3933 τοῦ
663 3866 725 3934 κατ’
744 3866 855 3945 αότοδς
872 3870 989 3955 ἐλέγχου
1008 3870 1059 3935 καί
1077 3865 1249 3955 οίνατρστοῆς
1271 3868 1337 3941 dm*

174 3982 232 4040 τῶν
249 3975 469 4056 προειρημένων
486 3974 575 4037 παντί
591 3978 632 4061 τῷ
650 3974 821 4061 βουλομένῳ
840 3979 893 4054 τῆς
909 3977 985 4055 ζωῆς
1001 3968 1095 4038 αότοῦ
1112 3973 1235 4054 ἔχεσθαι
1241 4024 1251 4054 ,
1282 3978 1339 4043 καὶ

175 4078 215 4161 μῆ
233 4076 405 4141 ἀπατᾶσθαι
421 4083 517 4149 κενοῖς
535 4073 662 4157 μόθοις,·
691 4073 776 4139 Ἀλλδ
793 4072 885 4140 ταῦτοί
902 4100 953 4158 μοι
970 4078 1037 4160 περί
1054 4073 1167 4141 τοόταυ
1186 4074 1337 4162 είρῆοθ..

178 4174 345 4265 Παρελθοίν
366 4178 398 4242 δὲ
418 4176 528 4261 ταότην
548 4179 599 4244 έπί
619 4177 673 4255 τός
693 4180 761 4262 ἑξῆς
779 4176 966 4261 διασκοπῆσα
985 4176 1057 4246 όδδυ
1074 4181 1191 4268 έμαυτηί
1208 4176 1337 4269 &wolff

208 4336 232 4389 6.
258 4339 310 4386 Voc.
330 4334 464 4394 ἐπίσκοπος
486 4350 533 4385 που
556 4339 661 4398 υςυοκοίλ
682 4339 733 4387 σου.
765 4342 828 4400 prete
843 4343 865 4388 τί
878 4340 1101 4401 Pseudo-Otium.

178 4410 250 4458 Valic.
801 4404 826 4458 3.
847 4410 919 4457 Verba
933 4406 981 4471 τῆς
994 4400 1098 4473 Ἀρχῆς,
1114 4419 1174 4469 ςυστ
1188 4408 1263 4471 vulp
1279 4416 1338 4463 ω

210 4477 270 4525 Cn.
286 4475 340 4523 Vll.
358 4503 389 4510 -
410 4472 430 4522 1.
451 4473 633 4535 Pseudo-Oria.
648 4475 735 4523 Ρίαλοε.
768 4469 983 4541 τήςἊνεννσήτου
997 4478 1022 4524 in
1032 4477 1197 4537 λε’δτὶτιτίσιλ,
1210 4484 1339 4531 Βοιώ·

174 4563 199 4611 ρ.
214 4542 268 4597 199.
768 4544 1338 4607 κυαναιαῳκυκιιι-οαρπαυτι-

208 4614 232 4666 ’2.
250 4610 320 4681 τόκῳ
337 4613 430 4675 reposui
445 4624 475 4662 ιτ
494 4612 540 4662 Va.
556 4611 647 4662 ίτικοιλ
664 4611 737 4660 Inur-
770 4610 864 4662 tulliani
879 4611 952 4679 (Δσυ.
968 4612 1056 4663 Valent.
1072 4606 1191 4677 σομδδ.)
1206 4612 1295 4665 m
