3046 5084
162 336 223 397 620
585 345 705 397 ελαστι
722 343 892 396 ενιναλαιι

167 462 226 538 Τάς
246 462 362 540 ἐντολάς
378 461 460 561 οἶδα.
509 461 548 528 Ta
571 464 604 527 δέ
625 462 693 527 ὅλον
709 460 870 542 κεφάλαιον
887 460 1020 547 φανερόν
1039 458 1164 547 ύπάρηιι
1182 459 1244 527 άπδ
1266 468 1317 545 τῆς

163 563 353 642 άκολουθίας.
399 568 459 630 Καὶ
476 568 502 629 εἰ
516 567 627 649 πατέρα
641 562 758 650 άγαθόν
773 563 880 645 φάσκει
893 566 944 629 καί
959 562 1033 631 θεόν
1048 561 1199 646 όνομάζει,
1220 572 1318 643 καίιῑς

163 666 221 732 άπδ
243 676 296 732 τοῦ
315 668 410 749 νόμον
431 676 483 734 τοῦ
506 667 618 751 πατρός
639 665 731 732 αὐτοῦ
749 666 880 732 διδάσκει
899 666 953 733 τόν
969 666 1152 752 βουλόμενον
1168 665 1224 751 τήν
1240 668 1318 751 ζωήν

41 804 92 848 pag.
103 793 148 837 τεο.
163 778 388 854 κληρονομῆσαι,
410 773 460 835 καί
480 768 535 835 ούκ
552 768 661 849 υίθετεῖ,
684 769 721 835 ού
737 771 769 834 δέ
785 769 961 849 άπαιθεῖται,
984 768 1054 835 άλίά
1069 778 1180 854 μᾶλλον
1194 772 1317 857 έπιμαρ

161 882 245 959 τυρεῖ
262 872 331 948 τούς
354 877 385 939 έν
407 872 487 962 νόμῳ
507 874 771 955 πολιτευσαμένους
787 871 864 956 ζωήν
880 871 1003 939 αίοίνιον
1019 876 1317 959 κεκληρονομηκέναι,

163 977 297 1042 Μωϋσέα
319 1002 349 1040 τε
370 979 419 1041 καί
441 974 510 1052 τούς
531 975 635 1051 άλλους
656 975 818 1061 προφήτας.

247 1077 332 1161 Σχύλ.
346 1077 400 1143 να’.
429 1077 564 1163 Ἐγένετο
580 1079 611 1142 δὲ
627 1081 657 1143 έν
672 1084 711 1167 τῷ
725 1080 844 1163 ἐγγίζειν
861 1085 894 1124 ²¹
907 1075 998 1143 αύτδν
1012 1084 1047 1168 τή
1060 1075 1183 1163 Ἱεριχοί,
1206 1078 1319 1161 τυφλός

163 1179 245 1264 έβόα,
266 1179 373 1263 Ἰησοῦ,
396 1182 441 1267 υίέ
457 1169 555 1263 Δαβὶδ
572 1183 689 1264 έλέησόν
706 1207 749 1263 με.
795 1183 854 1245 Καί
870 1179 918 1246 ὅτε
933 1179 1018 1263 ἰάθη,
1040 1183 1147 1263 φησίν,
1169 1178 1207 1245 Ἡ
1220 1186 1319 1259 πίστις

162 1304 216 1349 σου
238 1284 346 1348 σέσωκέ
367 1304 406 1347 σε.

239 1383 355 1470 Ἕλεγχ.
373 1385 426 1449 να’.
459 1383 514 1450 Ἐν
535 1389 627 1450 πίστει
651 1383 706 1450 οὐκ
729 1387 771 1450 ένι
793 1389 912 1465 ψεῦδος.
957 1387 1000 1449 Et
1014 1383 1070 1471 γάρ
1089 1383 1248 1465 ψεύδεται,
1280 1385 1319 1453 ού

162 1493 265 1564 πίστις.
310 1490 399 1572 Λέγει
420 1494 508 1572 γοῦν,
541 1489 593 1552 Ti}
615 1489 728 1570 Δαβίδ,
757 1490 808 1552 καὶ
830 1491 1006 1566 έπαινεῖται,
1036 1490 1086 1551 καί
1107 1492 1259 1571 κομίζεται
1282 1488 1316 1557 τδ

163 1595 272 1673 αίτημα
288 1588 305 1656 ό
318 1587 350 1655 τό
368 1588 461 1672 όνομα
475 1587 660 1676 ὁμολογήσας
676 1593 726 1655 καὶ
740 1588 796 1655 ούκ
813 1589 1023 1672 22ἐπετιμήθη
1036 1587 1077 1667 τός
1091 1588 1235 1675 ψεύστης,
1258 1588 1317 1657 άλί’

163 1691 204 1769 τίς
224 1692 327 1768 πιστδς
350 1695 544 1778 έμακαρίσθη.
592 1691 654 1757 Ούκ
675 1692 733 1775 ίίρα
755 1691 884 1778 άσαρκος
907 1691 924 1758 ό
946 1691 996 1758 διά
1016 1691 1071 1775 τήν
1089 1694 1242 1778 ίπίκίησιν
1262 1702 1318 1761 τοῦ

162 1794 307 1878 ὀνόματος
325 1794 518 1881 χαρισάμενος
536 1803 576 1882 τῷ
595 1802 695 1884 τυφλῷ
713 1792 746 1860 τό
764 1795 887 1877 βλέπειν.
930 1793 1091 1878 Ἀληθινῶς
1109 1794 1165 1882 γάρ
1185 1789 1238 1881 ήν,
1266 1800 1318 1863 καί

162 1896 198 1962 ού
215 1896 350 1980 δοκήσει,
384 1901 416 1965 ἐκ
437 1906 491 1963 τοῦ
507 1900 673 1981 σπέρματος
690 1899 788 1979 Δαβίδ
810 1895 884 1961 κατά
902 1896 1011 1982 σάρκα,
1042 1895 1102 1963 άπύ
1118 1902 1244 1985 Μαρίας
1265 1906 1318 1983 τής

162 1998 246 2085 άγίας
268 2003 422 2088 παρθένου
445 2003 495 2065 καί
517 2000 567 2065 διά
590 1999 755 2083 πνεύματος
777 1996 863 2084 άγίου
886 2001 1100 2086 γεγεννημένος.

246 2205 331 2289 Σχόλ.
348 2205 401 2292 νβ.
436 2208 598 2292 Παρέκοψε
613 2205 662 2286 τό,
687 2203 875 2291 Παραλαβόν
889 2203 959 2281 τούς
973 2204 1087 2272 δύδεκα
1101 2208 1208 2292 ἔλεγεν,
1227 2202 1316 2285 Ἰδού,

162 2308 359 2391 άναβαίνομεν
376 2312 418 2384 είς
436 2305 643 2393 Ἰεροσόλυμα,
671 2311 722 2373 καὶ
741 2306 944 2390 τελεσθήσεται
963 2305 1059 2373 πάντα
1077 2306 1113 2373 τά
1130 2310 1317 2395 γεγραμμένα

162 2414 193 2476 έν
205 2421 267 2487 τοῖς
279 2410 446 2496 προφήταις
457 2415 525 2497 περὶ
537 2417 590 2477 τοῦ
602 2415 670 2477 υίοῠ
684 2418 737 2477 τοῦ
751 2408 931 2496 άνθροίπου·
949 2409 1193 2497 παραδοθήσεται
1207 2410 1317 2499 ’θγάμ

160 2518 211 2578 καί
235 2512 507 2597 άποκτανθήσεται,
538 2519 589 2579 καί
613 2521 649 2603 τή
671 2518 753 2602 τρίτη
774 2510 869 2600 ήμέριγ
892 2514 1089 2599 ἐγερθήσεται.
1124 2510 1203 2579 “oxu
1224 2520 1317 2581 ταῦτα

161 2618 324 2701 παρέκυψε.

238 2717 355 2804 Ἔλεγχ.
371 2718 425 2802 νβ.
457 2716 570 2783 ’Ψίνα
595 2720 626 2783 έν
649 2720 752 2801 μηδενί
775 2716 985 2808 όρθοποδήση·
1014 2716 1055 2802 μή
1077 2716 1264 2803 όρθοποδιίν
1284 2718 1317 2785 δέ

162 2823 299 2906 ἐλέγχεται
314 2826 500 2909 ῥᾳδιουργεῖν
518 2819 592 2885 κατά
609 2818 704 2885 πάντα
720 2819 840 2905 τρόπον.
877 2819 1021 2907 Ἕκρυψε
1035 2820 1092 2907 γάρ
1106 2818 1144 2885 τά
1158 2818 1246 2903 ῥητά,
1267 2822 1317 2887 ίνιι

162 2928 254 3006 δῆθεν
269 2923 305 2988 τά
322 2926 389 3008 περί
404 2930 456 2990 τοῦ
473 2923 595 2998 πάθους
611 2922 780 3008 άρνήσηται.
815 2922 960 3009 Ὕστερον
973 2925 1006 2990 δέ
1017 2921 1211 3009 ὁμολογοῦντι
1225 2918 1317 2989 αύτδν

162 3030 365 3113 ἐσταυρῶσθαι
388 3030 429 3103 είς
450 3023 576 3108 μάταιον
599 3023 679 3113 αύτῷ
702 3022 720 3089 ύ
741 3024 836 3101 πόνος
856 3034 910 3108 τῆς
931 3029 1123 3114 ῥᾳδιουργίας
1144 3028 1233 3093 ἔσται.

247 3231 332 3315 Σηύλ.
351 3232 401 3317 νγ’.
437 3234 598 3315 Παρέιιοψε
619 3229 651 3295 τό
675 3230 836 3311 κεφάλαιον
856 3229 888 3296 τό
911 3234 978 3318 περί
998 3237 1052 3314 τῆς
1072 3228 1145 3299 ὄνου
1162 3232 1215 3297 καί
1233 3236 1316 3313 Βηθ-

161 3334 259 3422 φαγή,
290 3338 339 3401 καί
358 3333 391 3400 τό
413 3336 479 3418 περί
503 3341 555 3415 τῆς
572 3332 685 3409 πόλεως
707 3336 759 3398 καί
777 3340 831 3398 τοῦ
848 3336 945 3418 ίεροῦ,
976 3332 1098 3399 ’θδιότι
1114 3334 1317 3421 γεγραμμένον

160 3432 212 3520 ἦν,
241 3437 273 3503 Ὁ
296 3436 378 3514 οίκός
400 3464 458 3520 μου
478 3434 562 3512 οἶκος
580 3444 744 3522 προςευχής
762 3435 1001 3520 Μκληθήσεται,
1031 3438 1082 3503 καί
1098 3444 1210 3503 ποιεῖτε
1227 3434 1317 3503 αύτδν

160 3540 304 3624 σπήλαιον
323 3548 444 3631 λῃστῶν.

236 3642 353 3729 Ἔλεγχ.
369 3640 420 3728 νγ’.
457 3640 515 3707 Τόν
529 3644 642 3727 έλεγχον
657 3644 763 3725 ἕαυτής
778 3638 900 3725 ήκακία
915 3638 969 3725 σύγ
986 3638 1053 3730 δρᾷ,
1074 3640 1238 3723 τυφλύττει
1251 3640 1317 3729 γάρ.

163 3748 263 3810 Οίειαι
285 3748 316 3810 δέ
339 3744 487 3810 δύνασθαι
506 3742 706 3827 αίποιιρύπτειν
727 3741 780 3826 τήν
796 3751 849 3827 τῆς
867 3742 1006 3827 άληθείας
1023 3742 1112 3823 όδδν,
1144 3742 1219 3831 ὅπερ
1239 3746 1319 3811 ίστίν

161 3846 314 3913 άδύνατον.
359 3845 468 3923 Εύθύς
489 3845 544 3933 γάρ
568 3845 748 3929 άνεπήδησε,
779 3846 955 3933 παραλιποίν
976 3846 1031 3913 όλα
1052 3844 1090 3911 τά
1109 3844 1260 3929 κεφάλαια
1280 3844 1319 3913 τά

160 3952 374 4036 προειρημένα,
397 3948 446 4014 διά
461 3948 513 4015 τδν
528 3951 753 4037 μαρτυρηθέντα
769 3948 862 4015 τόπον
877 3956 933 4017 τοῦ
948 3956 1023 4016 ναοῦ
1041 3946 1115 4016 ὄντα
1130 3946 1224 4017 αύτοῦ
1240 3952 1320 4017 ίδιοκ

160 4055 210 4116 καί
233 4056 274 4128 είς
295 4051 389 4134 όνομα
411 4050 504 4118 αύτοῦ
523 4051 768 4140 ᾠκοδομημένον,
796 4056 848 4117 καὶ
867 4050 926 4119 άπό
944 4060 999 4135 τῆς
1015 4048 1129 4137 Ἱεριχύ
1146 4050 1320 4121 mm

160 4161 258 4218 πᾶσαν
274 4154 327 4237 τήν
340 4153 523 4220 άκολουθίαν
538 4163 591 4237 τῆς
605 4152 786 4240 ύδοιπορίας,
809 4162 873 4231 πῶς
885 4181 916 4220 τε
929 4147 1027 4238 ήλθον
1041 4156 1083 4231 είς
1097 4160 1257 4237 Βηθανίαν
1267 4158 1321 4225 καί

161 4259 202 4332 είς
217 4255 379 4341 Βηθφαγή.
425 4256 519 4322 Φύσει
532 4256 587 4341 γάρ
602 4256 755 4342 λεωφόρος
766 4249 806 4340 ήν
820 4256 930 4324 παλαιά
943 4256 1057 4343 άγουσα
1070 4260 1112 4335 είς
1124 4254 1321 4343 Ἰερουσαλήμ

37 4384 90 4429 αις.
103 4375 148 4420 σει.
162 4356 212 4423 διά
234 4366 287 4422 τοῦ
301 4357 418 4446 ’Ὅρους
440 4368 498 4426 τῶν
520 4362 639 4439 έλαιῶν,
671 4358 727 4425 ούκ
749 4358 896 4446 άγνωστος
912 4353 987 4426 ούσα
1007 4368 1071 4437 τοῖς
1086 4362 1138 4426 καί
1155 4360 1209 4427 τόν
1225 4360 1322 4431 τόπον

193 4516 233 4565 Ἡ.
252 4510 328 4569 αύτίν
345 4532 419 4580 supra
435 4521 590 4569 σιτίσιιαλιν.
754 4522 835 4570 Ριλου.
869 4516 1023 4585 έπεθυμήθη
1040 4520 1094 4569 αλέλ
1105 4520 1183 4581 μνέαι.

193 4584 233 4633 22.
252 4580 395 4652 ἐπετιμήθη
408 4590 460 4639 cod.
472 4590 555 4649 νοτία,
568 4592 589 4637 τί
601 4588 655 4639 νισι
664 4589 720 4639 edit.
787 4586 829 4639 23.
846 4584 895 4655 γάρ
915 4602 963 4641 mn
978 4590 1065 4651 λιςλλισ
1078 4600 1162 4651 m
