3046 5084
276 354 336 413 34⁴2
695 361 814 411 ειαοτι
832 338 999 410 εειειιιιιιι

273 478 369 561 φόβον
385 480 431 555 δὲ,
454 476 494 560 μῆ
509 476 646 562 καθάπερ
670 483 701 523 ¹¹
713 474 805 559 αύτῆν
818 473 852 541 τό
867 483 943 557 φῶς,
965 472 1042 540 ούτω
1058 476 1109 539 καί
1122 472 1155 540 τό
1172 479 1223 557 ζῆν
1242 476 1277 517 ¹²
1287 476 1421 564 ἐπιλίπῃ,

274 580 400 666 άπορίαν
416 605 445 644 τε
461 581 510 646 ἐπὶ
525 578 654 659 τούτοις,
680 581 755 644 Ῑθέν
771 575 875 666 άγνοίμ
892 578 924 642 δέ
939 574 975 641 τά
990 575 1100 654 πάντα,
1123 579 1174 641 καὶ
1191 575 1227 642 ού
1242 576 1383 663 καθάπερ
1400 576 1422 659 ῆ

274 683 368 767 μῆτηρ
387 680 479 764 αὐτῆς
502 679 563 762 14ῆ
580 681 681 766 πράτη
698 685 799 760 Σοφία
817 683 869 745 καὶ
886 677 971 745 Αίυίν
986 681 1150 762 ἕτεροίωσιν
1167 681 1199 745 ἐν
1214 690 1277 758 τοῖς
1291 679 1421 746 πάθεσιν

275 783 363 869 εἶχεν,
394 780 465 848 άλλά
485 783 677 865 ἐναντιότητα.
720 782 1007 865 Ἐπισυμβεβηκέναι
1027 779 1053 846 δ’
1074 778 1148 871 αύτῆ
1169 785 1219 846 καὶ
1240 784 1339 868 ἑτέραν
1356 781 1421 848 διά-

274 898 358 953 θεσιν
373 884 426 968 τῆν
446 894 497 968 τῆς
515 888 694 970 ἐπιστροφῆς
715 887 765 950 ἐπὶ
785 885 836 950 τόν
855 882 1074 967 ζωοποιῆσαντα
1090 882 1199 968 ταύτην
1224 883 1420 967 1ἐσύστασιν,

280 991 371 1054 10καλ
393 986 495 1054 ούσίαν
515 995 567 1069 τῆς
589 987 661 1071 ύλης
678 995 852 1072 γεγενῆσθαι
868 989 1016 1071 λέγουσιν,
1047 989 1076 1064 ἐξ
1093 979 1131 1068 ἦς
1156 985 1250 1053 Πόδε
1272 985 1290 1053 ό
1307 986 1420 1071 κόσμος

276 1093 456 1174 συνέστηκεν.
498 1087 554 1153 Ἐκ
576 1091 628 1172 μὲν
650 1089 704 1174 γάρ
726 1098 778 1172 τῆς
801 1093 979 1173 ἐπιστροφῆς
1000 1086 1053 1171 τῆν
1074 1095 1127 1153 τοῦ
1150 1086 1272 1172 Κόσμον
1293 1092 1420 1157 καὶτοῦ

276 1199 467 1277 Δημιουργοῦ
482 1199 581 1256 πᾶσαν
597 1190 696 1274 φυχῆν
710 1191 764 1274 τῆν
777 1194 887 1276 γένεσιν
904 1193 1053 1273 εἰληφέναι
1061 1241 1069 1269 ,
1093 1194 1125 1256 ἐκ
1141 1192 1174 1256 δὲ
1187 1199 1240 1257 τοῦ
1254 1191 1353 1274 φόβου
1367 1195 1417 1258 καί

275 1303 326 1378 τῆς
346 1294 440 1376 λύπης
462 1293 497 1357 τά
519 1292 608 1360 λοιπά
630 1292 684 1375 τῆν
705 1292 795 1379 άρχῆν
817 1296 973 1376 ἐσχηκέναι.
1022 1290 1095 1359 ‘And
1120 1292 1175 1379 γάρ
1198 1300 1256 1358 τοῖν
1280 1293 1420 1380 δακρύων

275 1395 365 1478 αὐτῆς
382 1397 530 1481 γεγονέναι
547 1403 645 1460 πᾶσαν
662 1398 784 1481 ἐννγρον
802 1393 921 1474 ούσίαν,
951 1393 1010 1461 άπό
1029 1396 1060 1460 δέ
1077 1402 1130 1461 τοῦ
1147 1397 1269 1481 γέλωτος
1283 1395 1339 1480 τῆν
1356 1423 1419 1478 φα·

276 1497 387 1579 τεινῆν,
411 1496 469 1562 άπδ
487 1499 519 1563 δὲ
534 1504 587 1579 τῆς
600 1495 695 1580 λύπης
709 1500 760 1562 καὶ
773 1505 825 1580 τῆς
840 1496 1003 1580 ἐκπλήξεως
1018 1496 1053 1562 τά
1069 1497 1219 1580 σωματικά
1233 1505 1288 1564 τοῦ
1302 1497 1418 1582 κόσμου

277 1609 410 1683 στοιχεῖα.
458 1600 534 1664 Ποτὲ
547 1600 599 1682 μέν
612 1598 667 1685 γάρ
682 1603 778 1665 έκλαιε
790 1602 841 1664 καί
858 1603 999 1679 ἐλυπεῖτο,
1019 1596 1059 1675 οἷς
1072 1602 1198 1685 λέγουσι,
1219 1600 1269 1666 διά
1283 1600 1317 1667 τό
1334 1628 1422 1667 κατα·

277 1711 427 1784 λελεῖφθαι
448 1701 542 1785 μόνην
564 1705 655 1790 ἐντῷ
677 1703 773 1767 σκότει
794 1705 845 1767 καί
866 1709 906 1790 τῷ
923 1700 1082 1784 κενάματι,
1112 1704 1181 1768 ποτὲ
1199 1704 1231 1768 δέ
1247 1706 1289 1779 εἰς
1304 1706 1423 1771 έννοιαν

277 1805 391 1888 ῆκουσα
406 1812 460 1870 τοῦ
477 1801 686 1880 καταλιπόντος
702 1802 794 1887 αύτῆν
809 1803 909 1885 φωτός
923 1808 1040 1888 διεχεῖτο
1059 1807 1110 1869 καί
1126 1807 1224 1892 ἐγέλα,
1252 1806 1322 1872 ποτέ
1338 1804 1365 1872 δ’
1382 1799 1423 1873 αὖ

278 1905 366 1973 πάλιν
388 1910 542 1990 ἐφοβεῖτο,
565 1904 663 1972 άλλοτε
684 1907 717 1972 δέ
737 1905 870 1991 διηπόρει
894 1909 945 1972 καὶ
968 1909 1106 1984 ἐξίστατο.

149 2122 214 2190 Κεφ.
230 2117 271 2187 ιη’.
364 2114 422 2176 Καὶ
440 2116 467 2177 τί
482 2111 552 2196 γάρ;
584 2116 728 2200 τραγῳδία
745 2112 835 2195 πολλῆ
856 2111 980 2178 ιλοιπόν
995 2105 1034 2195 ῆν
1052 2111 1178 2191 ἐνθάδε,
1207 2114 1258 2178 καί
1274 2119 1424 2195 φαντασία

280 2214 344 2291 ένός
361 2213 483 2280 έκάστου
500 2212 611 2292 αὐτῶν,
643 2213 734 2291 άλλως
749 2217 799 2279 καί
815 2213 906 2290 άλλως
922 2219 1058 2300 σοβαρῶς
1074 2216 1305 2301 ἐκδιηγουμίνου
1320 2219 1352 2283 ἐκ
1369 2243 1424 2286 πο·

280 2325 376 2384 ταποῦ
392 2316 528 2397 πάθους,
552 2320 584 2382 έκ
600 2321 687 2383 ποίου
703 2321 843 2400 στοιχείου
860 2315 881 2399 ῆ
897 2316 981 2383 υύσία
994 2315 1048 2400 τῆν
1061 2319 1172 2402 γένεσιν
1184 2320 1316 2401 είληφεν,
1338 2318 1424 2386 δοιαὶ

280 2419 423 2495 λείκότως
444 2423 565 2484 δοκοῦσί
587 2446 637 2501 μοι
659 2418 698 2502 μῆ
719 2419 850 2496 άπαντας
867 2422 963 2485 θέλειν
984 2422 1015 2485 ἐν
1031 2427 1151 2509 φανερῷ
1170 2419 1333 2501 διδάσκειν,
1360 2419 1423 2487 ἄλλ’

279 2523 300 2609 ῆ
315 2521 423 2607 μόνους
438 2526 565 2597 ἐκείνους
581 2521 649 2597 τούς
665 2524 716 2587 καί
730 2520 874 2606 μεγάλους
887 2520 1016 2604 μισθούς
1028 2520 1102 2607 ύττέρ
1118 2520 1296 2604 τηλικούτων
1310 2544 1419 2607 μαστη-

282 2632 353 2712 ρίων
370 2633 459 2690 τελεῖν
475 2626 663 2706 δυναμένους.
710 2622 814 2689 Ούκέτι
831 2622 886 2709 γάρ
903 2631 993 2689 ταῦτα
1012 2623 1100 2707 ὅμοια
1118 2627 1240 2701 ἐκείνοις
1255 2626 1322 2712 περὶ
1337 2616 1380 2691 όν
1401 2620 1421 2692 ό

279 2726 381 2813 κύριος
396 2725 481 2809 ἡμῶν
499 2731 609 2811 είρηκε,
631 2724 754 2811 Δωρεάν
769 2724 899 2814 ἐλάβετε,
921 2726 1033 2813 δωρεάν
1047 2727 1129 2806 δότε,
1151 2724 1222 2793 άλλά
1238 2725 1421 2815 άνακαχαρη·

280 2829 353 2896 κάτα
369 2831 418 2894 καί
434 2827 581 2914 τερατώδη
598 2831 647 2894 καὶ
662 2830 759 2912 βαθέα
774 2828 927 2915 μυστήρια,
951 2828 1022 2913 μετά
1038 2837 1146 2896 πολλοῦ
1161 2830 1296 2913 καμάτου
1310 2856 1422 2919 περιγι·

280 2931 387 3015 νόμενα
406 2940 469 3007 τοῖς
490 2933 689 3013 φιλοψευδέσι.
743 2936 792 3008 Τίς
815 2931 871 3017 γάρ
894 2930 950 2998 ούκ
969 2931 1015 2997 ’άν
1036 2931 1246 3015 ἐκδαπανῆσειε
1268 2932 1367 3001 πάντα
1386 2934 1426 3002 τά

279 3032 446 3120 ὑπάρχοντα
463 3031 571 3113 αὐτοῦ,
592 3037 643 3100 ’ίνα
660 3032 745 3123 μάθη
763 3034 809 3099 ότι
827 3032 887 3100 άτιδ
904 3042 963 3101 τοῖν
981 3033 1119 3120 δακρύων
1134 3043 1186 3118 τῆς
1201 3032 1424 3121 Ἑνθυμήσεως,

278 3145 333 3204 τοῦ
348 3134 535 3212 πεπονθότος
551 3139 684 3217 Αίῶνος,
706 3136 852 3202 θάλασσαι
868 3140 918 3203 καὶ
936 3140 1049 3223 8πηγαί
1064 3140 1115 3203 καί
1130 3140 1259 3222 ποταμοί
1273 3140 1327 3205 καί
1341 3148 1426 3207 πᾶσα

280 3244 402 3326 ένυδρος
418 3238 504 3306 ούσία
520 3238 572 3323 τῆν
589 3241 699 3324 γένεσιν
716 3242 849 3322 εἰληφεν,
872 3243 904 3306 ἐκ
921 3242 954 3305 δέ
971 3247 1023 3307 τοῦ
1042 3241 1166 3326 γέλωτος
1184 3237 1277 3324 αύτῆς
1292 3239 1326 3309 τό
1346 3249 1425 3325 φῶς,

280 3347 330 3410 καὶ
351 3346 383 3410 ἐκ
405 3350 458 3427 τῆς
479 3341 641 3426 ἐκπλήξεως
660 3344 712 3407 καί
735 3349 811 3424 4τῆς
832 3340 992 3426 άμηχανίας
1013 3341 1049 3408 τά
1065 3343 1215 3425 σωματικά
1235 3350 1290 3410 τοῦ
1305 3343 1423 3430 κόσμον

161 3488 211 3533 ηις.
226 3475 268 3519 ιιι.
282 3457 418 3531 στοιχεῖα;
449 3446 597 3527 Βούλομαι
610 3446 642 3510 δέ
657 3447 706 3510 καὶ
723 3444 812 3522 αύτδς
826 3455 1048 3532 συνειςενεγκεῖν
1063 3473 1092 3511 τι
1107 3454 1144 3537 τῆ
1160 3451 1351 3537 καρποφορληι
1368 3445 1424 3515 αὖ·

256 3559 345 3616 ,τῶν
386 3547 505 3632 Ἐπειδῆ
525 3549 580 3634 γάρ
603 3546 662 3633 δρῶ
683 3546 719 3613 τά
742 3549 795 3631 μέν
810 3550 917 3633 γλυκέα
934 3548 1029 3615 ύδατα
1049 3546 1134 3628 ὄντα,
1164 3546 1230 3616 οἷον
1248 3547 1346 3637 πηγάς
1368 3553 1422 3619 καί

281 3651 429 3736 ποταμούς
447 3653 495 3717 καί
514 3650 644 3736 όμβρους
661 3653 712 3715 καὶ
728 3649 764 3715 τά
780 3657 916 3728 τοιαῦτα,
937 3649 974 3716 τά
991 3652 1023 3717 δέ
1041 3653 1098 3717 ῡέν
1114 3660 1180 3729 ταῖς
1193 3651 1359 3731 θαλάσσαις
1374 3650 1424 3721 άλ·

282 3754 373 3840 μυρά,
395 3758 502 3821 ἐπινοῶ
519 3752 560 3837 μῆ
574 3752 670 3818 πάντα
685 3751 745 3818 άπό
755 3752 821 3819 ’τῶν
834 3752 970 3840 δακρύων
984 3749 1076 3836 αότῆς
1089 3759 1324 3843 προβεβλῆσθαι,
1346 3753 1426 3825 διότι

281 3855 314 3922 τό
331 3856 461 3942 δάκρυον
476 3854 605 3942 άλμυρόν
620 3864 657 3946 τῆ
672 3854 805 3940 ποιότητι
821 3853 952 3941 ύπάρχει.
999 3855 1134 3943 Φανερδν
1149 3850 1206 3925 οὖν
1221 3856 1268 3925 ότι
1280 3856 1318 3924 τά
1333 3855 1426 3943 δίμυ-

282 3957 320 4044 ρά
334 3957 427 4024 ύδατα
441 3958 531 4024 ταῦτά
548 3962 607 4026 ἐστι
621 3957 657 4025 τά
672 3956 732 4026 άπό
744 3966 805 4025 τῶν
819 3957 964 4046 δακρύων.
1002 3959 1097 4036 Είκδς
1112 3962 1145 4027 δέ
1159 3958 1251 4045 αύτῆν
1264 3963 1297 4027 ἐν
1311 3958 1425 4054 άγωνίφ

315 4186 353 4235 11.
371 4178 449 4249 αυτὴν
464 4186 530 4236 αοιλδ.
542 4190 592 4236 νοτ.
605 4189 658 4236 ven.
673 4189 828 4239 ααλΡιλον.
901 4181 977 4239 14.
957 4204 976 4255 η
996 4185 1072 4271 σοφία
1089 4184 1151 4242 αἰιδι
1166 4189 1235 4239 ma
1249 4189 1301 4240 ανδ.
1318 4190 1374 4241 Vn.

282 4250 354 4371 num.
365 4255 487 4386 eam}
501 4323 622 4372 κοιλίαι
799 4306 806 4319 ⁸
868 4253 1155 4388 οαύέαδίιέωῗυὲδσυῗι
1164 4252 1427 4391 βιπέέιαμέδζβκᾚ
1485 4304 1492 4311 ¹

315 4386 354 4439 13.
372 4337 498 4457 ἐνάγνυίᾳ
514 4385 585 4442 δὲ
557 4406 588 4442 τα
605 4385 685 4442 πάντα
700 4395 770 4442 αι1ι11.
783 4409 831 4445 ιτα-
865 4398 944 4443 cerunt
957 4396 1082 4457 Petamus,
1100 4394 1210 4453 δουναι,
1224 4394 1426 4447 Humi!-

282 4457 830 4522 δεῖν.οο1ιτιαιιο1.οδίι1.1κ1ιιμτ.σδλνι
864 4426 1425 4543 ηυι,δοαι1νι1ιφιι1ι1.ία1α“φι..φύ·11··

282 4539 367 4577 ποιιιοι
382 4527 409 4587 1,
425 4524 448 4577 7.
864 4531 892 4578 111
904 4528 937 4579 nd
953 4545 1008 4580 oum
1021 4528 1065 4610 qui
1080 4528 1139 4581 huic
1153 4528 1366 4595 αοσεωασῑιτιοιι
1380 4528 1425 4585 τί·

304 4634 311 4644 .
339 4634 343 4641 .
863 4605 915 4647 εισι
928 4596 1106 4665 impertiverat.
1136 4599 1165 4650 In
1177 4598 1229 4651 στιλ.
1241 4598 1296 4651 Vn.
1308 4600 1425 4664 m
