3046 5084
323 324 458 375 ennean
478 325 539 376 cre.
552 327 572 375 r.
588 326 670 379 uon.
683 327 727 378 ni.
743 326 841 378 esen.
855 327 967 379 xxxv.
1158 317 1217 381 481

70 446 294 531 dogmatumque
313 442 488 522 consensio,
519 457 551 508 ut
572 465 672 509 eorum
695 456 797 524 secta,
827 458 961 531 tanquam
984 447 1083 532 biceps
1105 449 1221 531 anguis,

70 546 204 633 bipartita
223 547 384 610 rideretur.
428 543 539 610 Postea
556 547 637 610 velut
651 557 736 633 caput
752 568 770 610 a
784 548 929 632 serpentis
942 570 1065 634 corpore
1079 548 1222 614 divulsum

71 672 105 713 ac
122 650 237 734 spirans
253 649 345 711 adbuc
362 647 492 734 plurimis
513 647 607 712 exitio
623 649 694 730 luit,
718 671 782 712 cum
801 651 894 712 maius
911 650 1044 733 quiddam
1063 672 1120 714 non
1137 652 1223 714 modo

70 750 241 836 aequalibus
266 750 346 829 suis,
379 751 430 813 sed
456 760 486 813 et
509 750 685 830 maioribus,
716 773 750 814 ac
775 751 888 814 doctius
911 752 1020 815 afferre
1041 754 1221 816 crederetur.

72 850 245 939 Ogdoadem
258 853 334 916 enim
350 863 452 916 censet
467 874 525 916 aron
540 854 685 936 gradatim
701 854 788 917 unius
802 853 915 917 Aeonis
928 853 965 916 ab
979 855 1072 918 altero
1089 875 1225 940 procrea·

72 957 152 1021 bone
169 967 358 1040 propagatam
379 955 487 1032 luisse,
519 957 571 1019 sed
588 977 645 1019 sex
661 956 789 1040 reliquas
804 957 924 1019 Aeonas
942 955 1051 1040 pariter
1065 958 1225 1040 eodemque

72 1070 220 1124 momento
242 1080 259 1120 a
282 1077 420 1142 supremo
437 1055 566 1122 Parente
588 1069 619 1122 et
640 1060 703 1122 cius
721 1056 865 1136 Ennoea,
896 1058 950 1121 boc
972 1070 1018 1122 est
1040 1056 1226 1144 Cogitatioue

73 1181 225 1238 manasse,
259 1161 335 1243 qnod
357 1160 413 1223 istc
435 1161 478 1223 sic
500 1173 635 1245 tanquam
654 1160 820 1225 obstetricis
842 1171 941 1245 partes
964 1161 1075 1245 egisset
1091 1162 1224 1225 affirmat.

74 1262 176 1348 Quare
193 1284 252 1326 non
269 1274 301 1326 nt
318 1262 364 1326 alii
389 1283 405 1325 e
422 1247 525 1326 Verbo
543 1261 670 1348 Vitaque
687 1262 842 1326 Hominem
862 1273 891 1326 et
907 1261 1089 1344 Ecclesiam3
1121 1274 1170 1329 aut
1187 1285 1225 1327 cx

74 1364 220 1444 Homine,
251 1376 283 1428 nt
304 1364 474 1449 quibusdam
497 1365 609 1450 placet,
641 1377 672 1429 et
688 1364 825 1430 Ecclesia
841 1363 973 1430 Verbum
992 1388 1027 1429 ao
1043 1364 1140 1432 Vitam
1160 1387 1228 1452 pro·

74 1468 164 1533 diisse
183 1489 247 1530 cum
266 1467 328 1531 suis
345 1467 394 1530 ille
412 1469 524 1531 statuit.
570 1465 630 1532 Sed
650 1469 678 1531 id
698 1468 756 1532 ulia
774 1468 887 1531 ratione
904 1468 1059 1532 deliniunt:
1092 1469 1226 1532 nimirum

74 1570 151 1656 quod
166 1566 327 1654 Supremos
343 1568 392 1633 ille
408 1566 521 1633 Parens
538 1572 700 1655 producere
719 1571 876 1654 cogitavit,
901 1571 955 1634 boc
972 1570 1114 1634 vocabulo
1128 1568 1228 1635 Patris

74 1672 261 1758 appellatum.
307 1669 388 1734 ldem
404 1693 493 1757 porro
506 1670 626 1737 Veritas
641 1694 704 1736 cnm
720 1683 812 1750 esset,
836 1670 978 1737 Veritatis
993 1673 1160 1756 insignitum
1177 1694 1229 1736 uo-

76 1775 166 1839 miue.
212 1772 409 1857 Quamobrem
427 1796 491 1838 cum
512 1785 662 1838 ostentare
679 1796 712 1838 sc
729 1775 835 1852 vellet,
860 1775 982 1859 idipsum
1001 1774 1156 1838 Hominem
1176 1797 1229 1838 uo-

76 1877 228 1942 minatum.
275 1875 359 1959 Quos
379 1887 474 1940 autem
495 1898 559 1940 cum
580 1878 755 1961 produceret
774 1876 853 1960 prins
872 1879 969 1940 animo
988 1889 1153 1963 reputaret,
1186 1878 1230 1940 bis

76 1978 230 2043 Ecclesiae
251 1999 357 2041 nomen
376 1978 558 2043 attributum.
606 1977 701 2042 Homo
719 1999 790 2052 vero
809 1976 938 2042 Verbum
956 1981 1111 2062 produxit;
1144 1990 1230 2064 atque

76 2082 124 2147 bic
138 2080 351 2167 primogenitus
367 2092 413 2145 ost
426 2078 534 2146 Filius.
581 2078 641 2145 Sed
658 2078 790 2145 Verbum
809 2078 877 2144 Vita
893 2083 1092 2164 consequitur.
1132 2084 1231 2165 Atque

75 2184 117 2248 ita
134 2179 254 2268 Ogdoas
273 2183 364 2268 prima
385 2184 548 2247 conficitur.
593 2181 689 2247 Porro
706 2204 811 2267 magna
829 2194 872 2245 est
892 2184 1052 2247 interillos
1070 2184 1105 2246 de
1126 2180 1232 2248 Salva·

76 2298 142 2351 tore
161 2285 318 2349 dissensio.
364 2283 490 2367 Quidam
508 2285 585 2349 enim
602 2307 640 2349 err
657 2286 791 2349 omuibus
808 2285 962 2349 oonllatnm
980 2285 1166 2364 existimant,
1188 2296 1232 2349 at-

77 2410 135 2474 que
151 2388 217 2452 ideo
234 2384 434 2466 Eodocetnm,
466 2387 520 2451 boe
537 2398 583 2452 est
599 2386 863 2473 beneplacentem,
889 2399 1042 2467 vocatum,
1073 2389 1148 2473 qnod
1166 2409 1232 2452 eum

77 2489 216 2556 Pleroma
231 2511 317 2553 omne
333 2491 478 2555 communi
494 2491 533 2554 sit
548 2492 655 2554 allecto
671 2513 706 2555 ac
720 2491 924 2554 benevolentia
940 2503 1137 2576 prosecutum.
1171 2489 1234 2554 Alii

77 2593 208 2658 solisex
225 2591 378 2656 Aconibns
396 2595 515 2671 decem,
548 2589 749 2678 quiaVerbo
767 2592 893 2677 Vitaque
910 2593 1034 2658 derivati
1050 2604 1135 2674 sunt,
1166 2615 1233 2680 pro·

79 2699 186 2761 lectum
209 2695 288 2758 illum
311 2707 465 2775 asserunt,
498 2707 646 2760 eteorum
670 2717 686 2758 a
708 2695 812 2780 quibus
831 2708 925 2760 nrtnm
944 2696 1058 2781 accepit
1077 2697 1235 2760 retinuisse

79 2797 210 2863 nomina.
257 2795 335 2862 Sunt
351 2798 399 2882 qui
416 2798 567 2863 duodecim
585 2820 624 2863 ex
640 2799 810 2877 Aeonibns,
834 2821 908 2883 quos
930 2799 1025 2864 Homo
1044 2822 1079 2864 ao
1097 2797 1165 2869 Vita
1182 2819 1234 2883 ge-

80 2903 211 2981 nuerint,
237 2902 412 2987 produxisse
427 2902 567 2980 sentiant,
591 2901 628 2964 ob
644 2902 730 2986 idque
743 2898 851 2965 Filium
864 2901 999 2966 Hominis
1015 2903 1127 2983 vocari,
1152 2901 1235 2987 qnasi

43 3064 65 3101 0
82 3003 218 3069 Hominis
241 3016 388 3090 nepotem.
434 3001 592 3067 Nonnullis
616 3005 710 3088 placet
735 3005 858 3068 eundem
883 3027 898 3067 a
925 3002 1045 3070 Christo
1069 3016 1099 3069 et
1123 3003 1235 3091 Spiritu

81 3104 193 3172 Sancto
210 3108 245 3171 ad
262 3107 483 3171 sustentandum
499 3103 636 3169 Pleroma
654 3109 801 3191 genitum,
833 3108 956 3192 ideoque
973 3105 1123 3172 Christum
1140 3108 1237 3193 appel·

84 3211 187 3291 latum,
211 3221 242 3273 ut
255 3211 320 3273 eius
336 3231 353 3273 a
370 3232 427 3294 quo
444 3218 539 3272 ortum
556 3220 710 3294 acceperat
724 3232 829 3273 nomen
848 3210 1005 3274 obtineret.
1043 3210 1102 3274 Alii
1118 3231 1157 3273 ex
1173 3211 1236 3272 illo·

83 3335 148 3378 rum
166 3335 307 3392 uuniero,
340 3324 372 3377 ut
390 3313 430 3376 ita
446 3312 557 3389 dicam,
589 3311 725 3397 rbupsodi
743 3334 886 3375 summum
904 3313 1108 3377 universorum
1124 3310 1236 3376 Paren-

83 3427 142 3480 tem
166 3436 200 3480 ao
221 3413 345 3500 primum
369 3415 540 3501 principium
563 3415 745 3499 primumque
767 3416 944 3497 cogitatione
967 3415 1059 3479 maios
1081 3414 1236 3479 Hominem

84 3519 185 3586 vocari
209 3516 369 3596 dcbninnt,
401 3518 485 3601 idque
508 3539 644 3601 magnum
666 3517 734 3582 illud
759 3529 788 3581 et
805 3539 942 3581 arcannm
966 3537 1033 3580 esse
1051 3517 1234 3603 mysterium,

85 3622 161 3706 quod
181 3620 230 3684 illa
249 3620 357 3684 ceteris
373 3621 506 3684 omnibus
521 3620 702 3684 antecellens
717 3621 871 3705 omniaque
888 3619 1041 3682 continens
1058 3617 1159 3684 Virtus
1176 3619 1238 3684 Ho-

85 3722 172 3786 minis
189 3723 384 3808 appellatione
400 3734 574 3804 censeatur,
598 3736 628 3787 et
644 3724 753 3788 idcirco
771 3720 956 3788 Salvatorem
972 3723 1159 3809 semetipsum
1174 3721 1237 3787 Ho-

86 3825 173 3890 minis
195 3826 346 3890 nominare
368 3827 469 3890 filium.

178 3926 330 3993 Eiusmodi
362 3941 408 3992 cst
435 3930 532 4013 inepta
560 3929 609 3992 illa
636 3950 672 3992 ac
699 3929 884 3992 coenarentita
906 3925 1062 3992 Colorbasi
1089 3929 1233 4009 doctrina,
1261 3945 1320 4012 cap.
1336 3946 1367 3996 tt.

87 4053 171 4119 quam
195 4054 301 4115 magno
326 4031 481 4095 verborum
507 4032 631 4117 strepitu
656 4043 743 4115 atque
768 4052 872 4116 pompa
898 4031 927 4093 iu
954 4030 1086 4095 homines
1109 4032 1235 4098 invexit.

88 4132 184 4218 Quam
203 4135 229 4199 si
246 4134 310 4219 quis
327 4135 484 4218 diligenter
498 4134 728 4211 animadvertat,
762 4134 845 4196 facile
863 4134 1118 4218 exsuperioribus
1136 4137 1237 4200 baere-
1264 4217 1267 4223 Ι

88 4238 154 4302 tieis
169 4236 311 4322 intelliget
327 4256 442 4300 omnem
458 4236 536 4299 illam
554 4236 722 4321 opinionum
740 4237 911 4300 varietatem
928 4237 963 4300 ab
981 4236 1138 4302 ambitione
1155 4259 1238 4303 arro-

89 4424 221 4480 osteudera
237 4423 317 4476 voluit
336 4425 386 4475 hoe
404 4424 484 4491 ipsum
503 4425 585 4474 Homo
603 4423 644 4474 di·
678 4426 739 4475 erton
755 4421 787 4476 τὰ
805 4440 834 4475 ex
851 4419 962 4492 ὀνόματα
978 4429 1105 4478 secreuisse
1120 4432 1192 4491 potet.

89 4507 157 4548 etum
169 4504 215 4545 est.
241 4488 493 4556 Putouitn'qr'turadrd
507 4487 651 4556 moseres.
696 4498 743 4546 tt.
759 4492 788 4546 ἐκ
804 4494 855 4546 τῶν
871 4495 916 4547 τοῦ
933 4497 969 4545 ed.
982 4497 1080 4557 Putem,
1096 4497 1210 4546 mendose.

123 4564 148 4618 7.
167 4559 199 4616 τὰ
223 4558 380 4624 διασώζονται
402 4564 485 4613 ltobent
506 4566 567 4613 riori.
602 4565 649 4613 Sed

142 4646 231 4701 corpu·
244 4642 379 4704 Haereseol.
392 4643 421 4687 lb
997 4652 1034 4716 31
