3046 5084
183 336 249 437 ⁵9².
606 350 725 400 οιιιοτι
742 349 911 399 τειιιιιιιιι

186 464 312 549 Χριστός
325 462 438 546 Ἰησοῦς
453 468 527 547 έχων
544 463 579 528 τοί
596 462 765 545 άμφότερα,
795 469 825 542 ἐξ
840 463 1012 550 οίνθροίπων
1028 466 1079 548 μὲν
1093 464 1148 549 τήν
1160 464 1276 550 σάρκα,
1304 467 1336 531 ίιι

184 568 214 629 ὁὲ
238 575 311 631 θεοῦ
334 565 445 651 πατρός
468 565 519 648 τὴν
541 564 668 651 άόρατον
690 565 800 632 ούσίαν.

268 770 352 853 Σχόλ.
367 770 400 846 ς’.
432 771 515 835 Κατοί
530 770 566 835 τά
581 770 655 836 αύτοί
670 775 792 837 ἐποίουν
805 780 866 846 τοῖς
880 770 1050 855 προφήταις
1065 776 1096 838 οἱ
1108 774 1233 855 πατέρες
1245 770 1336 855 ύμῶν.

257 871 367 958 Ἔλεγχ.
384 873 417 949 ς’.
449 878 491 937 Εί
506 882 669 958 προφητῶν
688 876 845 956 μέμνηται,
867 871 923 939 οιίιι
940 872 1069 958 άρνεῖται
1085 873 1254 959 προφήτας.
1298 876 1339 937 El

184 980 294 1040 ἐκδικεῖ
313 976 364 1041 τόν
384 982 442 1040 τῶν
460 982 623 1059 προφητῶν
639 975 735 1053 φόνον
756 978 805 1040 καί
827 974 959 1053 ὀνειδίζει
980 975 1050 1053 τούς
1065 976 1290 1058 πεφονευκότος
1309 1000 1338 1041 τε

181 1080 232 1141 καί
251 1078 425 1155 διώξαντας,
458 1075 512 1143 ούκ
535 1076 683 1164 ἀλλότριος
701 1086 863 1162 προφητῶν
882 1081 1029 1163 τυγχάνει,
1060 1077 1133 1144 άλλά
1148 1078 1225 1156 θεός
1239 1077 1338 1145 αύτόν

183 1178 323 1263 ιῗπάρχει,
347 1179 364 1246 6
384 1180 438 1263 τήν
460 1179 598 1245 σύστασιν
619 1179 718 1244 αὐτῶν
739 1179 924 1261 ποιούμενος.

268 1281 353 1364 Σχόλ.
370 1282 401 1360 ζ’.
435 1285 522 1366 Λέγω
541 1280 627 1364 ύμῖν,
650 1281 794 1363 τοσαύτην
810 1288 907 1348 πίστιν
923 1282 993 1349 ούιλὲ
1009 1286 1041 1349 ἒν
1057 1290 1097 1372 τῷ
1111 1282 1227 1369 Ἰσραήλ
1242 1277 1338 1365 εὗρον.

259 1383 368 1468 Ἔλεγχ.
385 1383 416 1461 ξ.
447 1388 488 1447 Et
503 1382 571 1448 ούόὲ
587 1387 618 1448 έν
633 1391 673 1470 τῷ
686 1382 798 1469 Ἰσραήλ
811 1386 951 1467 τοιαύτην
964 1391 1061 1451 πίστιν
1075 1380 1174 1469 εὗρεν,
1198 1382 1241 1462 οἷς
1254 1389 1286 1452 ἓν
1300 1392 1338 1473 τῷ

184 1486 243 1551 ιίπό
259 1489 357 1550 ἐθνῶν
371 1485 461 1550 ίλθόν
475 1514 502 1550 τι
517 1485 727 1574 ἑκατοντάρχῃ,
752 1485 809 1570 ίίρα
824 1485 859 1551 ού
875 1490 957 1571 ψέγει
974 1487 1028 1570 τὴν
1041 1495 1093 1553 τοῦ
1103 1486 1221 1573 Ἰσραήλ
1234 1492 1338 1553 πίστιν.

185 1593 227 1653 Εί
247 1587 301 1674 γάρ
320 1587 517 1672 διάλλότριος
533 1595 606 1652 θεοῦ
624 1586 750 1672 ύπηρχε,
781 1591 832 1653 καὶ
849 1587 904 1654 ούκ
922 1588 1013 1656 αύτοῦ
1029 1592 1081 1655 καί
1098 1598 1152 1657 τοῦ
1171 1588 1267 1657 αύτοῦ
1283 1616 1337 1655 ιτα·

185 1691 269 1776 τρός,
293 1688 347 1756 ούκ
369 1689 406 1755 όν
428 1690 535 1772 ταύτης
557 1693 682 1755 ἐποιεῖτο
705 1689 756 1755 τόν
778 1694 908 1756 ἔπαινον.

269 1791 355 1875 Σχόλ.
370 1790 405 1874 η’.
440 1795 687 1878 Παρηλλαγμὲνον
707 1792 756 1871 τό,
786 1793 948 1878 Μακάριος
971 1794 1051 1871 ⁶²63
1070 1793 1108 1861 οιί
1126 1794 1168 1878 μή
1186 1800 1335 1861 σκανόαλι·

185 1904 246 1985 σθη
270 1899 301 1961 ἔν
323 1898 396 1976 ἐμοί.
442 1891 512 1977 Είχε
534 1894 589 1981 γάρ
613 1893 653 1971 ως
673 1896 748 1979 πρός
768 1893 915 1978 Ἰωάννην.

258 1996 370 2081 Ἔλεγχ.
387 1996 422 2078 η’.
456 1996 520 2061 Κάν
543 2023 572 2062 τε
592 1996 668 2079 πρός
687 1995 828 2079 ’Ἰωάννην
850 2001 925 2080 ἔχοι,
959 1996 1015 2063 κάν
1036 2024 1065 2063 τε
1082 1998 1159 2083 πρός
1178 1996 1274 2065 αότιίν
1289 2000 1340 2065 τόν

185 2108 317 2185 σωτῆρα,
347 2103 494 2184 μακαρίζει
512 2098 581 2175 τούς
596 2099 636 2183 μή
655 2103 947 2182 σκανδαλιζομένους,
976 2098 1043 2183 ἤτοι
1060 2103 1093 2165 έν
1108 2100 1207 2190 αύτῷ,
1228 2100 1339 2185 ἤτοιίν

185 2200 319 2291 Ἰωάννη,
341 2204 391 2265 ίυα
409 2200 448 2283 μη
467 2201 486 2265 όί
503 2202 544 2283 μή
560 2199 690 2267 α’κούωσι
705 2200 772 2288 παρ’
789 2201 882 2267 αὐτοῦ
897 2204 1014 2278 ἑαυτοῖς
1028 2202 1225 2270 πλάσσωνται.
1259 2202 1339 2287 Ἔχει

188 2306 219 2369 δὲ
235 2310 351 2386 μείζονα
365 2307 510 2388 θεωρίαν,
533 2302 569 2368 δι’
586 2304 637 2386 ἣν,
667 2308 773 2386 φησίν,
803 2302 949 2390 είρηκενό
964 2304 1077 2387 σωτήρ·
1105 2308 1156 2370 ἵνα
1172 2306 1214 2390 μή
1231 2332 1276 2383 τις
1288 2304 1339 2373 τόν

187 2413 302 2489 μείζονα
323 2408 354 2471 ἕν
372 2416 503 2491 γενητοῖς
519 2414 666 2492 γυναικῶν
683 2404 733 2471 ὑπ’
751 2404 843 2472 αὐτοῦ
862 2409 1008 2490 ταχθέντα
1020 2404 1162 2491 Ἰωάννην
1176 2410 1230 2473 καί
1247 2406 1339 2475 αύτοΐι

187 2518 240 2574 τοῦ
256 2516 388 2593 σωτῆρος
403 2514 518 2591 μείζονα
532 2514 650 2597 νομίση,
668 2507 717 2573 διά
732 2509 765 2573 τό
781 2512 832 2574 καλ
848 2508 939 2575 αύτόν
953 2512 986 2575 ἐκ
1001 2508 1140 2595 γυναικός
1151 2518 1339 2597 γεγενῆσθαι,

187 2611 370 2693 ιίσφαλίζετοιι
385 2614 434 2676 καί
447 2613 519 2696 λέγει
535 2610 578 2689 τό,
604 2613 662 2675 Καὶ
677 2610 821 2695 μακάριος
834 2611 868 2687 ὃς
880 2609 933 2677 ἐόν
948 2610 989 2695 μὴ
1002 2616 1206 2703 σκανδαλισθῇ
1221 2616 1255 2679 έν
1267 2614 1339 2697 ίμοί.

178 2715 275 2779 Ὅθεν
290 2716 378 2799 λέγει,
399 2710 433 2777 ‘0
450 2714 481 2777 δὲ
497 2712 670 2797 μικρότερος
685 2715 716 2778 ἐν
731 2722 767 2802 τῇ
783 2718 914 2801 βασιλεία
930 2720 1034 2796 μείζων
1051 2712 1144 2781 αύτοῦ
1159 2718 1247 2782 έστιν.
1285 2708 1340 2781 Ἠν

187 2816 242 2903 γάρ
258 2814 276 2882 6
287 2814 382 2900 σωτιίρ
399 2822 439 2902 τῷ
454 2814 550 2903 χρόνῳ
566 2814 640 2879 κατά
653 2814 706 2899 τήν
718 2813 777 2881 άπό
794 2815 903 2901 σαρκός
915 2819 1049 2902 γέννησιν
1060 2816 1235 2903 μικρότερος
1248 2814 1340 2885 αύτσῦ

187 2923 362 3005 ἕξομηνιαίρι
380 2916 492 3005 χρόνῳ,
522 2923 624 2999 μείζων
646 2919 678 2982 δέ
699 2920 732 2983 ἐν
752 2924 788 3008 τῇ
805 2923 950 3007 βασιλεία,
980 2923 1071 3002 δῆλον
1092 2916 1134 2997 οἷς
1148 2918 1225 2997 θεός
1238 2918 1339 2987 ιτιίτσῧ.

192 3019 285 3085 Οιίιλὲν
301 3018 356 3106 γάρ
372 3012 464 3103 ἦλθεν
479 3017 496 3084 6
513 3018 672 3105 μονογενὴς
689 3023 720 3085 ἐν
736 3029 837 3110 κρυφῇ
854 3029 991 3104 λαλῆσαι,
1014 3020 1298 3105 ἢκατιτψεύσασθαί
1313 3049 1341 3089 τι

67 3160 119 3205 ρας.
130 3146 174 3192 ιτό.
189 3130 243 3190 τοῦ
262 3126 340 3187 ίόίου
356 3121 551 3207 κηρύγματος.
598 3122 710 3188 Φάσκει
730 3122 786 3209 γάρ
809 3125 870 3204 ότι,
896 3122 947 3190 Ἐν
963 3130 1065 3215 κρυφῇ
1081 3124 1225 3209 λελάληκα
1242 3122 1340 3205 οιίόέν,

187 3329 208 3412 ἦ
230 3327 362 3411 άληθεια.
410 3326 486 3392 Ούὸὲ
509 3331 606 3392 τοίνυν
629 3324 648 3409 ἡ
670 3325 742 3403 όδός
764 3327 877 3410 πλάνην
898 3330 979 3411 ίχει,Ι
999 3326 1067 3393 ούτε
1085 3326 1108 3411 ἦ
1125 3326 1254 3413 άλὴθεια
1271 3326 1340 3417 κρό-

189 3453 303 3496 πτουσα
325 3429 430 3513 ἕαυτήν
452 3438 532 3495 λαλεῖ
551 3428 582 3494 τό
607 3434 727 3510 ψεῦδος.

273 3533 357 3615 Σχόλ.
375 3537 415 3597 θ’.
446 3530 546 3607 Αύτός
565 3534 623 3597 ἔστι
639 3535 706 3617 περί
727 3525 763 3597 ού
782 3535 956 3617 γέγραπται,
984 3530 1076 3610 Ἰδού,
1107 3530 1276 3601 άποστίλλιο
1290 3530 1341 3599 τόν

190 3636 309 3722 ἄγγελόν
332 3664 390 3717 μου
412 3635 469 3720 πρό
492 3633 654 3719 προςῶπου
675 3657 739 3701 σου.

265 3736 375 3822 Ἔλεγχ.
392 3737 432 3801 θ’.
464 3742 506 3801 Εἰ
519 3736 700 3823 ἐπιγινώσκει
720 3734 737 3802 6
752 3736 912 3822 μονογενής
929 3738 994 3813 υίός
1009 3744 1064 3803 τοῦ
1080 3744 1157 3804 θεοῦ
1174 3734 1229 3803 τόν
1246 3732 1339 3803 Ἰωάκ-

190 3868 258 3922 νην,
288 3842 338 3905 καὶ
355 3839 562 3925 προγινῶσκει·
593 3838 805 3925 προγινώσκων
822 3840 854 3905 δὲ
870 3837 1061 3919 ὑποδείκνυσι
1074 3848 1138 3917 τοῖς
1151 3840 1342 3923 βουλομένοις

191 3946 297 4008 εἰδέναι
311 3941 365 4024 την
380 3940 521 4025 άληθειαν
536 3943 580 4008 ότι
595 3934 682 4019 οὗτός
696 3945 756 4007 ἔστι
768 3944 833 4027 περί
850 3934 888 4008 οὗ
902 3944 1074 4028 γέγραπται,
1095 3940 1278 4009 Ἀποστέλλιο
1291 3938 1341 4007 τόν

192 4045 312 4130 άγγελόν
335 4072 392 4127 μου
415 4045 473 4129 πρό
491 4044 652 4130 προςῶττου
674 4068 736 4110 σου.
771 4044 850 4129 ’Ἀρα
871 4042 889 4110 6
908 4044 1027 4130 γράψας
1047 4046 1098 4110 καί
1117 4042 1226 4123 είπαίν,
1256 4042 1340 4111 ’Λεσ-

192 4150 295 4212 στέλλω
319 4146 370 4213 τόν
395 4146 515 4233 άγγελόν
538 4174 596 4229 μου
619 4147 677 4234 πρό
700 4147 861 4234 προςιόπου
882 4169 953 4225 σου,
982 4144 1001 4212 6
1024 4144 1097 4223 θεός
1119 4143 1298 4227 όαίτόνιος,
1323 4140 1342 4213 ό

190 4253 223 4314 έν
243 4259 305 4324 τοῖς
321 4249 489 4334 προφήταις
508 4248 634 4333 λαλήσας
654 4252 705 4315 καί
724 4252 755 4315 ίν
770 4249 867 4338 νόμῳ,
898 4246 953 4315 ούκ
970 4246 1121 4335 άλλότριος
1135 4242 1176 4333 ἦν
1195 4256 1251 4317 τοῦ
1266 4254 1341 4319 mu

225 4510 265 4559 51.
283 4511 347 4560 Libri
364 4513 447 4560 λαυιιιι
463 4504 589 4573 ἀλλότριοι
782 4516 819 4563 ua
833 4514 895 4561 ικίιιι
910 4525 983 4573 supra
1003 4516 1055 4560 εται
1067 4512 1180 4571 scriptun
1197 4514 1225 4561 λι
1238 4512 1289 4563 Ιιιιε
1301 4522 1340 4575 p-

225 4578 265 4629 52.
283 4578 376 4629 λἰσειιιτ
387 4592 435 4629 em
444 4579 600 4641 τεμοιιειισακι
610 4572 641 4639 ’ός
649 4576 692 4633 ίιίι
702 4576 748 4645 μὴ.
782 4581 864 4641 mello,
880 4586 903 4629 τι
914 4581 949 4629 isa
959 4580 1071 4643 πριιλιυτ
1080 4576 1144 4639 {usn
1154 4580 1184 4631 λι
1191 4578 1340 4643 Μάλα
