3046 5084
339 345 589 401 ratramnum.
607 346 955 402 rou.m.nuua.xerr.
1165 341 1226 405 633

160 460 261 529 Soltol.
280 462 401 530 LXIX.
435 463 508 532 Post
529 466 602 533 iata:
625 470 709 531 Hune
724 473 879 533 invenimus
894 473 1095 535 nemimem
1112 487 1223 554 gentem
1238 485 1333 541 enen,
1344 488 1364 530 r.

7 614 13 634 .
73 579 213 642 mmm,
238 568 362 646 addidit,
386 573 429 631 tu
446 574 632 632 deserentem
654 573 743 650 legem
764 592 799 632 oe
814 575 978 652 prophetae.
1058 613 1062 626 ·

158 669 261 735 Relot.
277 669 397 735 LXIX.
430 669 540 736 Nouae
562 672 627 736 vias
648 670 758 736 demini
781 685 952 758 pervertere
977 676 1102 761 undique
1121 677 1224 762 depre-
1238 691 1365 746 nectara.

74 773 211 838 henderis
226 794 261 837 ae
276 775 482 839 convinceris?
525 773 603 838 Nam
619 794 684 838 oum
701 775 767 838 hoie
782 775 848 838 loco
862 778 938 861 quod
953 776 1071 841 minime
1087 780 1226 864 seriptum

73 885 120 941 est
135 874 237 939 adiicic
251 897 285 938 ae
301 877 487 963 tibimetipsi,
512 876 701 961 nequeenim
719 877 836 941 domiuo
854 879 977 941 dixerim
992 881 1165 945 calumniam
1185 884 1226 944 la-

74 978 128 1057 cis,
152 976 191 1040 ita
207 979 358 1042 scribens:
383 983 466 1041 Hunc
480 984 811 1042 numerumnunerum
825 986 912 1062 legem
927 987 1133 1064 completor,
1156 1007 1226 1048 cou-

74 1082 162 1146 traria
183 1092 211 1142 te
228 1080 293 1144 lroic
309 1080 481 1161 salvatoris,
506 1083 627 1162 insane,
651 1081 792 1165 iugulaIrit
810 1085 916 1148 oratio.
961 1089 1026 1146 Nou
1041 1091 1107 1148 ueni
1119 1092 1376 1156 sollemnemque.

74 1189 162 1267 legem
181 1187 412 1264 crctpropdetum
443 1188 632 1265 redimplere.
679 1183 749 1248 Non
768 1186 856 1268 igitur
876 1197 972 1272 potest
987 1189 1062 1251 idem
1082 1188 1148 1268 ille,
1178 1191 1225 1272 qui

74 1308 109 1354 se
131 1308 189 1350 ooo
212 1286 363 1349 evertendi
387 1288 481 1370 gratia
504 1287 623 1351 venisse
646 1297 785 1366 testatur,
821 1288 953 1353 accusari
977 1291 1051 1374 quod
1072 1291 1223 1354 everterit.

72 1387 179 1475 Neque
202 1409 273 1452 vero
295 1388 336 1452 ita
358 1389 387 1451 in
410 1389 565 1473 evangelio
584 1389 725 1472 legimus,
757 1392 807 1456 sed
828 1393 940 1476 potios,
974 1398 1055 1455 Hunc
1072 1397 1225 1454 inventurus

73 1495 277 1555 subvertentem
295 1495 446 1572 populum,
470 1496 605 1554 dicentem
626 1514 657 1554 se
679 1496 820 1556 Christum
842 1515 946 1574 regem.

160 1695 261 1762 scoot.
279 1694 383 1762 LXX.
419 1697 508 1760 Aliud
532 1717 646 1782 quoque
666 1708 733 1783 post
753 1699 823 1762 llaec
844 1701 951 1766 verba:
983 1706 1023 1763 Et
1036 1703 1226 1783 prohibentem
1239 1717 1360 1773 ouem

76 1801 184 1863 tributo
206 1805 290 1874 dore,
316 1799 455 1864 subiecit:
480 1805 521 1862 Et
540 1812 707 1862 auertentem
730 1823 834 1863 unoree
855 1825 889 1863 oc
912 1805 1024 1865 liberos.

158 1901 260 1966 ttetm.
282 1900 386 1966 LXX.
422 1900 497 1984 Quis
523 1903 650 1987 seipsum
678 1903 706 1965 io
733 1925 873 1989 praeceps
901 1907 1036 1990 impellit,
1070 1908 1225 1992 impletque

73 2007 150 2090 quod
169 2005 307 2090 scriptum
327 2016 388 2069 est:
421 2007 678 2086 (iuieidr'nequurn
699 2018 756 2081 est,
790 2013 840 2067 eui
853 2010 941 2069 durrus
955 2015 1033 2070 erit?
1076 2008 1133 2071 Est
1149 2011 1225 2072 onitu
1240 2023 1355 2080 Stetqs.

73 2108 128 2171 ltoe
147 2107 295 2170 inauditae
311 2108 457 2171 cuiusdam
476 2108 649 2170 temeritatis
668 2128 702 2170 ac
719 2109 838 2192 flagitii,
870 2111 933 2173 sive
952 2110 1134 2194 periculosae
1152 2112 1226 2174 sale-

71 2210 235 2295 lrrosaeque
252 2210 317 2272 viae
335 2210 456 2273 evidens
473 2220 702 2293 argumentum,
712 2211 903 2296 delere'qoae
919 2213 1025 2298 scripta
1043 2226 1128 2292 sunt,
1154 2234 1227 2298 quac

72 2334 215 2398 nusquam
234 2314 341 2399 scripta
364 2324 447 2375 eraut
465 2314 589 2391 addere,
622 2312 706 2398 idque
727 2314 756 2376 io
776 2315 930 2397 evaugelio
948 2315 1128 2400 potissimum
1147 2337 1226 2380 eom·

73 2415 207 2496 mittere,
242 2417 317 2501 quod
338 2416 366 2478 io
386 2425 537 2478 aeternum
556 2416 660 2479 stabile
680 2436 715 2479 ae
733 2416 845 2479 firmum
867 2438 933 2481 esse
951 2429 1096 2502 oporteat.
1143 2420 1225 2481 Adde

73 2518 147 2604 quod
167 2518 214 2581 illa
233 2520 295 2602 ipsa
312 2539 385 2603 quoe
400 2529 468 2581 sunt
485 2517 582 2581 addita
600 2538 693 2601 neque
708 2518 802 2581 locum
822 2521 942 2598 habent,
968 2543 1062 2604 neque
1078 2523 1226 2607 aenigma-

73 2623 109 2684 tis
134 2623 228 2684 instar
250 2622 355 2705 aliquid
380 2620 557 2704 significant.
603 2618 710 2704 Neque
733 2621 809 2684 enim
831 2619 968 2686 Christus
992 2644 1101 2686 unxores
1120 2626 1226 2687 avertit

72 2735 121 2787 aot
141 2724 265 2802 liberos,
291 2746 355 2786 cum
375 2725 436 2808 ipse
453 2723 572 2801 dixerit,
597 2728 832 2805 Honoropntrem
850 2738 1017 2800 etinctum,
1042 2726 1123 2806 item,
1149 2732 1377 2806 (terentianum.

72 2831 139 2889 deus
157 2832 318 2900 coniuncti,
349 2830 429 2887 domo
447 2849 502 2887 nou
521 2838 641 2907 separet.
690 2827 735 2888 Ac
755 2829 870 2891 tametsi
889 2829 927 2891 ita
948 2829 1159 2914 pronuntiarit=
1191 2836 1227 2892 Si
1235 2811 1378 2935 {¹3²¹}ssss

72 2935 135 3012 quis
149 2953 205 2992 uon
217 2933 365 3011 reliquerit
374 2941 484 3009 putrem
497 2941 663 3004 circuirem,
681 2933 839 3013 etfiutres,
856 2944 884 2992 et
897 2954 1012 2993 uxorem
1026 2944 1055 2993 et
1058 2936 1142 3013 filim
1153 2946 1221 3006 etc,

72 3044 236 3114 coeperest
250 3055 326 3094 meus
343 3054 403 3093 esee
421 3035 590 3112 discipulus,
624 3052 681 3095 iton
702 3033 767 3096 ideo
787 3045 883 3096 tumeo
904 3036 1054 3119 usttrpavit
1071 3047 1101 3098 nt
1122 3057 1224 3121 paron-

74 3146 119 3199 tes
136 3136 202 3199 odio
220 3135 366 3199 habendos
383 3135 582 3220 praeciperet,
606 3135 658 3198 sed
675 3146 707 3198 ut
723 3157 759 3199 ne
776 3137 811 3199 ad
828 3138 951 3200 alienam
969 3139 1052 3200 iidem
1071 3159 1225 3223 capessere

74 3238 157 3317 dam,
182 3238 366 3323 quidpiamve
383 3237 539 3302 salvatoris
555 3236 722 3320 discipliuae
738 3241 916 3303 eontrarium
935 3251 1085 3325 pareutum
1103 3262 1156 3303 nos
1173 3245 1225 3302 lm·

76 3340 187 3428 perium
210 3352 296 3426 atque
320 3341 478 3404 auctoritas
501 3351 686 3426 provocaret.

158 3442 259 3509 SehoI.
277 3441 396 3506 LXXI.
430 3448 471 3505 Et
485 3448 624 3505 uertentes
642 3448 671 3505 iu
690 3447 796 3518 lecturo,
828 3450 879 3527 qui
893 3451 998 3508 dicitur
1016 3450 1162 3509 Coluort‘ue
1180 3449 1221 3508 lo·
1236 3461 1332 3519 baeu,
1343 3467 1375 3511 ta.

73 3568 134 3624 ens,
159 3550 366 3627 crucifixerunt
378 3570 450 3621 erum,
476 3559 504 3608 el
516 3551 673 3609 driu'sernut
686 3553 864 3621 oeruiueuto,
889 3560 918 3609 et
931 3550 1096 3610 obscuratus
1110 3561 1154 3611 est
1166 3553 1220 3612 sol.

155 3751 259 3817 Reiot.
277 3749 396 3816 LXXI.
431 3751 549 3817 Gratias
564 3753 746 3819 misericordi
763 3754 829 3831 deo,
853 3754 902 3838 qui
918 3776 1021 3819 curros
1039 3767 1104 3819 tuos
1122 3756 1222 3840 alliga·
1234 3773 1377 3829 ntentans.

72 3854 133 3936 vit,
158 3852 311 3919 oPharao
325 3852 457 3935 Marcio,
482 3855 605 3941 illosque
624 3859 689 3920 dom
712 3858 807 3940 lugam
826 3857 937 3921 moliris
959 3859 987 3920 iu
1012 3879 1090 3922 marc
1111 3862 1224 3923 demer-

71 3959 120 4024 ¹eit.
165 3956 243 4023 Nam
269 3979 333 4021 eum
357 3976 472 4022 omnem
496 3959 707 4044 tergiversandi
731 3959 915 4023 occasionem
937 3970 1053 4046 captes,
1088 3961 1157 4025 nihil
1178 3963 1224 4026 hio

72 4084 129 4148 quo
151 4072 180 4126 tc
197 4083 326 4126 excuses
343 4061 449 4125 alferre
468 4061 589 4146 poteria.
636 4059 752 4125 Etenim
775 4063 822 4146 qui
840 4083 928 4127 cartre
947 4086 1004 4128 uon
1023 4075 1154 4144 constat,
1187 4088 1224 4130 oc

72 4165 146 4250 affigi
163 4165 277 4250 quidem
294 4165 373 4228 croci
390 4173 496 4249 potest.
544 4159 698 4246 Quomodo
715 4164 805 4249 igitur
818 4177 874 4229 tam
890 4165 1032 4231 illustrem
1048 4172 1221 4248 senteutiam

71 4403 101 4453 pe
121 4393 198 4452 erut,
225 4389 331 4452 querique
352 4391 488 4450 comptum
503 4400 550 4438 ease
567 4401 634 4438 uerno
667 4385 724 4439 fidei
743 4388 872 4457 imperium
889 4389 1067 4454 subducamur,
1086 4402 1128 4444 aut
1143 4411 1157 4444 a
1174 4394 1224 4446 do-

72 4462 105 4508 cet
126 4461 167 4521 qui
185 4473 232 4508 aaa
250 4459 375 4518 tutellepot.
409 4458 506 4506 Petouio
528 4459 634 4506 noantdtt
667 4457 745 4509 ctrina
762 4459 891 4510 salvatoris
909 4459 1070 4510 discedamus.

71 4526 149 4576 decue
157 4527 287 4576 utdedotur.
312 4527 439 4575 Goruoriue
450 4527 576 4576 conuertit:
589 4524 633 4573 sed
700 4525 741 4579 ot.
760 4521 837 4581 edroi
854 4531 1000 4580 derideretur
1015 4545 1096 4595 supro

73 4600 103 4642 nt
116 4609 149 4643 oe
162 4592 303 4660 aptioribus,
314 4608 343 4643 no
354 4591 473 4643 matribus
487 4591 519 4643 ed
532 4592 634 4643 alterius
