3046 5084
143 496 210 564 Κεφ.
228 493 267 561 ιζ’.

160 3261 211 3306 ρας.
224 3248 269 3292 m

282 368 340 430 198
704 376 824 427 ελαατι
843 339 1010 427 εειειιιαιι

375 499 409 559 Τέ
424 494 455 557 δὲ
470 495 569 576 ἕτερον
584 495 710 573 εἴποιμις
731 491 752 574 ἢ
766 499 830 566 πῶς
845 488 1040 572 άποσείσομαι
1054 488 1107 555 τόν
1120 488 1244 571 πηλοόδη
1258 496 1366 555 τοῦτον
1382 491 1441 559 πό·

282 622 352 675 νονς
375 593 553 677 βουλόμενος
575 595 627 676 μὲν
650 597 758 671 εἰπεῖν,
779 594 829 657 καὶ
853 592 896 675 μή
918 591 1113 674 βουλόμενος,
1136 589 1371 676 ἀναγκαζόμενος
1394 596 1440 677 δὲ,

282 703 333 764 ἵνα
353 697 393 780 μή
412 695 489 774 δόξω
506 723 534 761 τι
553 705 612 761 τῶν
636 695 730 761 όντων
749 693 987 778 παρακρύπτειν,
1014 695 1065 758 καλ
1087 691 1293 775 φοβούμενος,
1320 699 1370 760 ἵνα
1397 697 1440 780 μή

283 797 499 865 άποκαλύπτων
512 797 549 862 τά
565 795 646 863 δεινά
662 795 759 861 αύτῶν
775 796 795 878 ἢ
810 795 908 880 χράνω
923 794 944 878 ἢ
960 795 1060 878 πλήξω
1077 799 1119 870 εἰς
1133 793 1165 859 τό
1183 795 1441 880 περιεργάσασθαι

282 904 348 985 περὶ
370 900 476 966 τούτου
494 898 564 976 τούς
582 898 786 985 άπαγομένους
807 896 931 979 ήδοναῖς
953 900 1004 962 καὶ
1028 901 1202 980 ἐπιθυμίαις
1224 897 1436 982 ῑέποτρύνων.

283 1003 389 1084 Ὅμως
407 1000 462 1086 ἐγεό
482 1002 534 1084 μέν
556 999 659 1076 άθῶος
678 1003 756 1081 εἷήν,
779 1001 831 1062 καὶ
846 1005 927 1062 πάσα
942 996 962 1081 ή
978 1006 1031 1080 της
1053 996 1138 1082 άγίας
1155 1008 1318 1084 καθολικῆς
1336 1004 1439 1087 ἐκκλη-

284 1111 349 1180 σέας
363 1106 459 1182 ἐλπὶς,
480 1104 531 1166 καὶ
548 1101 654 1176 πάντες
669 1105 700 1165 οἱ
710 1099 806 1188 τούτῳ
821 1107 862 1187 τῷ
880 1099 1027 1184 γράμματι
1046 1099 1283 1184 ἐντυγχάνοντες,
1305 1101 1367 1168 άπό
1384 1112 1440 1187 τῆς

283 1205 420 1286 τοιαύτης
442 1211 495 1269 τοῦ
515 1200 657 1284 διαβόλου
674 1200 849 1286 ύποσπορᾶς
870 1204 921 1265 καὶ
942 1207 1173 1284 κακομηχανλας.
1214 1199 1284 1267 Ἐάν
1304 1203 1361 1290 γάρ
1383 1215 1437 1271 θς.

282 1306 361 1388 λήσω
384 1307 476 1389 λέγειν
497 1302 533 1368 τά
552 1303 622 1368 άλλα
639 1303 675 1368 τά
691 1303 761 1385 παρ’
778 1300 880 1377 αύτοῑς
900 1300 1039 1387 λεγόμενα
1059 1306 1111 1367 καὶ
1133 1301 1273 1387 γινόμενα
1296 1304 1353 1371 ὅσα
1374 1310 1437 1374 ἐστὶ

283 1415 404 1473 τοιαῦτα
423 1409 473 1470 καὶ
492 1414 618 1471 τοσαῦτα
625 1457 633 1484 ,
655 1407 706 1469 καὶ
719 1403 833 1469 τούτων
855 1407 897 1468 ἐτι
914 1410 1029 1486 μείζονα
1047 1408 1097 1470 καὶ
1117 1404 1240 1484 ἐλάττω,
1263 1406 1381 1490 θελήσω
1404 1411 1437 1475 δέ

283 1512 335 1574 καὶ
353 1507 393 1584 σός
413 1506 573 1592 φάρμακον
591 1507 695 1581 ἰάσεως
714 1503 902 1590 άλεξητήριον
921 1504 1083 1572 άντιδότων
1101 1512 1189 1590 δίκην
1210 1506 1286 1593 πρός
1310 1508 1437 1594 ἑκάστην

283 1613 359 1687 λέξιν
377 1608 556 1688 άντιθεῖναι,
580 1613 621 1685 εἰς
640 1608 736 1681 πολύν
756 1606 846 1693 όγκον
864 1606 955 1673 ἐλάσω
973 1616 1026 1691 τῆς
1047 1608 1211 1686 συντάξεως
1227 1608 1281 1693 τήν
1302 1637 1437 1697 πραγμα-

284 1717 371 1777 τείαν.
420 1712 517 1800 Ταύτη
544 1710 600 1796 γάρ
624 1718 660 1800 τῇ
683 1712 806 1796 αἷρέσει,
833 1710 1031 1792 ἐπιπόθητοι,
1061 1713 1111 1776 καὶ
1135 1708 1225 1787 αύτός
1253 1716 1432 1798 περιέτυχον.

281 1812 332 1879 Ἐκ
350 1812 493 1895 στόματος
514 1813 545 1878 δέ
564 1819 623 1877 τῶν
640 1812 732 1901 ταύτη
749 1810 972 1895 ἐπιχειρούντων
991 1812 1079 1893 φύσει
1100 1809 1175 1877 αύτά
1194 1811 1437 1900 αύτοπροςαόπως

284 1914 441 1999 ἐνηχήθην.
485 1922 629 1989 Γυναῖκες
642 1916 674 1980 δὲ
692 1914 769 1979 ούτω
785 1912 972 1996 ἠπατημένοι
991 1912 1028 1980 ού
1049 1913 1142 1997 μόνον
1164 1912 1218 1997 τήν
1241 1915 1342 1982 λαλιάν
1363 1918 1436 1983 ταύ·

283 2045 337 2099 την
360 2014 432 2099 ἡμῖν
456 2019 638 2102 προέτειναν,
667 2019 720 2081 καλ
743 2016 779 2081 τά
806 2023 928 2080 τοιαῦτα
953 2014 1025 2098 ήμῖν
1050 2014 1263 2099 άπεκάλυψαν,
1291 2016 1361 2083 άλλά
1382 2024 1436 2086 καὶ

283 2118 359 2186 κατά
375 2118 428 2202 τήν
445 2122 614 2204 Αἰγυπτίαν
633 2121 746 2202 ἐκείνην
767 2117 820 2202 τήν
839 2126 892 2184 τοῦ
910 2115 1115 2203 άργιμαγεέρου
1135 2115 1190 2200 τήν
1213 2116 1362 2206 όλετήριον
1382 2126 1436 2188 καλ

285 2219 440 2306 μοχθηράν
456 2223 506 2285 καὶ
525 2213 610 2285 αύται
631 2218 845 2308 άθυρογλαόττῳ
867 2219 959 2308 τόλμη
975 2218 1161 2285 κατασπάσαι
1180 2216 1259 2302 ήμᾶς
1277 2224 1309 2288 ἐν
1326 2230 1362 2311 τῇ
1380 2226 1436 2312 νέηι

283 2323 369 2407 ήμῶν
393 2321 492 2412 ήλικέμ
516 2321 681 2407 όρεχθεῖσαι
704 2326 877 2406 ἐπεχείρουν.
920 2319 1003 2385 Ἀλλά
1029 2318 1046 2386 ό
1070 2320 1135 2386 τότε
1159 2322 1368 2408 συμπαραστάς
1389 2333 1434 2414 τῷ

285 2425 358 2516 άγλῳ
375 2423 483 2509 Ἰωσήφ
499 2428 551 2490 καλ
572 2421 643 2507 ήμῖν
659 2424 806 2507 παρέστη,
828 2424 879 2487 καὶ
894 2420 947 2488 τόν
968 2427 1080 2488 ἐκεῖνον
1102 2426 1165 2490 ἐκεῖ
1183 2424 1347 2507 ῥυσάμενον
1367 2428 1431 2492 ἐπι·

285 2531 470 2612 κεκλημένοι,
494 2531 525 2593 ολ
543 2524 658 2601 άνάξιοι
675 2527 726 2589 καὶ
744 2522 892 2602 άνίκανοι,
916 2526 1084 2607 ἐλεηθέντες
1104 2527 1156 2590 καλ
1176 2524 1357 2612 άποδράντες
1378 2526 1431 2604 τάς

284 2630 452 2715 όλετηρλους
471 2625 568 2691 αὐτῶν
589 2635 701 2709 χεῖρας,
723 2632 785 2714 θεῷ
808 2633 848 2713 τῷ
873 2632 1031 2716 ἳπαναγίω
1049 2626 1146 2709 ύμνον
1162 2627 1298 2717 ᾄσαντες,
1320 2625 1430 2711 ήδανή-

283 2742 381 2811 θημεν
397 2732 446 2794 καὶ
468 2726 553 2792 αύτοὶ
568 2730 674 2812 λέγειν,
696 2726 746 2807 τό,
765 2725 912 2809 ’Ἀισωμεν
934 2735 974 2816 τῷ
993 2734 1101 2818 κυρίῳ·
1125 2729 1249 2807 ἐνδόξως
1269 2727 1325 2816 γάρ
1347 2729 1430 2796 δεδό-

283 2835 399 2908 ξασται,
420 2832 514 2894 ἵππον
534 2831 587 2893 καλ
610 2826 760 2912 άναβάτην
783 2833 904 2914 ἔρριψεν
926 2834 967 2906 εές
989 2830 1150 2898 θάλασσαν.
1196 2830 1241 2899 Ού
1262 2831 1318 2920 γάρ
1340 2830 1431 2923 όμοληι

283 2931 405 3014 δυνάμει
422 2939 474 3013 τῆς
496 2933 609 2996 ἐκείνου
627 2931 831 3015 δικαιοσύνης,
855 2931 925 2997 άλλά
946 2942 1094 3023 στεναγμῷ
1119 2943 1160 3024 τῷ
1183 2932 1260 3021 πρός
1282 2942 1347 3027 3τηῖ
1367 2945 1433 3026 θεῷ

283 3035 450 3115 ἐλεηθέντες
473 3032 636 3116 ἐσώθημεν.
678 3031 906 3117 Ὀνειδιζόμενος
925 3034 981 3122 γάρ
1002 3033 1053 3100 ὐπ’
1071 3034 1170 3102 αύτοῖν
1192 3045 1252 3104 τόν
1274 3037 1432 3126 όλετηρλων

282 3144 431 3223 γυναικῶν
450 3135 653 3220 κατεγελάμην
672 3135 744 3221 ἐγώ,
767 3134 809 3212 σός
826 3134 994 3218 ύπὲφαινον
1014 3141 1196 3204 αἱτοιαῦται
1212 3138 1348 3223 άλλήλαις
1368 3145 1433 3209 ἐπι-

283 3239 470 3304 σκάπτουοαι
488 3242 584 3321 δῆθεν
600 3238 660 3317 ότι,
686 3236 750 3303 Ούκ
771 3236 966 3323 ἠδυνήθημεν
986 3248 1079 3306 σῶσαι
1097 3238 1149 3307 τόν
1167 3246 1334 3323 νεανίσκον,
1359 3242 1433 3308 α’λλά

281 3339 439 3426 άφήκαμεν
456 3339 547 3407 αύτόν
562 3343 593 3406 ἐν
608 3342 688 3426 χερσὶ
702 3339 923 3427 τοῦ’Ἀρχοντος
936 3341 1133 3409 άπόλλυσθαι.
1174 3340 1347 3429 Ἐπειδήπερ
1363 3343 1432 3428 ἥτις

281 3441 379 3509 αὐτῶν
402 3444 606 3530 εύμορφοτέρα
631 3447 691 3526 εἴη,
714 3445 814 3528 δέλεαρ
838 3445 933 3530 ὥςπερ
955 3443 1063 3529 ἑαυτήν
1083 3449 1275 3530 προτίθησιν,
1297 3444 1370 3522 όόςτε
1391 3446 1431 3514 δι’

282 3545 374 3627 αὐτῆς
386 3547 456 3623 τούς
470 3545 704 3630 4ἠπατημένους
718 3543 783 3611 άντὶ
796 3554 851 3612 τοῦ
865 3545 1020 3613 ἀπολλύειν
1035 3546 1135 3627 σάζειν
1147 3548 1340 3629 ἐπιφημίζειν.
1369 3553 1432 3616 Καὶ

282 3645 398 3724 όνειδος
419 3648 525 3716 λοιπόν
546 3656 607 3713 τῶν
629 3646 776 3733 άμόρφων
799 3652 907 3734 γίνεται
930 3649 1012 3732 παρά
1031 3658 1090 3715 τῶν
1108 3646 1351 3736 εύμαρφοτέρων,
1373 3651 1432 3731 ότι,

279 3745 364 3830 Ἐγιύ,
387 3757 471 3834 φησὶ,
494 3749 599 3826 σκεῦός
612 3753 671 3832 εἰμι
686 3754 817 3836 ἐκλογῆς,
840 3754 988 3835 δυναμένη
1004 3752 1106 3831 σώζειν
1119 3750 1189 3829 τούς
1208 3748 1431 3837 άπατωμένονς,

281 3844 318 3913 σύ
338 3849 371 3911 δέ
389 3850 444 3916 ούκ
467 3856 594 3937 ἴσχυσας.
632 3845 726 3918 Ἦσαν
748 3855 802 3936 μὲν
823 3846 878 3919 οόν
900 3858 934 3917 αλ
954 3853 1006 3920 τόν
1029 3852 1179 3941 ἆγάγιμον
1199 3862 1302 3940 μῦθον
1324 3863 1431 3922 τοῦτον

280 3947 484 4034 ύφηγούμεναι
504 3963 540 4044 τῇ
561 3963 665 4044 μορφῇ
684 3962 738 4037 της
757 3952 855 4020 αύτῶν
875 3954 1014 4034 πτύσεως
1036 3956 1312 4044 εύπροςωπόταται,
1333 3966 1375 4047 τῷ
1395 3960 1431 4023 δέ

280 4060 323 4142 νρῑ
341 4059 393 4135 της
416 4052 514 4121 αὐτῶν
532 4062 698 4140 μοχθηρίας
719 4055 775 4140 τήν
797 4064 897 4123 πᾶσαν
919 4067 972 4124 τοῦ
990 4059 1132 4144 διαβόλου
1154 4060 1308 4144 άμορφλαν
1327 4084 1432 4141 κεκτη-

279 4158 374 4238 μέναι.
417 4152 501 4220 Ἀλλά
521 4156 540 4222 ό
560 4158 689 4242 ἐλεήμων
708 4158 783 4236 θεός
802 4167 857 4244 τῆς
877 4167 1044 4248 μοχθηρίας
1065 4159 1163 4228 αύτων
1176 4160 1257 4245 ήμᾶς
1273 4158 1431 4247 ἐρρύσατο,

330 4397 534 4450 en.XV{1.-
561 4398 582 4448 1.
601 4402 718 4463 Βεεττῐρτί
732 4398 835 4467 ἐτετρύ-
920 4404 945 4456 3.
964 4402 1006 4458 τόν
1021 4402 1080 4459 θεὸν
1097 4406 1230 4467 auspicum
1246 4408 1279 4455 td
1294 4406 1413 4457 Μανίου.

275 4480 323 4517 νων
337 4481 382 4528 pro
398 4461 539 4531 ἐποτρύνω,
556 4469 701 4532 ςυοδυαὶρο
715 4476 786 4521 ata&
920 4470 944 4524 4.
962 4468 1140 4541 ἀπατωμένους
1156 4472 1320 4537 wamy.
1354 4477 1432 4525 Ελιλι

328 4536 353 4585 ⁴2.
371 4534 578 4603 παναγλῳζεοδσ.
597 4536 670 4584 Vatia.
692 4538 790 4601 Rhedio.
807 4543 829 4588 τε
869 4540 923 4601 lecit
936 4545 1007 4591 αιὀιπ
1022 4546 1048 4593 iu
1065 4542 1115 4593 ασελ
1132 4541 1246 4593 vnum
1260 4544 1412 4595 λθεδολλτιε.

274 4603 312 4652 αλ
329 4605 410 4655 Pam.
445 4600 561 4669 τανέργῳ
577 4603 614 4653 ed.
628 4608 703 4665 prino.
