3046 5084
248 329 307 390 140
667 340 788 392 οιαστι
806 341 976 392 ΕΡιΡΗκΝιι

246 453 377 544 άγνωσίμ
395 457 545 534 ἐπιτελεῖν;
579 453 667 539 Οάχί,
690 459 800 538 φησίν,
827 453 882 521 οάκ
900 453 1041 540 ήγνόουν·
1072 453 1192 543 ᾔδεισαν
1209 454 1266 542 γάρ
1286 456 1304 524 δ
1321 460 1401 542 ἔμελ-

246 566 298 624 λον
321 555 464 641 πράττειν.
512 555 550 621 Ἡ
569 563 668 622 τοίνυν
690 557 808 623 άνοιθεν
833 556 959 639 δύναμις
982 555 1045 645 ήδει
1068 556 1193 641 τούτους
1218 565 1307 625 τοῦτο
1334 563 1399 643 μίλ·

246 668 349 735 λοντας
366 662 532 744 ἐπιχειρεῖν,
553 657 575 741 ή
590 657 704 743 ήγνόεις
729 657 793 723 Οάκ
809 657 917 743 ήγνόει.
959 656 1114 739 Ἐποίησεν
1131 652 1186 722 οὖν
1202 657 1326 739 αότοάς,
1348 666 1400 727 ἵνα

245 769 333 827 τοῦτο
355 761 520 847 πράξωσιν,
548 761 569 843 ή
590 761 644 843 μής
678 760 768 844 Οάχλ,
797 766 896 842 φησίν.
939 758 1075 843 Ἐποίησε
1096 760 1151 846 γάρ
1169 760 1277 838 αάτοδς
1292 762 1399 845 μόνον·

245 855 329 928 οὗτοι
348 864 380 927 δέ
396 862 477 946 παρά
495 861 548 945 τήν
566 862 627 928 άνω
644 861 771 944 δύναμιν
786 865 973 945 ἐπεχείρησαν
989 861 1065 946 πρός
1080 860 1113 926 τό
1133 870 1256 945 ποιήσαι
1271 865 1398 947 πλάσμα.

248 962 370 1030 Ου’κοῦν
391 958 475 1030 οὗτοι
495 966 548 1046 μὲν
565 963 701 1053 ᾔδεισαν,
730 966 825 1044 ἐκείνη
846 963 877 1027 δὲ
894 961 915 1042 ή
930 962 1049 1028 άνωθεν
1065 963 1192 1046 δύναμις
1207 962 1306 1051 ήγνόει
1322 966 1399 1032 κατά

245 1064 299 1132 τόν
316 1065 370 1132 σόν
386 1066 489 1151 λόγον,
520 1059 679 1130 ῶπάντων
695 1061 865 1148 άνθροίπων
879 1062 1019 1149 άβίλτερε.
1064 1067 1124 1128 Καὶ
1140 1068 1220 1131 ἔσται
1236 1068 1289 1149 μέν
1306 1065 1399 1150 ήτῶν

246 1167 419 1253 άνθρῶπων
435 1175 642 1248 4κατασκευῆς
654 1164 801 1243 σύστασις,
819 1168 870 1230 καί
882 1169 913 1230 οῖ
923 1170 1010 1231 αῖτιοι
1025 1170 1134 1249 ταύτης
1148 1165 1261 1253 άγγελοι
1277 1171 1309 1234 ἐν
1323 1169 1398 1255 γνῶ-

246 1292 306 1349 σει,
336 1265 356 1352 ή
378 1270 410 1333 δέ
432 1267 502 1343 τοάς
523 1265 660 1352 άγγίλους
675 1266 823 1349 ποιήσασα
837 1267 962 1349 δύναμις
978 1272 1010 1333 ἐν
1029 1265 1168 1357 άγνωσίμ.
1210 1270 1398 1354 Ληρῶδεςδ

246 1370 284 1436 άν
299 1374 344 1452 είη
362 1377 449 1435 τοῦτο
467 1372 518 1433 καί
534 1368 666 1451 ήλίθιον,
695 1368 742 1434 ότι
756 1377 865 1451 μᾶλλον
881 1371 1074 1453 ἐντελέστερον
1089 1368 1121 1434 τό
1139 1372 1225 1456 ἔργον
1240 1380 1294 1437 τοῦ
1308 1379 1399 1457 τεχνί-

245 1499 316 1553 του,
344 1474 395 1538 καί
417 1470 435 1536 δ
452 1475 580 1553 τεχνίτης
597 1469 806 1556 άδρανέστερος
828 1479 887 1535 τῶν
907 1469 958 1535 ὕπ’
974 1471 1066 1536 αὐτοῦ
1080 1476 1245 1557 γενομένων
1260 1471 1397 1558 άγγίλοτν,

247 1578 347 1641 αἰτίαν
361 1573 455 1639 όντων
470 1581 522 1656 τῆς
534 1571 723 1656 άνδρωπείας
737 1572 916 1649 συστάσεως·
933 1572 1003 1649 ῶςτε
1017 1567 1071 1638 οὖν
1084 1573 1247 1652 ἐξάπαντος
1262 1573 1398 1666 λάνάγκη

246 1675 455 1761 ὁμολογήσειας
470 1675 507 1740 άν
524 1677 572 1741 ἐπί
585 1674 638 1740 τόν
653 1671 744 1740 αότόν
759 1673 885 1757 ποιητήν
902 1673 955 1740 τόν
970 1678 1037 1755 ἕνα,
1058 1676 1110 1741 καί
1123 1679 1174 1742 ἐπί
1190 1676 1244 1760 τήν
1257 1681 1327 1760 μίαν
1342 1705 1396 1760 μο-

246 1784 367 1864 ναρχίαν
387 1777 420 1844 τό
442 1786 503 1843 πάν
524 1777 611 1864 άγειν.

116 1978 182 2046 Κεφ·
201 1973 229 2031 ε’·
333 1985 394 2047 Καί
409 1981 464 2069 γάρ
482 1980 500 2047 ό
515 1980 588 2057 θεός
606 1977 625 2046 ό
640 1979 735 2064 πατήρ
755 1983 874 2063 ἐποίησε
889 1980 941 2047 τόν
956 1980 1120 2067 άνθροιπον
1139 1983 1191 2046 καί
1207 1980 1303 2047 πάντα
1318 1986 1394 2049 κατά

133 2106 184 2150 εῑε·
198 2094 229 2138 ⁸⁸·
246 2082 301 2168 τήν
323 2088 399 2149 ἰδίαν
418 2083 568 2165 εὐδοκίαν,
598 2087 649 2149 καί
667 2081 719 2165 οάχ
737 2086 768 2147 οί
784 2081 913 2168 άγγελοι,
943 2081 1013 2148 οὐδὲ
1031 2082 1105 2148 κατά
1122 2083 1177 2167 τήν
1193 2091 1252 2150 τῶν
1270 2082 1398 2172 άγγέλων

246 2191 428 2272 συμβουλίαν
446 2196 495 2252 ιτι
513 2190 619 2272 γέγονε.
661 2183 712 2251 Ἐν
727 2192 767 2274 τῷ
786 2184 842 2271 γάρ
860 2189 952 2250 εἰπεῖν
966 2183 1019 2250 τόν
1033 2184 1122 2265 θεόν,
1155 2186 1331 2271 Ποιήσωμεν
1346 2188 1398 2256 άν·

245 2299 382 2373 θρωπον,
399 2287 472 2354 Κατ’
485 2289 585 2355 εἰκόνα
600 2286 741 2373 ἡμετέραν
757 2286 831 2366 εἰπε,
848 2290 897 2352 καί
911 2285 947 2352 οά
963 2284 1034 2350 Κατ’
1050 2286 1151 2353 εἰκόνα
1166 2286 1286 2371 2μόνον.
1319 2299 1398 2357 Συν-

246 2390 341 2455 εκάλει
355 2390 409 2477 γάρ
426 2395 467 2467 εἰς
481 2390 535 2473 τήν
550 2393 657 2456 ἑαυτοῦ
672 2394 868 2475 δημιουργίαν
880 2389 933 2455 τόν
951 2386 1066 2453 θαύτοῦ
1078 2387 1167 2475 λόγον
1179 2393 1230 2456 καί
1243 2401 1397 2478 μονογενῆ,

247 2491 288 2568 οῖς
305 2496 426 2575 ἔχεικαὶ
444 2491 464 2576 ή
483 2497 512 2570 ἐξ
527 2491 670 2574 άληθείας
687 2489 843 2578 ὁρμωμένη
861 2498 971 2555 πιστῶν
990 2493 1105 2570 ίννοια,
1135 2495 1186 2557 καί
1204 2491 1276 2559 αάτδ
1294 2493 1328 2561 τό
1344 2503 1398 2579 τῆς

247 2593 388 2678 άληθείας
403 2594 580 2678 άκρίβασμα,
604 2591 645 2669 ῶς
656 2595 707 2658 καί
722 2596 754 2658 ἐν
767 2595 878 2677 ἕτέροις
893 2598 1005 2658 πλείοσι
1020 2600 1125 2672 σαφῶς
1137 2596 1206 2680 περί
1220 2594 1329 2663 τοάτου
1345 2600 1398 2664 καλ

246 2694 296 2760 διά
313 2695 427 2778 μήκους
444 2693 647 2777 ἐποιησάμεθα
665 2693 720 2777 τήν
738 2692 911 2780 ὁμολογίαν,
943 2691 984 2771 ῶς
1001 2691 1018 2759 δ
1032 2692 1130 2780 πατήρ
1146 2705 1330 2781 συγκαλεῖται
1344 2699 1398 2766 τόν

246 2794 313 2862 υίόν
325 2800 568 2881 συνδημιουργεῖν
579 2794 631 2861 τόν
644 2795 816 2882 άνθρωπον,
839 2795 878 2861 δι’
891 2788 928 2863 οὗ
942 2798 992 2861 καί
1008 2794 1043 2860 τά
1057 2794 1127 2861 άλλα
1140 2796 1237 2863 πάντα
1249 2802 1396 2882 ἐποίησεν.

249 2895 295 2962 Οά
310 2896 402 2980 μόνον
424 2899 455 2962 δέ
471 2906 625 2983 συγκαλεῖν
642 2902 752 2982 εἰποιμι
770 2897 822 2964 τόν
840 2896 922 2978 υίόν,
952 2897 1023 2964 άλλά
1040 2901 1092 2963 καὶ
1112 2896 1145 2964 τό
1167 2898 1252 2985 δίγιον
1270 2909 1396 2987 πνεῦμα.

251 3006 298 3090 Τηῖ
320 2997 376 3086 γάρ
395 2998 471 3088 λόγῳ
489 3005 593 3085 κυρίου
612 3004 643 3066 οί
660 2999 780 3087 οὐρανοί
798 3002 1033 3084 ἐστερεοίδησαν,
1061 3002 1168 3089 παλτῷ
1184 3001 1327 3085 πνεύματι
1344 3010 1398 3070 τοῦ

247 3101 390 3185 στόματος
406 3099 499 3166 αὐτοῦ
514 3109 595 3167 πᾶσα
611 3101 632 3185 ἡ
648 3101 771 3184 δύναμις
786 3099 892 3167 αὐτῶν.
935 3106 1009 3168 Είιε
1024 3103 1055 3168 δέ
1071 3106 1249 3186 βουληθείη,
1274 3108 1330 3170 εἰτε
1344 3108 1397 3170 καί

247 3205 288 3290 μή
304 3207 480 3289 βουληθείη,
502 3206 581 3285 φημί
596 3205 628 3268 δέ
648 3202 666 3270 ά
681 3211 861 3288 Σκτορνῖλος
879 3201 965 3287 άτῆς
981 3206 1119 3291 αίρέσεως
1133 3204 1243 3287 ταύτης
1258 3203 1394 3291 άρχηγδς,

247 3304 503 3395 άναγκασθήσεται
521 3304 682 3384 ἰξάπαντος
702 3304 755 3372 τόν
776 3307 828 3370 ἵνα
844 3304 920 3371 θεόν
936 3304 1105 3393 ὁμολογεῖν,
1132 3303 1208 3372 θεόν
1222 3307 1273 3370 καλ
1291 3304 1395 3391 κόριον

246 3418 300 3476 τοῦ
315 3411 486 3494 σύμπαντος
501 3407 571 3475 όντα
584 3413 700 3491 κτίστην
712 3433 743 3473 τε
754 3410 803 3473 καί
819 3407 1009 3495 δημιουργόν,
1027 3407 1088 3492 ἅμα
1101 3434 1131 3474 τε
1144 3410 1263 3475 καὶτοῦ
1275 3403 1395 3493 άνθρῶ-

247 3536 314 3576 που.
357 3511 594 3597 Αἰσχωνθήσεται
610 3513 643 3577 δέ
659 3509 734 3577 κατά
752 3508 850 3575 πάντα
866 3509 978 3598 τρόπον
995 3508 1037 3587 ῶς
1052 3507 1253 3602 συκοφάντης,
1282 3511 1396 3587 καλεῖς

247 3608 300 3676 τόν
313 3617 380 3699 περί
395 3622 560 3701 προφητῶν
572 3612 670 3699 λόγον,
692 3616 743 3680 καί
759 3615 800 3689 εἰς
815 3610 870 3696 τήν
884 3611 960 3679 κατά
974 3619 1028 3679 τοῦ
1043 3618 1151 3695 σεμνοῦ
1166 3608 1264 3696 γάμου
1277 3609 1397 3696 φαύλην

248 3720 431 3799 κατηγορίαν.
471 3715 571 3794 Λάιός
583 3713 640 3804 γάρ
656 3712 675 3782 δ
688 3713 793 3803 κάρτος
806 3713 892 3800 ήμῶν
903 3712 1018 3797 Ἰησοῦς
1034 3712 1163 3800 Χριστός
1173 3710 1337 3800 διαρρήδην
1350 3717 1397 3781 ἐκ·

248 3822 344 3894 φανεῖ
362 3816 394 3879 ἐν
411 3826 452 3905 τῷ
468 3817 637 3909 εόαγγελίμ,
659 3823 710 3885 καί
725 3820 801 3904 λέγει
813 3815 933 3908 συνηνδά
948 3824 990 3906 τηῖ
1006 3815 1163 3906 προφήτη,
1184 3815 1254 3882 Ὅτι
1269 3814 1288 3883 o‘
1302 3824 1398 3884 λαλῶν

248 3917 280 3981 ἐν
295 3923 357 3990 τοῖς
371 3919 552 4002 προφήταις,
583 3920 666 4002 ίδοδ,
688 3921 821 4006 πάρειμι·
850 3921 901 3984 καί
918 3916 1007 3984 πάλιν
1018 3918 1081 3998 ὅτι,
1108 3916 1141 3983 Ὁ
1155 3918 1252 4006 πατήρ
1268 3944 1327 4004 μου
1342 3921 1397 3994 ἕως

247 4015 314 4102 άρτι
330 4015 493 4103 ἐργάζεται,
521 4019 601 4107 κάγοί
620 4021 784 4109 ἐργάζομαι
816 4020 885 4086 Ἵνα
904 4021 937 4084 δέ
953 4023 1032 4110 δείξη
1053 4026 1081 4086 τί
1099 4020 1244 4107 ἐργάζεται
1264 4019 1357 4085 αάτοῦ
1376 4013 1396 4083 δ

248 4118 344 4205 πατήρ
358 4120 409 4185 καί
425 4116 524 4200 αάτδς,
546 4122 718 4209 άπεφήνατο
733 4125 825 4208 λέγτον
838 4130 902 4197 τοῖς
914 4121 1094 4206 ἐρωτήσωσιν
1106 4121 1198 4189 αὐτόν
1213 4123 1240 4186 εἰ
1251 4119 1306 4206 χρή
1319 4116 1394 4182 άπο-

248 4222 328 4288 λόειν
337 4221 390 4305 τήν
404 4230 529 4305 γυναῖκα
541 4223 634 4289 αὐτοῦ
643 4224 717 4291 κατά
729 4232 828 4290 πᾶσαν
839 4226 949 4289 αἰτίαν·
964 4229 1038 4300 Πῶς
1049 4228 1221 4312 γέγραπτοας
1234 4221 1280 4286 ότι
1292 4221 1393 4300 ἐποίη-

281 4357 306 4411 4.
320 4360 482 4425 κατασκευῆς
493 4363 602 4422 rescripsi
611 4376 658 4425 τρο.
678 4366 751 4426 ῖαλςο
760 4379 805 4415 κα·
872 4365 896 4415 5.
914 4366 988 4426 λὀλςο
1003 4358 1111 4431 άνάχοιη.

248 4426 369 4494 ταοκενή.
392 4432 488 4480 Ρείσνῖο
500 4443 547 4478 νοτ
561 4427 682 4488 ουότασις
695 4433 806 4481 induem·
874 4432 932 4481 Gn.
950 4433 980 4480 V.
997 4457 1031 4470 -
1054 4434 1077 4485 1.
1093 4449 1118 4483 τι
1133 4427 1233 4495 γέγονι,
1247 4428 1317 4490 'wod
1333 4429 1395 4478 δια·-

248 4498 282 4546 σο
300 4499 438 4560 videbatur,
463 4503 484 4548 ιε
499 4498 620 4546 retinenda
636 4500 711 4548 τολιιπ
727 4514 804 4549 κατα·
836 4500 934 4549 deretur
947 4503 972 4549 in
983 4502 1038 4551 ιδίλ
1049 4502 1123 4562 prim
1134 4496 1217 4546 ιλοοσ.
1227 4496 1333 4560 Min„
1349 4499 1394 4548 Ρι·
1514 4510 1518 4525 ·

251 4560 338 4631 σκευή.
836 4570 915 4618 tantu·
929 4572 1032 4630 reposuit
1046 4581 1075 4618 τε
1090 4564 1141 4616 ινδ
1156 4566 1276 4616 Vaticano.
