3046 5084
422 321 561 374 raanan
579 322 643 375 urs.
655 324 675 375 r.
690 324 772 377 sou.
785 324 817 376 u.
833 324 933 378 ussa.
943 325 1032 375 xxx.
1244 312 1299 374 271

157 437 338 507 Ossaeorum
353 439 471 507 haeresi
487 440 547 503 ism
567 450 636 504 anta
653 441 875 526 disputavimus.
919 441 1050 506 Etanna
1068 441 1164 507 aliter
1178 462 1216 507 eu
1237 465 1305 529 per·

156 542 346 620 strinximus,
371 562 408 605 ne
426 542 503 624 quod
523 561 616 625 penes
632 562 864 625 unamquamque
881 543 1028 605 nationem
1044 564 1079 605 ao
1093 555 1203 607 sentam
1220 566 1304 630 repe·

156 645 245 724 ritnr,
277 645 306 707 id
328 644 353 707 si
374 645 405 706 in
420 641 486 706 aliis
503 663 619 726 quoque
640 653 829 719 oerneretnr,
860 643 955 705 alieno
978 645 1043 706 loeo
1060 665 1112 724 per
1129 645 1304 710 oblivionem

157 756 415 810 commemoratum
438 756 568 827 putares.

240 846 321 930 Ergo
341 845 436 909 Ebion
461 843 578 908 tametsi
598 844 627 906 in
645 843 718 907 lisia
735 864 769 907 ao
786 842 899 907 Romae
919 864 1050 907 emonem
1071 865 1153 907 suum
1172 844 1305 910 dissemi·
1347 860 1407 929 cap.

158 949 292 1025 neverit,
315 946 502 1010 nihilominus
519 945 703 1030 spinosorum
719 966 838 1009 suornm
856 946 1020 1030 germinum
1037 947 1241 1031 stolonumque
1258 970 1306 1012 ra·
1340 928 1432 984 3⁹⁸¹·

158 1050 239 1113 dines
263 1070 304 1112 ax
321 1045 494 1111 Nouariam
516 1058 606 1131 atque
625 1043 763 1110 Paneade
785 1047 967 1129 potissimum
987 1047 1089 1124 tralrit,
1122 1069 1177 1111 neo
1197 1071 1254 1115 non
1277 1062 1308 1115 et

157 1149 321 1214 Moabitide
336 1145 555 1232 Coohaltisqne,
579 1149 654 1232 quod
669 1145 848 1211 Basanitidis
866 1151 1000 1233 oppidum
1016 1161 1062 1212 est
1078 1160 1159 1214 trans
1175 1153 1304 1233 Adraos,

160 1263 189 1316 et
206 1251 344 1315 ininsula
361 1247 473 1336 Cypro.
519 1247 575 1312 Est
592 1247 647 1311 lroe
660 1248 718 1311 illis
731 1248 851 1332 insuper
867 1251 895 1312 in
916 1271 998 1313 more
1020 1252 1162 1335 positum,
1188 1265 1220 1316 nt
1236 1255 1306 1318 ado·

160 1354 336 1417 lassentulos
353 1355 428 1415 eitra
446 1362 587 1415 maturam
601 1361 726 1414 aetatem
742 1352 778 1414 ad
795 1353 908 1436 nuptias
924 1353 1110 1437 eompellant,
1133 1354 1218 1437 idque
1231 1357 1304 1420 adeo

160 1476 178 1519 a
197 1455 343 1540 magistris
360 1464 502 1538 potestate
520 1455 608 1516 laeta.
653 1452 771 1516 liabent
783 1454 860 1515 enirn
873 1455 1064 1540 presbyteros
1079 1476 1149 1519 auos
1165 1478 1199 1519 ao
1217 1479 1307 1543 syna·

159 1578 253 1640 pegae
274 1556 431 1641 prinsipes.
475 1553 552 1618 Narn
580 1575 760 1640 synagogam
789 1567 952 1621 conventus
975 1577 1045 1621 suos
1071 1578 1129 1618 non
1152 1560 1306 1625 ecelesiam

160 1657 319 1735 nominant,
341 1679 377 1721 ao
390 1653 501 1720 Christi
518 1656 611 1719 solum
628 1676 734 1719 nornen
750 1677 820 1740 prae
836 1677 868 1718 se
889 1660 997 1720 lerunt.
1029 1657 1135 1743 Neque
1150 1682 1222 1724 vero
1240 1665 1305 1726 nnis

158 1762 301 1824 duntaxat
319 1759 427 1843 nuptiis
444 1758 599 1821 affinitates
617 1755 695 1818 inter
707 1777 741 1819 se
756 1758 952 1839 coniungunt,
976 1762 1028 1823 sed
1043 1764 1068 1823 si
1084 1763 1130 1824 eui
1148 1763 1305 1826 divortium

158 1864 253 1924 lasere
269 1859 404 1938 libuerit,
431 1879 587 1921 annovam
606 1856 681 1920 inire
700 1859 925 1936 matrimonium,
949 1863 984 1924 ad
1002 1863 1149 1928 tertiaeet
1166 1866 1305 1949 septimas

157 1983 250 2046 nsque
267 1962 383 2046 nuptias
397 1961 578 2045 permittunt.
610 1957 734 2041 Quidvis
749 1959 826 2020 enim
843 1961 916 2043 apud
933 1962 998 2023 illos
1016 1983 1105 2044 agere
1123 1967 1303 2030 conceditur.

157 2061 253 2126 Porro
272 2065 452 2127 Abraantum
469 2071 500 2123 et
515 2059 645 2123 lsaaoum
665 2081 700 2123 ae
720 2056 869 2137 laeobum,
892 2073 922 2122 et
938 2059 1084 2145 Moysen,
1107 2075 1193 2146 atque
1210 2068 1307 2130 Aaro-

159 2186 225 2229 nem
243 2164 415 2241 admittunt,
440 2183 496 2226 unu
511 2183 576 2225 oum
594 2159 679 2241 iesn,
703 2161 751 2243 qui
769 2159 885 2245 Moysis
904 2164 1048 2225 duntaxat
1064 2180 1231 2243 sno-sessor,
1255 2189 1307 2231 ne·

159 2289 215 2353 que
232 2267 385 2351 quiequam
404 2264 526 2348 amplius
545 2265 644 2327 luerit.
690 2260 857 2327 Secundum
876 2263 929 2326 laos
948 2265 1056 2326 nullum
1072 2266 1158 2328 alium
1180 2289 1218 2330 ex
1241 2291 1308 2354 pro·

158 2369 254 2456 plastis
269 2368 448 2446 adsnisonnt,
471 2367 523 2429 sed
538 2387 603 2429 num
619 2366 808 2430 execratione
827 2367 1012 2450 proscribunt
1026 2387 1061 2429 ao
1075 2368 1220 2447 derident,
1240 2382 1308 2453 puta

161 2470 303 2535 Doridem
322 2479 353 2532 et
367 2466 555 2532 Salomonem
573 2479 660 2553 atque
677 2466 796 2545 isaiam,
822 2467 1014 2543 hieremiam,
1039 2466 1204 2547 Danielem,
1228 2471 1307 2535 Eue·

160 2573 301 2650 chielem,
325 2570 495 2655 quibusnam
514 2568 608 2633 Elium
629 2582 715 2655 atque
732 2569 880 2633 Elisaeum
900 2569 1062 2654 repudiant.
1107 2569 1213 2654 Neque
1229 2577 1306 2638 enirn

159 2675 274 2739 illorum
294 2671 442 2736 vatioiniis
460 2672 678 2749 assentiuntur,
708 2674 760 2736 sed
783 2674 819 2734 iis
841 2672 1117 2735 maledicentissima
1134 2675 1306 2756 detralruu13

160 2778 212 2841 sed
230 2796 325 2861 neque
343 2774 421 2838 alind
446 2786 563 2858 praeter
582 2774 764 2859 evangelium
789 2774 945 2859 recipiunt.
991 2771 1075 2855 Quod
1100 2776 1135 2837 ad
1158 2773 1307 2842 Christum

160 2888 290 2964 speotm,
319 2876 453 2940 veritatis
478 2877 555 2940 hune
582 2897 649 2940 esse
671 2875 840 2961 prophetam
863 2876 1010 2954 sentiunt,
1041 2887 1072 2940 et
1089 2873 1238 2943 Christum
1261 2882 1308 2945 dei

160 2980 249 3044 dlinm
266 2980 474 3064 progressione
492 2979 615 3062 quadum
630 2978 747 3040 virtntis
764 2988 794 3040 et
810 2978 1015 3041 coniunctione
1030 2999 1095 3041 eum
1113 2980 1168 3043 deo
1186 2984 1306 3061 laetum,

162 3093 306 3167 quatenus
331 3082 366 3142 ad
388 3079 524 3143 sublimia
548 3080 745 3162 coelestiaque
762 3089 919 3162 proventus
947 3091 1004 3143 est.
1048 3078 1213 3166 Prophetas
1234 3106 1308 3149 vero

162 3183 395 3259 austeritatis,
426 3182 477 3245 sed
502 3182 711 3264 intelligentiae
732 3202 798 3243 esse
822 3183 978 3266 prophetas
1000 3183 1190 3246 arbitrantur.
1233 3182 1309 3248 Pro-

161 3284 229 3349 inde
246 3281 342 3349 lesum
362 3284 456 3348 solum
477 3283 645 3367 propletmn
665 3292 696 3344 et
711 3283 873 3361 hominurn,
898 3285 1001 3368 deique
1020 3285 1107 3347 lilium
1132 3306 1216 3362 esse,
1240 3287 1309 3350 lieet

161 3407 260 3453 merus
281 3386 366 3449 horno
389 3386 444 3465 sit,
474 3396 507 3448 nt
528 3387 585 3447 iam
610 3384 748 3448 diximus.
794 3384 852 3468 Qui
875 3387 911 3448 oh
935 3387 1083 3470 egregiam
1104 3388 1239 3449 virtutem
1262 3390 1309 3452 dei

162 3488 238 3553 Mina
262 3488 402 3573 appellari
429 3487 581 3551 meruerit.
625 3485 733 3571 Neque
757 3508 830 3551 vero
847 3485 962 3571 Moysis
979 3484 1208 3551 Pentatenehum
1233 3492 1308 3555 inte·

160 3611 242 3675 gram
263 3590 435 3667 admittunt,
468 3591 520 3653 sed
543 3589 683 3674 quaedam
708 3591 797 3653 verba
818 3589 1070 3653 circumscribunt.
1116 3586 1250 3670 Quodsi
1271 3595 1308 3658 de

161 3712 215 3756 esu
228 3693 420 3755 animatorum
442 3691 511 3755 illud
527 3692 665 3767 obiieias,
689 3713 742 3755 eur
756 3691 922 3754 Abraamns
938 3691 1059 3753 vitulum
1079 3712 1144 3754 oum
1163 3692 1238 3758 laete
1255 3717 1307 3759 an-

161 3794 236 3877 gelis
256 3794 443 3878 adposuerit,
473 3805 522 3857 aut
541 3815 595 3856 our
609 3791 744 3858 Notmns
768 3794 816 3855 illa
839 3791 1017 3870 consederit,
1049 3803 1079 3855 et
1100 3794 1238 3861 divinitus
1260 3820 1307 3861 re-

162 3916 301 3981 sponsum
321 3895 486 3980 acceperita
517 3900 614 3959 Maera
635 3908 664 3957 et
686 3899 839 3957 manduce:
871 3892 978 3976 quidve
1001 3893 1122 3979 insuper
1138 3894 1255 3964 isaacus
1278 3912 1308 3964 et

162 3993 287 4061 lacobus
301 4018 337 4060 ao
346 3994 471 4080 Moyses
486 3997 620 4060 similiter
634 3997 664 4060 in
680 3997 836 4061 solitudine
853 3995 1096 4076 sacriliearerint,
1116 4011 1204 4084 negat
1216 3999 1308 4065 Ebio-

162 4099 271 4173 nitase
287 4098 345 4163 illis
360 4100 493 4175 eredere,
517 4109 564 4177 et,
588 4098 655 4182 quid
671 4119 735 4162 mea
753 4100 862 4174 relert,
880 4096 1023 4180 inquiunt,
1048 4101 1095 4163 ubi
1112 4103 1202 4165 semel
1217 4124 1307 4167 evan·

161 4202 269 4285 gellam
287 4202 405 4264 allatum
422 4212 483 4279 est,
507 4221 582 4284 quae
604 4201 633 4262 in
656 4201 722 4283 lege
744 4202 931 4263 eontinentur
951 4201 1111 4267 evolvere?
1154 4201 1305 4270 Undeunm

161 4302 252 4389 igitur
265 4314 349 4367 tenes
368 4323 443 4386 quaa
461 4302 497 4366 ad
513 4299 641 4386 Moysen
653 4303 887 4386 Abraamomqne
903 4305 1068 4388 pertinent?
1090 4303 1171 4368 Novi
1191 4309 1268 4370 enim
1289 4330 1306 4371 a

161 4524 228 4575 rituti
239 4525 291 4577 oud.
301 4526 382 4586 lose,
399 4525 460 4576 unde
470 4537 498 4574 su
512 4526 596 4587 recepit
606 4525 723 4574 Pauotm.
759 4525 785 4575 ln
801 4525 855 4573 edit.
870 4527 945 4587 prino.
962 4531 983 4576 et
999 4528 1048 4577 eod.
1064 4527 1159 4592 ltlediq.
1175 4531 1266 4580 obsunt.
