3046 5084
189 362 249 422 534
610 370 730 422 εινοτι
748 369 920 421 αειειιιωιι

190 486 373 571 ἕρπετύδους
391 486 488 551 αύτιῖν
505 490 536 553 ἐκ
552 490 655 572 γε’νους
665 485 803 552 ’ύσπίδων
816 493 923 573 γονης,
953 484 1000 567 ἐφ’
1018 488 1123 575 ἐτέραν
1139 489 1239 557 πόλιν
1254 494 1353 575 δοῖμεν,

191 588 349 675 ύγαπητοὶ,
372 597 407 677 τῇ
429 588 503 677 αύτῇ
526 589 690 678 ἀκολουθίᾳ
711 596 763 671 τῆς
785 592 982 674 πραγματείας
990 596 1016 653 ².

70 863 177 919 ,ατο
409 838 584 905 ιιλελ
639 792 1179 925 λνειοαειιιοιι,1

477 951 625 1045 εἰκοστὴ,
652 950 676 1045 ἡ
701 956 760 1025 καὶ
786 952 1049 1051 τεοσαροικοστή.

59 1113 125 1181 Κεφ.
143 1112 175 1164 α’.
276 1099 467 1185 Ἀρχοντικῶν
482 1126 525 1176 τις
541 1104 651 1185 α’ίρεσις
667 1098 784 1174 τούτοις
797 1101 896 1165 ἕπεται
902 1150 910 1179 ,
934 1097 989 1165 ούκ
1007 1103 1039 1166 ἐν
1054 1108 1179 1179 πολλοῖς
1196 1104 1231 1169 δὲ
1249 1100 1352 1181 τόποις

191 1202 265 1284 αύτη
282 1208 431 1282 φαίνεται,
460 1201 481 1283 ἢ
497 1200 589 1284 μόνον
606 1206 638 1267 ἐν
653 1210 689 1291 τῇ
706 1206 909 1267 Παλαιστίνων
924 1204 1055 1290 ἐπαρχίᾳ.
1101 1202 1307 1291 Μετήνεγνιαν
1321 1206 1352 1271 δέ

193 1304 244 1369 τόν
261 1302 357 1368 αύτῶν
376 1302 421 1368 ἰόν
436 1302 494 1386 ἤδη
510 1330 569 1369 που
584 1306 634 1368 καὶ
649 1308 690 1380 εἰς
705 1302 759 1386 την
777 1302 902 1389 μεγάλην
914 1301 1082 1388 Ἀρμενίαν,
1105 1303 1182 1371 ύλλιὶ
1198 1310 1254 1373 καὶ
1271 1308 1351 1397 ἐντῇ

193 1414 283 1493 μικρᾷ
297 1405 433 1493 Ἀρμενία
454 1414 540 1471 τοῦτο
561 1404 594 1470 τό
611 1406 735 1483 ζιζάνιον
757 1405 814 1488 ἤδη
830 1408 968 1489 ἐσπαρται
984 1403 1044 1472 ύπιὶ
1060 1404 1176 1493 ύνδρός
1192 1436 1278 1485 τινος
1291 1412 1350 1475 ἐττε-

192 1508 376 1592 δημήσαντος
395 1516 430 1596 τῇ
449 1512 651 1572 Παλαιστίνων
674 1517 711 1597 γῇ
734 1506 793 1573 ύπό
809 1505 975 1593 Ἀρμενίας,
1005 1511 1038 1574 ἐν
1053 1509 1175 1595 χρόνοις
1193 1518 1349 1579 Κωνσταν·

193 1616 272 1688 τίον,
302 1613 367 1693 περὶ
390 1608 443 1691 τὴν
460 1608 553 1675 αύτοῦ
567 1609 715 1692 τελευτὴν,
746 1608 904 1676 Εύτύκτου
921 1608 1059 1692 όνύματι,
1087 1620 1203 1695 μᾶλλον
1220 1616 1256 1681 δέ
1271 1614 1351 1681 ’Ard-

194 1740 266 1777 κτον
287 1710 337 1776 τόν
358 1711 483 1796 τρόπον,
516 1715 566 1776 καὶ
588 1711 738 1794 μαθόντος
760 1712 815 1795 την
835 1716 1103 1779 κακοδιδασκαλίαν
1124 1714 1261 1799 ταύτην,
1294 1714 1353 1783 ελον

195 1813 410 1889 ἐπανελθόντος
431 1817 471 1888 εἰς
492 1814 528 1878 τοὶ
547 1818 640 1879 οἰκεῖα
656 1817 707 1878 καὶ
724 1814 906 1892 διδάξαντος.
950 1816 1103 1899 Μετέλαβε
1121 1816 1171 1897 δέ,
1206 1814 1250 1895 οἷς
1266 1820 1352 1903 ἐφην,

196 1922 227 1983 ἐν
247 1920 425 2005 Παλαιστίνῃ
442 1915 483 1991 ιός
501 1914 560 1982 ύπό
579 1915 702 1993 ύσπίδος
718 1917 763 1982 ίόν
781 1916 840 1983 ύπό
861 1920 977 2002 Πέτρου
994 1916 1074 1994 τινός
1088 1921 1253 2005 γέροντος,
1284 1918 1352 1987 ἄνει·

196 2025 264 2097 ξίως
280 2022 396 2103 Πέτρου
413 2022 610 2100 καλουμένου,
633 2018 667 2095 ὃς
682 2018 804 2108 κατῴκει
820 2022 851 2085 ἐν
866 2027 902 2109 τῇ
918 2026 970 2101 τῆς
982 2016 1263 2107 Ἐλευθεροπύλεως
1284 2024 1353 2089 ιιιινέ

191 2119 378 2207 Ἰερουσαλὴμ
395 2123 511 2209 ἐνορίρι,
534 2123 667 2186 ἐπέκεινα
684 2130 737 2203 τῆς
757 2119 881 2206 Χεβροὶν
897 2126 1028 2204 σημείοις
1044 2126 1135 2209 τρισί·
1162 2130 1354 2213 ’Καφαρβσ-

197 2223 261 2309 ριχοὶ
278 2221 331 2305 τήν
347 2222 451 2305 κόμην
465 2231 610 2289 καλοῦσιν.
658 2218 753 2299 Ούτος
768 2222 786 2288 ό
802 2226 894 2309 γέρων
910 2223 952 2289 τοὶ
963 2230 1068 2310 πρῶτα
1081 2227 1198 2309 ἐνδνμα
1214 2224 1295 2313 εἶχεν
1309 2230 1352 2295 ἐν·

196 2336 341 2408 πληκτον,
371 2324 552 2412 ύποκρίσεως
574 2330 671 2410 γέμον.
705 2326 841 2404 Ἔξωθεν
863 2327 915 2409 μέν
930 2324 985 2412 γδρ
1004 2324 1128 2410 ἀληθῶς
1144 2326 1265 2397 κνίδιον
1281 2356 1352 2417 προ·

197 2432 290 2516 βύτου
312 2430 471 2513 ἠμφίεστο,
501 2426 633 2513 ἠγνοεῖτο
658 2430 689 2494 δὲ
706 2432 832 2494 ἐνδοθεν
851 2427 939 2505 λύκος
955 2426 1096 2515 ύπύρχων
1115 2428 1228 2517 ἅρπαξ.
1270 2432 1352 2501 'An-

197 2533 328 2619 χωρητιὶς
347 2531 403 2618 γοὶρ
422 2530 518 2596 ἐδόκει
536 2528 625 2610 είνατ,
654 2534 686 2597 ἐν
705 2536 836 2621 σπηλαίῳ
855 2533 913 2596 τινὶ
927 2530 1141 2615 καθεζόμενος,
1172 2532 1212 2611 λὶς
1225 2534 1354 2613 πολλούς

198 2642 291 2719 ιὶῖγθεν
307 2635 469 2719 συνήγαγεν
485 2637 527 2708 είς
543 2631 698 2710 ύπόταξιν·
728 2636 778 2698 καὶ
796 2632 892 2718 πατὴρ
909 2638 1003 2716 δῆθεν
1020 2632 1071 2699 διαὶ
1091 2660 1123 2699 τε
1137 2633 1171 2701 τό
1188 2644 1292 2723 γῆρας
1304 2640 1352 2705 πὶ

198 2738 231 2804 τύ
246 2746 341 2821 σχῆμα
356 2740 498 2815 ἐκαλεῖτο,
521 2734 557 2799 τοί
572 2762 602 2799 τε.
617 2734 710 2801 αύτοῦ
725 2733 892 2821 ύπύρχοντα
904 2744 1030 2819 πτωχοῖς
1045 2738 1190 2821 διένειμε,
1212 2742 1268 2807 καὶ
1285 2738 1353 2807 καθ’

200 2839 313 2925 ἡμέραν
331 2837 525 2920 ἐλεημοσύνας
540 2840 639 2902 ἐποίει.
681 2836 729 2901 Ἐν
747 2839 778 2902 δὲ
792 2847 827 2928 τῇ
844 2837 947 2927 προύτη
964 2836 1062 2927 ἡλικίη
1076 2836 1171 2905 αύτοῦ
1185 2842 1222 2907 ἐν
1235 2850 1355 2923 πολλαῖς

199 2944 344 3025 αι’ρέσεσιν
362 2939 522 3023 ἐξητάσθη·
556 2942 604 3005 ἐπὶ
623 2939 734 3005 Ἀετίου
756 2942 788 3006 δὲ
809 2948 862 3005 τοῦ
879 2939 1043 3006 ἐπισκόπου
1061 2946 1286 3029 κατηγορηθεὶς
1304 2946 1355 3013 nl

200 3045 344 3131 ἐλεγχθεὶς
365 3041 429 3107 τότε
450 3041 504 3123 τὴν
526 3050 584 3107 τοῖν
601 3050 775 3108 Γνωστικοὶν
792 3042 898 3125 μετιοὶν
914 3046 1026 3129 αἵρεσιν
1040 3046 1208 3133 καθηρέθη
1226 3044 1288 3115 &aa
1302 3054 1355 3115 τοῦ

200 3150 418 3231 πρεσβυτερίου.
457 3137 512 3209 Ἦν
536 3143 591 3231 γιὶρ
615 3150 808 3221 κατασταθείς
830 3170 901 3210 ποτε
925 3144 1122 3233 πρεσβύτερος
1146 3154 1230 3215 ’τοῦ
1251 3148 1354 3217 τόπου.

200 3248 288 3315 Μετιὶ
305 3250 336 3313 δὲ
352 3245 403 3312 τόν
416 3249 530 3332 ἐλεγχον
544 3246 603 3313 ύπό
616 3247 728 3313 Ἀετίου
744 3246 889 3332 ἐδιώχθη,
910 3250 962 3313 καὶ
977 3244 1120 3315 νίπελθοὶν
1132 3250 1309 3341 κατῴκησεν
1323 3254 1355 3321 ἐν

200 3361 235 3441 τῇ
252 3352 376 3439 Ἀραβίηι
398 3353 429 3414 ἐν
448 3348 593 3439 Κωχόβη,
625 3354 702 3415 ἐνθα
723 3354 756 3415 αἱ
772 3358 831 3416 τῶν
846 3347 1028 3434 Ἐβιωναίων
1046 3376 1077 3417 τε
1096 3353 1150 3418 καὶ
1167 3360 1355 3443 Ναξοριίιτ

201 3459 277 3535 ῥίζαι
298 3453 469 3538 ἐνήρξαντο,
504 3449 545 3528 εὶς
564 3455 615 3518 καὶ
636 3456 668 3519 ἐν
686 3462 805 3529 πολλοῖς
823 3454 949 3540 αίρέσεσι
969 3456 1038 3540 περὶ
1057 3462 1113 3520 τοῦ
1126 3454 1228 3523 τόπου
1246 3458 1354 3527 τούτου

202 3556 341 3638 ἐσήμανα.
374 3556 517 3641 Ὕστερον
532 3556 564 3620 δὲ
576 3553 616 3632 οῖς
631 3558 847 3641 σωφρονισθείς
860 3554 937 3642 πρός
948 3555 982 3622 τό
994 3564 1087 3643 γῆρας
1098 3554 1192 3631 πόλιν
1204 3562 1355 3647 ἐπανῆλθε

203 3662 302 3742 φέρων
317 3661 410 3746 ἐαυτῷ
423 3657 530 3741 ταύτην
544 3656 597 3741 την
612 3661 741 3741 ίοβολίαν
754 3658 904 3745 κρύβδην,
925 3661 977 3725 καὶ
991 3658 1073 3747 παριὶ
1087 3668 1181 3729 πᾶσιν
1194 3659 1353 3751 ἆγνοούμ-

204 3788 271 3839 νος,
302 3764 357 3836 ἕως
379 3760 426 3826 ὅτε
449 3764 489 3837 είς
510 3763 629 3843 ἐσχατον
650 3759 702 3842 ἐφ’
724 3754 766 3827 οὶν
786 3764 828 3837 είς
848 3754 909 3827 οὶτό
930 3788 1017 3829 τινων
1034 3762 1197 3851 ἐψιθύρισε
1213 3764 1355 3853 δημότιν

204 3866 348 3950 ἐλεγχθεὶς
361 3870 492 3939 τοιοῦτος
505 3862 557 3945 ύφ’
570 3862 653 3947 ἡμῶν
665 3862 886 3947 ύνεθεματίσθη
898 3866 949 3929 καὶ
962 3864 1128 3953 ἐλὴλεγκται
1140 3866 1193 3935 διιὶ
1203 3874 1260 3955 τῆς
1271 3866 1355 3955 ἧμόν

204 3970 391 4052 βραχύτητος.
424 3968 484 4029 Καὶ
499 3969 638 4033 ἐκάθισεν
654 3970 686 4033 ἐν
700 3974 740 4055 τῷ
754 3972 886 4055 σπηλαίῳ
900 3966 1005 4034 λοιπόν
1018 3972 1196 4055 βδελυχθεὶς
1207 3968 1271 4039 εὶπεὶ
1283 3974 1354 4041 ab

84 4098 135 4143 pag.
147 4087 191 4130 νον.
205 4097 279 4150 των,
311 4072 361 4135 καὶ
383 4072 530 4152 μονωθεὶς
550 4067 609 4134 ύπό
632 4077 684 4152 της
701 4066 898 4153 ύδελφότητος
917 4072 966 4136 καὶ
989 4068 1049 4138 νίπό
1066 4076 1212 4141 πλείστων
1224 4082 1290 4143 τοῖν
1304 4082 1355 4161 τῆς

205 4180 280 4255 ζωῆς
301 4175 412 4237 ἕαυτοῖν
432 4174 672 4255 ἐπιμελουμένων.
718 4171 802 4258 Πρός
823 4181 928 4240 τοῦτον
947 4172 1001 4241 τόν
1016 4176 1141 4261 γέροντα
1154 4174 1354 4265 mquid

205 4277 415 4361 προειρημένος
435 4274 604 4354 Εύτακτος,
634 4278 692 4360 είγε
713 4272 881 4356 Εύτακτος,
911 4274 972 4343 α’πό
991 4284 1045 4362 τῆς
1063 4278 1225 4365 Αἰγύπτου
1245 4278 1353 4371 δινριό·

239 4466 263 4515 ¹).
277 4468 418 4530 Subscriprio
428 4470 528 4517 haeresis
536 4480 566 4517 επ
574 4469 624 4517 ωδ.
634 4470 706 4517 Vnt-ic.
718 4482 762 4518 οτι·
794 4472 919 4519 Patavium
934 4474 1033 4521 τεεαλιιε.

206 4540 286 4585 notam
302 4542 334 4584 ττι
350 4534 446 4587 ΚΑΤΑ
464 4534 665 4587 ΣΗΘΙΑΝΩΝ.
826 4540 851 4587 2.
864 4537 909 4591 καὶ
921 4536 1065 4609 φαρβαμιχέ
1078 4538 1139 4605 (m
1281 4540 1353 4609 2,ss

242 4603 299 4655 cn.
310 4605 329 4653 1.
343 4632 376 4642 -
394 4606 416 4654 1.
428 4601 472 4655 καλ
484 4605 568 4653 addidi
579 4606 608 4654 de
621 4608 761 4668 coniectura,
792 4608 818 4657 ιἰι
828 4620 905 4671 ποτα.
918 4608 955 4657 κδ.
967 4610 1062 4677 mv.)
1074 4604 1124 4677 πλε
1135 4606 1232 4679 udum
1307 4612 1353 4663 Υι-
