3046 5084
385 340 520 392 eamean
536 341 598 393 bib.
614 342 634 393 l·
651 343 733 395 ΤΟΜ.
748 343 779 397 ll.
796 342 896 394 nunu.
912 342 1019 394 xxvii.
1215 335 1275 396 215

129 458 310 546 explicabilis
331 459 428 523 virtus
449 457 572 521 aliorum
595 460 766 543 ugelerom
789 480 877 525 causa
899 460 969 540 luit,
1002 463 1052 525 vel
1073 465 1100 525 ei
1122 464 1274 528 tribuenda

129 561 189 625 erit
201 560 368 645 ignorantia
384 559 432 642 qui
449 557 489 621 sit
502 557 706 623 uniuersorum
722 579 846 643 parens,
870 562 945 643 qnod
959 562 1079 645 ignarus
1095 584 1194 628 eorum
1213 569 1274 630 lue·

126 661 166 727 rit
181 683 255 746 quae
270 661 358 725 iidem
374 660 415 723 illi
431 679 505 742 quos
524 657 696 742 designabat
710 658 841 724 effecturi
857 672 942 723 erant
957 662 1066 745 angeli,
1089 684 1183 748 neque
1196 667 1273 730 istud

125 763 264 842 sciverit,
287 762 491 827 subtracturus
508 779 542 823 se
559 758 596 822 ab
614 758 678 825 eius
692 769 854 845 potestate,
878 781 970 845 esque
986 783 1060 846 quae
1076 764 1193 827 minime
1214 769 1273 830 vel·

125 865 167 929 let
182 863 337 948 aliquando
353 881 420 925 esse
438 861 585 924 lecturosc
609 861 658 924 vel
674 862 717 925 sic
732 861 797 925 illos
813 882 986 947 procreasse
1002 863 1139 929 dicendus
1157 877 1219 944 est,
1244 878 1275 931 ut

125 966 202 1050 quod
217 963 281 1027 lieri
296 962 388 1026 nollet
403 963 533 1026 iacturas
546 982 613 1026 esse
628 973 833 1047 cognosceret,
853 964 927 1047 qnod
941 964 978 1027 iis
992 964 1160 1031 auctoribus
1173 978 1274 1052 postea

125 1068 166 1131 sit
186 1074 337 1142 secutum,
367 1073 455 1148 atque
475 1062 531 1126 boo
547 1063 634 1128 modo
651 1063 788 1148 quicquid
805 1065 869 1128 ausi
885 1064 934 1128 isti
952 1065 1078 1146 luerint,
1111 1067 1166 1131 boc
1180 1068 1228 1133 ille
1245 1079 1275 1132 et

125 1165 249 1232 scientia
264 1166 326 1250 ipsa
341 1175 372 1229 et
383 1163 578 1229 memoriane
594 1186 629 1230 ac
642 1166 793 1230 uoluntate
807 1167 941 1251 perfecit.
984 1164 1079 1252 lgitur
1092 1168 1136 1247 si,
1160 1181 1191 1233 nt
1206 1181 1273 1234 ante

126 1269 235 1332 dictum
257 1277 319 1345 est,
348 1286 383 1331 ea
402 1276 503 1329 nosset
519 1286 594 1349 quse
613 1267 718 1331 lecturi
735 1279 820 1332 erent
837 1269 952 1352 angeli,
984 1289 1078 1353 aeque
1096 1281 1192 1334 tamen
1209 1273 1272 1335 lieri

126 1369 232 1446 vellet,
257 1389 309 1431 cur
321 1387 373 1431 eos
387 1367 435 1452 qui
449 1368 478 1430 id
495 1367 610 1453 egerint
624 1368 764 1453 produxit
778 1391 915 1454 unquam,
942 1380 973 1433 ut
988 1391 1062 1453 quae
1078 1372 1168 1435 nollet
1182 1374 1272 1436 unde·

126 1481 193 1535 rent
209 1470 360 1553 aliquando
376 1470 493 1533 iaceret
536 1467 592 1535 Sin
607 1470 729 1555 angelos
747 1471 808 1555 ipse
826 1471 972 1551 condidit,
996 1492 1048 1535 sua
1066 1483 1098 1536 nt
1116 1473 1163 1536 illa
1181 1495 1271 1558 opera

126 1580 319 1658 praestarent,
341 1570 404 1635 deri
418 1570 506 1654 igitur
523 1591 557 1634 ea
573 1593 631 1634 non
645 1571 749 1652 noluit,
773 1595 837 1636 cum
854 1573 921 1636 ideo
937 1584 1072 1637 auctores
1085 1575 1200 1638 illorum
1219 1598 1271 1638 au·

125 1674 208 1758 gelos
223 1672 489 1757 anteproduxerit.
535 1668 621 1753 Quod
640 1673 665 1735 si
681 1674 716 1736 ad
732 1674 833 1737 eudem
847 1675 896 1738 illa
913 1675 1044 1738 iacienda
1062 1676 1217 1761 produxit,
1240 1689 1271 1740 et

125 1797 159 1840 ea
181 1785 278 1839 umen
296 1794 369 1858 quoe
393 1775 470 1838 locta
490 1782 559 1836 sunt
579 1772 747 1852 interdixit,
777 1775 928 1839 enimvero
946 1777 1090 1840 calumnia
1109 1798 1144 1841 sc
1161 1778 1270 1842 malitis

125 1875 264 1960 quaedum
282 1874 462 1938 intercessit.
508 1870 543 1938 Si
561 1892 633 1936 vero
651 1873 755 1938 illiont
771 1877 918 1939 efficerent
932 1878 1078 1961 permisit,
1111 1901 1270 1963 quaerero

122 1977 239 2042 suntab
256 1976 295 2040 iis
310 1978 432 2054 effecta,
456 1974 590 2038 homiues
605 1973 741 2037 uidelicet
757 1987 786 2038 et
802 1977 926 2054 animas,
949 1989 1065 2062 praeter
1080 1981 1202 2044 istorum
1217 2004 1270 2044 vo-

122 2080 261 2143 luntatem
282 2078 318 2142 ad
336 2098 404 2140 sese
424 2095 588 2160 aggregare
608 2074 722 2152 studet,
752 2075 807 2139 boc
824 2076 937 2139 demum
955 2079 1023 2141 nibil
1045 2080 1102 2142 erit
1117 2081 1193 2143 alind
1214 2084 1268 2144 uisi

123 2181 266 2266 cupiditas
281 2178 421 2263 quaedam
435 2177 598 2241 alienorum
611 2187 763 2261 appetens,
787 2199 852 2241 cnm
866 2177 997 2241 homines
1011 2179 1046 2241 ab
1063 2181 1173 2264 angelis
1188 2184 1270 2245 efficti

122 2282 225 2347 iisdem
242 2281 315 2367 ipsis
332 2279 432 2343 invitis
449 2300 466 2342 a
482 2299 619 2364 supremo
635 2279 684 2342 illo
701 2278 882 2343 dominatore
900 2280 1061 2363 rapiuntur.
1107 2280 1169 2345 lmo
1185 2283 1271 2346 etiam

122 2380 330 2447 imbecillitatis
353 2380 429 2443 istud
451 2381 524 2458 erit,
557 2401 622 2444 cum
640 2380 703 2466 ipse
721 2379 778 2444 sibi
797 2380 891 2443 moliri
910 2392 1033 2464 nequeat
1055 2404 1129 2466 quac
1146 2395 1215 2447 suut
1235 2386 1271 2447 ab

122 2484 160 2549 iio
177 2486 255 2548 lacto
272 2502 393 2566 quornm
414 2492 459 2545 est
475 2491 579 2546 auctor
594 2502 648 2568 per
664 2482 721 2547 vim
738 2503 774 2546 ac
792 2481 960 2546 violentiam
979 2485 1107 2546 auferre.
1152 2481 1219 2566 Quo
1243 2488 1272 2548 lit

124 2596 156 2650 nt
176 2587 213 2651 ad
237 2585 324 2649 inane
349 2596 543 2647 commentum
565 2605 600 2647 ac
623 2583 748 2647 fabulam
771 2595 832 2647 tots
854 2584 968 2647 illorum
993 2586 1123 2649 doctrina
1147 2587 1269 2665 recidat,

124 2708 199 2772 quae
214 2687 269 2750 boe
285 2695 417 2766 asserat3
441 2685 556 2749 tametsi
572 2686 686 2749 infimae
701 2685 826 2749 virtutes
841 2687 1034 2750 mediocribus
1050 2687 1230 2768 subiaceant,
1255 2712 1272 2750 a

124 2789 318 2854 mediocribus
335 2799 451 2867 tamen,
474 2808 548 2871 quac
565 2787 679 2850 illarum
696 2808 820 2852 caussae
834 2798 919 2867 suut,
941 2810 1052 2874 poenas
1068 2790 1184 2875 expeti,
1207 2790 1271 2853 iub-

125 2911 245 2973 masqoe
265 2889 460 2953 mediocribus
480 2887 626 2974 superatis
646 2890 682 2953 od
701 2910 867 2974 supremum
889 2892 1017 2954 omnium
1034 2903 1182 2957 auctorem
1201 2915 1272 2956 evo·

125 2993 201 3070 lare,
224 3011 259 3055 ao
273 2991 435 3055 libertatem
448 2991 601 3075 consequi,
624 2991 680 3054 boc
694 3003 742 3055 est
755 2991 866 3055 animas
880 3013 954 3075 quae
971 2993 1000 3055 in
1017 2993 1071 3057 bac
1087 3015 1184 3058 rerum
1202 3016 1271 3057 con·

125 3093 250 3159 diturum
263 3092 454 3158 universitate
468 3094 668 3156 continentur.
701 3090 897 3175 Quamobrem
912 3115 1064 3178 supremus
1077 3096 1138 3176 ille,
1157 3096 1206 3179 qni
1220 3116 1271 3157 eas

125 3215 230 3260 creare
246 3195 427 3281 neqniverit,
451 3194 655 3258 imbecillitatis
668 3206 817 3278 arguetur.
863 3192 946 3277 Quos
960 3196 1023 3280 ipse
1038 3217 1111 3260 uero
1126 3198 1272 3282 produxe-

122 3297 180 3379 rit,
210 3296 353 3361 einsmcdi
370 3318 437 3362 esse
451 3296 626 3361 videbuntur
640 3296 689 3381 qui
706 3317 742 3360 ea
758 3299 856 3362 lacere
873 3298 987 3383 possint
1003 3320 1075 3383 quae
1092 3299 1140 3361 uel
1155 3298 1202 3361 ille
1219 3318 1271 3359 no-

123 3400 229 3480 luerit,
259 3401 311 3464 vel
332 3409 363 3463 ut
383 3399 512 3463 maxime
529 3399 634 3479 vellet,
666 3401 765 3463 lacere
783 3399 862 3462 nnllc
880 3400 966 3463 modo
984 3399 1121 3485 potuerit.
1166 3396 1272 3482 Neque

124 3502 202 3567 enim
219 3523 341 3587 qnorum
358 3501 408 3565 ille
424 3501 571 3565 desiderio
586 3510 720 3581 tenetur,
750 3521 785 3564 ea
803 3501 858 3586 ipsi
876 3503 952 3565 mala
969 3522 1035 3566 esse
1053 3511 1193 3585 possunt,
1225 3503 1273 3565 vel

124 3604 240 3669 amalis
257 3605 407 3690 products.
451 3600 530 3668 Nam
547 3601 572 3666 si
587 3604 662 3667 mala
678 3614 762 3682 sunt,
786 3603 883 3688 perire
903 3604 1030 3665 funditus
1048 3603 1184 3685 oportuit.
1217 3602 1271 3669 Sin

124 3726 192 3792 pare
210 3716 257 3771 est
275 3707 373 3792 operis
388 3705 485 3790 eliqua
503 3707 665 3785 seruanda,
695 3706 801 3769 malum
818 3706 912 3790 ipsum
935 3724 1002 3768 esse
1025 3725 1082 3766 acu
1102 3715 1215 3789 potest,
1245 3707 1271 3769 si

124 3809 174 3873 vel
188 3808 254 3873 eins
269 3808 328 3872 nlla
347 3829 413 3894 pars
430 3808 512 3872 salva
529 3808 689 3892 reperitur,
721 3829 817 3892 oeque
834 3808 950 3892 ipsimet
965 3805 1091 3870 artifices
1107 3808 1172 3873 mali
1189 3818 1269 3886 sunt,

124 3910 174 3996 qni
189 3931 256 3975 enon
272 3910 321 3995 qni
336 3910 500 3974 servandus
512 3920 559 3974 est
573 3910 705 3975 fabricati
719 3911 837 3973 luerint.
882 3906 944 3972 lam
960 3908 985 3972 si
1002 3908 1038 3972 ab
1053 3909 1164 3994 angelis
1180 3911 1271 3974 omni·

124 4034 164 4077 nc
182 4024 342 4099 propagato
357 4012 397 4075 sit
415 4011 527 4091 anima,
550 4022 636 4097 atque
653 4013 682 4075 in
700 4013 792 4076 lucem
814 4011 954 4095 producta
969 4011 1027 4074 vim
1045 4013 1186 4096 quandam
1204 4032 1272 4075 coc-

124 4115 193 4181 litns
210 4114 375 4200 acceperit,
402 4113 493 4177 multo
515 4113 605 4199 igitur
621 4113 715 4198 magis
732 4113 856 4177 salutem
873 4113 1044 4177 obtinebunt
1062 4115 1175 4199 angeli,
1206 4136 1270 4177 eum

125 4217 162 4283 ab
175 4217 248 4302 ipsis
262 4217 358 4281 animo
373 4217 459 4280 ctiam
475 4217 558 4280 malis
573 4224 727 4302 procreata
740 4227 886 4279 servetur.
920 4213 1055 4301 Denique
1070 4219 1094 4280 si
1109 4218 1191 4280 salvo
1204 4238 1271 4280 esse

127 4320 219 4403 poenit
235 4319 349 4400 anima,
379 4339 475 4403 neque
492 4318 555 4404 ipsa
571 4318 646 4382 mala
665 4317 771 4382 critob
790 4319 901 4404 angelis
921 4321 1077 4405 producta,
1108 4341 1202 4404 neque
1221 4342 1271 4383 an-

129 4420 206 4504 geli,
227 4443 247 4485 o
268 4421 372 4507 quibus
394 4422 466 4485 baec
487 4430 582 4483 ortum
606 4419 749 4485 babuerit.

213 4524 445 4611 Aequicumque
462 4524 545 4589 lirmu
563 4535 594 4589 et
612 4525 756 4589 constanti
776 4525 892 4610 ingenio
913 4524 1061 4610 praeditus
1081 4536 1142 4603 est,
1166 4524 1272 4588 intelli·
1293 4532 1425 4600 captur.
