3046 5084
191 304 252 365 496
615 313 735 364 εοαοτι
752 312 920 362 τυινιιιαυ

192 458 301 517 γονται,
325 427 365 505 τίς
380 429 439 495 άπδ
456 438 507 513 τῆς
521 431 736 516 προειρημένης
750 427 889 512 βρώσεως
903 434 955 509 τῆς
971 430 1132 509 δυςοδμίας
1146 429 1351 511 ἐμπεπλησμέ-

193 560 255 609 νοι,
279 535 328 597 καὶ
344 530 384 607 ιδς
398 531 467 597 κενά
486 531 624 614 δαιμόνια
641 529 842 613 άπατηθένιες
857 522 942 595 οὗτοι
954 528 1005 595 τόν
1021 528 1110 611 ὅφιν,
1134 528 1176 606 οἷς
1190 540 1351 615 προεῖπον,

193 633 354 712 δοξάζουσι.
401 638 461 699 Καὶ
475 634 531 717 ὅρα
545 638 587 710 εἷς
601 634 675 715 όσην
692 635 806 718 προέβη
822 638 1041 715 κακομηχανίαν
1057 629 1076 698 δ
1091 630 1221 709 τούτους
1235 630 1350 716 άπατή·

193 762 246 814 σας
269 736 348 819 όφις.
394 735 540 822 Καθάπερ
563 735 619 822 γάρ
639 739 668 813 ἐξ
686 733 820 817 ὑπαρχῆς
835 732 907 811 τοῦς
925 736 992 818 περὶ
1010 733 1098 799 Εὔαν
1114 737 1167 800 καί
1182 734 1239 801 τόν
1257 734 1351 819 Ἀδάμ

191 839 357 923 ἠπάτησεν,
381 838 459 904 οῦτω
476 842 527 903 καὶ
544 845 598 903 νῦν
615 837 754 918 κρύπτων
771 835 877 902 ἑαυτόν
894 840 926 902 ἔν
943 864 973 902 τε
988 842 1028 925 τῷ
1045 834 1169 922 παρόντι
1188 840 1243 903 καί
1260 841 1295 903 ἐν
1311 843 1352 927 τῷ

190 942 285 1030 χρόνῳ
301 947 361 1006 των
374 940 526 1006 Ἰουδαίων
540 941 605 1025 άχρι
620 946 672 1023 τῆς
686 946 738 1004 τοῦ
755 946 887 1024 Χριστοῦ
901 944 1072 1024 παρουσίας.
1116 936 1197 1005 Είτα
1210 943 1265 1006 καί
1279 966 1352 1025 πρυ-

192 1044 354 1126 βαινόντων
370 1049 428 1108 των
444 1042 558 1127 χρόνων
573 1047 688 1125 λίχνους
704 1040 791 1117 ὄντας
809 1041 880 1118 τοῦς
895 1041 1078 1127 άνθραίπους
1095 1050 1131 1130 τῇ
1149 1040 1187 1107 δι’
1205 1040 1304 1109 αῦτοῦ
1318 1044 1353 1109 ἔτι

192 1155 243 1229 τῆς
261 1154 415 1229 παρακοῆς
431 1150 579 1233 ληφθείση
599 1144 705 1229 βρώσει
727 1148 770 1209 ἔτι
785 1143 985 1211 ῦπονοθεῦων
1006 1146 1057 1209 καί
1076 1147 1218 1227 ἐρεθίζων
1241 1148 1285 1221 είς
1301 1170 1352 1210 πε-

193 1251 362 1333 ρισσοτέραν
378 1246 493 1329 α’τιάτην
509 1245 567 1311 άπδ
584 1254 636 1312 τοῦ
651 1246 735 1321 ὄντος
748 1254 824 1313 θεοῦ
839 1245 991 1330 α’φίστησι,
1014 1245 1105 1311 πολλά
1120 1247 1173 1329 μὲν
1190 1244 1354 1331 ὑπισχνοῦ

194 1377 281 1433 μενος
298 1347 357 1427 dei,
381 1346 422 1425 τίς
437 1352 487 1414 καὶ
504 1352 532 1425 ἐξ
549 1347 646 1433 ἀρχῆς.
691 1353 751 1414 Καὶ
768 1348 822 1435 γάρ
839 1352 889 1413 καὶ
904 1348 968 1415 τότε
982 1346 1123 1431 ἠπάτησε,
1144 1351 1251 1435 λέγων,
1264 1348 1352 1415 ''Ecs-

193 1464 248 1516 σθε
272 1450 311 1527 τίς
329 1456 407 1516 θεοί·
438 1449 498 1515 εἶτα
516 1450 681 1534 προϊόντων
703 1458 759 1516 τῶν
778 1451 891 1536 χρόνων
911 1451 965 1533 τὴν
982 1450 1179 1536 πολύμορφον
1196 1454 1251 1518 καί
1267 1478 1353 1537 τερα-

193 1556 272 1637 τώδη
290 1558 454 1634 φαντασίαν
472 1551 573 1628 αὐτοῖς
590 1553 782 1638 ἐξειργάσατο.
826 1552 898 1620 Ἀπδ
916 1553 972 1639 γάρ
991 1560 1042 1618 τοῦ
1057 1552 1123 1630 ἑνός
1140 1556 1191 1620 καὶ
1210 1562 1265 1621 τοῦ
1282 1552 1352 1639 άλη·

193 1664 283 1721 θινοῦ
297 1663 373 1720 θεοῦ
389 1654 555 1737 άποστήσας
573 1654 681 1731 αὐτοῦς
696 1660 861 1738 ἕνεκίσσησε
876 1656 964 1721 πάλαι
978 1656 1030 1740 τὴν
1045 1664 1099 1739 τῆς
1112 1660 1355 1743 είδωλολατρείας

195 1762 246 1825 καὶ
260 1764 423 1833 πολυθεΐας
439 1758 613 1841 βλάσφημον
626 1764 821 1839 κενοφωνίαν.
869 1757 1017 1824 Οὐδέποτε
1031 1758 1086 1845 γάρ
1101 1751 1178 1842 ἦσαν
1190 1762 1273 1841 θεοί,
1297 1758 1354 1837 ῦς·

194 1889 247 1947 περ
264 1860 334 1926 οῦδὲ
349 1864 430 1937 εἰσιν,
454 1858 524 1924 άλλά
541 1858 559 1925 ό
572 1859 652 1936 θεός.
700 1865 865 1945 Προεκίσσα
881 1862 913 1927 δὲ
929 1860 981 1944 τήν
997 1864 1211 1944 είδωλομανίαν
1228 1864 1283 1929 καί
1297 1888 1354 1929 πο-

193 1970 316 2029 λυθεΐαν
334 1968 385 2028 καί
403 1960 554 2045 α’πατηλήν
570 1963 718 2028 διάνοιαν·
741 1962 796 2028 οῦκ
816 1957 851 2046 ἦν
868 1965 900 2029 δὲ
917 1968 1010 2040 αἴτιος
1025 1962 1149 2045 μόνοςό
1165 1963 1354 2049 φαινόμενος

193 2066 257 2131 τότε
275 2065 361 2147 όφις,
393 2062 463 2129 άλλά
482 2062 499 2130 ό
517 2069 547 2130 ἐν
563 2071 604 2153 τῷ
622 2064 690 2145 όφει
707 2064 778 2146 ὄφις
795 2065 935 2148 λαλήσας,
968 2068 1047 2148 φημί
1063 2066 1095 2131 δὲ
1112 2064 1270 2149 διάβολος,
1299 2070 1352 2135 καί

194 2168 247 2251 την
261 2167 355 2251 άκοῆν
370 2175 422 2233 τοῦ
438 2166 605 2251 άνθριάπου
619 2167 747 2252 ταράξας
762 2168 811 2233 διά
825 2177 876 2252 τῆς
893 2167 1041 2253 γυναικός.
1086 2170 1146 2233 Καὶ
1162 2164 1236 2235 οῦδὲ
1250 2166 1285 2235 τά
1302 2170 1352 2249 ξῦ-

194 2281 244 2335 λον
258 2264 295 2353 ἦν
309 2269 435 2354 ἁμαρτία
452 2269 536 2347 (θεὸς
551 2269 607 2355 γάρ
622 2268 707 2335 ου’δὲν
721 2270 853 2356 πονηρόν
868 2269 1014 2351 φυτεῦει)·
1031 2274 1138 2355 χνῦσιν
1150 2270 1184 2337 δὲ
1196 2272 1352 2355 ἐνεποίησε

195 2373 227 2437 ιδ
245 2372 331 2450 ξύλον
347 2380 400 2437 τοῦ
418 2373 526 2437 εἰδέναι
543 2369 660 2457 άγαθόν
678 2398 708 2437 τε
724 2375 776 2437 καί
792 2380 915 2453 φαῦλον.
961 2374 1022 2438 Καὶ
1039 2370 1103 2455 ου’χλ
1120 2372 1171 2439 διά
1189 2370 1224 2439 τό
1241 2376 1352 2441 είδίναι

195 2473 212 2540 ό
233 2474 380 2551 θάνατος,
411 2472 481 2539 άλλά
502 2473 552 2539 διά
574 2472 628 2556 την
648 2473 811 2562 παρακοήν.
857 2477 916 2540 Καί
938 2472 995 2561 γάρ
1016 2472 1038 2557 ἡ
1058 2480 1139 2539 πᾶσα
1160 2482 1215 2541 τοῦ
1237 2478 1352 2561 ίχθροῦ

196 2577 259 2642 τότε
276 2574 403 2658 συσκευὴ
422 2573 475 2658 οῦχ
491 2579 587 2641 ἕνεκεν
605 2582 656 2641 τοῦ
671 2576 827 2662 βρώματος
845 2579 977 2662 μέμονεν,
1007 2574 1065 2641 άλλ’
1081 2578 1179 2643 ἕνεκεν
1196 2582 1252 2644 τοῦ
1266 2576 1353 2665 ίργά·

196 2689 308 2744 σασθαι
330 2677 431 2753 αὐτοῖς
456 2676 509 2759 την
534 2677 696 2761 παρακοήν.
731 2678 829 2743 Ὅθεν
855 2678 1094 2764 παρακούσαντες
1121 2679 1187 2747 τότε
1215 2688 1273 2747 τοῦ
1299 2680 1353 2763 μίν

199 2785 388 2867 Παραδείσου
406 2783 516 2856 ἔξωθεν
537 2786 681 2865 γίνονται,
710 2784 930 2865 ἕπιτιμηθὲντες
948 2780 1134 2863 δικαιότατα,
1156 2780 1195 2848 οῦ
1209 2782 1288 2849 κατά
1305 2790 1350 2865 μῖ-

196 2907 257 2962 σος,
275 2881 344 2947 άλλά
360 2881 433 2947 κατά
448 2884 610 2965 ἐπιμέλειαν
623 2889 678 2948 τοῦ
695 2890 780 2949 θεοῦ.
828 2886 907 2967 Φησὶ
922 2882 978 2970 γάρ
994 2884 1070 2971 πρδς
1083 2882 1194 2963 αῦτοῦς
1206 2882 1225 2951 ό
1235 2884 1352 2973 κάρτος,

197 2994 240 3068 Γῆ
259 2982 300 3064 εί,
330 2988 380 3049 καὶ
399 2988 440 3060 είς
457 2993 512 3070 γῆν
528 2982 681 3074 άπελεόση.
716 2984 798 3052 Ἔδει
817 2985 872 3072 γάρ
892 2985 943 3052 τόν
960 2986 1053 3063 ὅντως
1071 2984 1143 3053 ῦντα
1160 2992 1294 3073 τεχνίτην
1306 3012 1353 3055 τε·

197 3091 312 3174 ραμέως
333 3091 419 3169 δίκην
437 3086 645 3170 ἐπιμελόμενον
666 3095 719 3153 τοῦ
739 3093 817 3155 ίδίου
839 3088 889 3154 διά
907 3097 1012 3176 χειρῶν
1031 3092 1238 3173 πεπλασμένον
1257 3088 1354 3158 αῦτοῦ

195 3189 364 3273 πλάσματός
380 3216 408 3253 τε
423 3192 473 3254 καὶ
490 3188 599 3275 άγγους
614 3197 701 3255 τοῦτο
719 3190 841 3276 ῦστερον
857 3195 889 3259 ἐν
904 3191 1082 3276 ίλαττάματι
1095 3190 1218 3279 γεγονός
1232 3192 1285 3259 διά
1299 3200 1354 3277 τῆς

74 3329 125 3372 pag.
139 3317 182 3360 αυτ.
198 3302 352 3377 παρακοῆς
373 3332 415 3343 -
437 3295 502 3369 καὶ,
533 3289 574 3366 τίς
587 3295 694 3372 εἰπεῖν,
717 3297 758 3359 ἔτι
775 3303 871 3378 πηλοῦ
887 3294 988 3374 ὄντος,
1010 3298 1061 3361 καί
1079 3292 1120 3371 τίς
1139 3292 1225 3361 ὃῦττδ
1242 3294 1354 3383 βιιχάδε

197 3394 404 3482 άπορρόματος
418 3393 571 3481 χεχονότος
588 3404 640 3460 τοῦ
659 3394 767 3481 άγγους
789 3436 828 3447 -
852 3396 892 3479 μὴ
910 3398 994 3464 ίάσαι
1009 3397 1115 3478 οῦτως,
1137 3395 1210 3463 άλλά
1225 3402 1352 3483 μεταβι-

196 3508 253 3563 λεῑν
269 3503 310 3575 εἰς
326 3497 358 3563 τό
378 3496 500 3583 άρχαῖον
516 3497 651 3581 φύραμα·
676 3502 726 3563 Ιἴνα
741 3492 833 3575 αὖθις
849 3503 881 3565 ἐν
895 3507 931 3589 τῇ
947 3506 1147 3589 παλιγγενεσίμ
1162 3498 1354 3593 άνασιιενάση

196 3602 229 3667 ιδ
248 3601 337 3686 άγγος
354 3604 385 3666 ἕν
400 3608 434 3690 τη
449 3599 601 3665 άνασιάσει
618 3603 659 3676 είς
672 3598 725 3683 την
742 3598 867 3685 α’ρχαίαν
882 3600 1074 3686 φαιδρότητα,
1095 3605 1148 3669 καί
1163 3604 1207 3669 ἔτι
1219 3600 1354 3689 περιττό-

197 3731 289 3788 τερον,
312 3707 441 3768 τουτέστι
456 3702 492 3769 τά
505 3702 626 3784 στόματα
643 3708 699 3767 τῶν
716 3702 751 3768 τά
768 3701 934 3770 άδιιιιότατα
952 3704 1128 3790 πραξάντων
1141 3707 1193 3771 καί
1210 3732 1354 3789 μετανοη-

197 3806 310 3871 σάντων
326 3809 376 3869 καὶ
390 3805 580 3871 ἀποστάντων
593 3814 652 3870 τῶν
666 3808 750 3871 ἰδίων
765 3808 943 3889 σφαλμάτων
956 3809 1008 3873 καί
1021 3810 1053 3873 ἐν
1065 3814 1101 3898 τῇ
1112 3806 1219 3893 χνεόσει
1232 3814 1289 3875 τοῦ
1301 3836 1354 3877 τιυ-

197 3914 263 3993 ρίου
286 3905 370 3989 ἡμῶν
386 3906 483 3990 Ἰησοῦ
499 3916 631 3989 Χριστοῦ
647 3911 874 3989 τελειωθέντων,
903 3914 953 3976 ἵνα
970 3912 1087 3995 χίνηται
1103 3918 1159 3975 τοῦ
1177 3908 1356 3997 φυράματος

198 4008 218 4092 ἡ
234 4007 392 4083 άνάσιασις
407 4014 439 4076 ἐκ
456 4018 507 4095 τῆς
523 4020 592 4097 γῆς,
615 4008 656 4087 οἷς
671 4009 795 4096 φύραμα
810 4014 958 4095 μαλαχθὲν
973 4010 1054 4097 παρά
1068 4016 1122 4077 τοῦ
1137 4016 1282 4096 τεχνίτου,
1302 4016 1355 4083 sd

199 4105 290 4187 αὖθις
312 4114 353 4187 εἰς
375 4111 428 4195 την
449 4112 572 4199 άρχαίαν
592 4117 643 4179 καί
664 4117 707 4180 ἔτι
727 4119 830 4197 βελτίω
851 4112 1040 4181 άνατῦπωσιν
1060 4122 1302 4209 κατασκευασθῇ.

231 4270 255 4317 5.
272 4272 308 4319 Ιιο
325 4274 422 4320 corrui.
459 4274 532 4332 τἀίρο
548 4274 610 4320 em'm
625 4278 689 4321 εαίοι
709 4267 757 4325 δτ-,δ
792 4272 836 4333 ια)
843 4308 852 4335 ,
869 4288 928 4323 sana
946 4278 968 4323 εί
982 4279 1040 4336 apta
1056 4276 1102 4323 ιίιιί
1115 4286 1228 4325 ενττιιτα.
1263 4276 1354 4327 θετι-

199 4332 298 4401 ῥαγοὶδα
315 4331 448 4403 α’πόρρνμα
464 4334 596 4403 γεγονότος
612 4346 678 4401 ται,
699 4355 759 4403 quae
789 4340 841 4391 ’τίυε
854 4344 880 4391 αι
892 4344 996 4391 υιτιίοιιτ
1005 4344 1092 4391 Latina
1104 4342 1163 4391 λιστα
1173 4344 1247 4393 vem
1259 4340 1306 4397 καὶ
1317 4336 1356 4403 ok

197 4419 277 4455 υιτιοτ
299 4413 323 4455 ιιι
344 4422 373 4456 αι
395 4406 438 4458 καί
458 4407 550 4467 quidem
567 4410 684 4467 μονίίοαία
705 4414 759 4460 ante
791 4406 868 4461 εἰπεῖν
883 4438 915 4447 -
928 4438 963 4447 -
975 4436 1009 4447 ·-
1022 4410 1066 4461 τοῦ
1081 4400 1176 4475 ἔγγαιος
1186 4412 1273 4461 unm
1304 4412 1354 4463 m

198 4466 332 4539 α’πόρρνμα
345 4477 429 4524 addita
440 4476 497 4537 (ρυο
508 4476 600 4535 quidem
611 4476 680 4523 modo
689 4479 758 4525 Ραα-
792 4474 829 4528 ἔτι
839 4476 921 4541 τηλοῦ
935 4471 1005 4537 ὄντος
1015 4478 1086 4541 facile
1096 4480 1242 4541 τερττιιτιίι
1255 4476 1294 4533 tu
1305 4494 1353 4545 πη-

197 4545 251 4593 ττυι
267 4545 409 4606 corruptelae
430 4558 477 4593 ιιιι
493 4544 633 4593 medendum
648 4548 759 4605 ηνίααίαε
790 4545 834 4597 λοῦ
851 4539 888 4599 ὄν.
