3046 5084
188 336 250 399 478
611 347 731 399 εεααει
748 347 915 398 εειεειιειιι

188 462 292 528 ύκτῖνα
307 472 361 546 τῆς
377 461 533 545 άληθείας,
556 462 598 540 όίς
615 488 646 548 γε
663 460 736 545 ἡμῖν
753 460 894 537 πολλάκις
909 461 983 527 κατά
998 461 1108 539 πλάτος
1122 466 1237 549 είρηται
1256 465 1290 529 ἐν
1305 471 1346 555 τῇ

188 564 265 648 πρός
286 567 412 647 ἑκάστην
433 569 544 650 αῖρεσιν
565 562 723 630 ύποθέσει·
755 561 795 640 ύς
813 562 972 641 ἐξάπαντος
989 572 1150 651 φωρᾶσδαι
1164 567 1217 631 καί
1234 572 1348 633 τοῦτον

189 665 320 753 α’γύρτην
336 670 386 732 καὶ
403 665 605 733 θανατοποιόν
623 666 769 743 ίσοτύπως
784 676 849 742 ταῖς
866 669 1092 753 προειρημέναις
1107 669 1277 745 ἐπιδείξεως
1291 666 1345 753 χά-

189 796 235 854 ριν
250 772 300 835 καί
318 774 483 856 περιεργίας
495 767 531 834 τά
548 767 655 855 μεγάλα
669 776 761 833 ταῦτα
777 766 962 833 καττύσαντά
975 794 1006 835 τε
1022 771 1073 836 καί
1087 767 1343 854 μηχανησάμενον.

37 998 104 1065 1420.
127 991 175 1061 κγ’,
280 973 485 1061 Παρελθόντες
506 975 539 1039 δὲ
559 975 609 1040 καὶ
626 972 679 1056 τὴν
698 971 805 1039 τούτου
822 979 1003 1061 μοχθηρίαν,
1035 976 1087 1039 καί
1102 981 1161 1040 τῶν
1176 971 1227 1039 (ἔπ’
1245 972 1346 1041 αύτσῦ

192 1082 384 1161 Μαρκωσίων
401 1078 579 1162 λεγομένων,
601 1078 650 1141 ἐπὶ
671 1073 724 1150 τάς
739 1077 805 1158 ἑξῆς
820 1075 1008 1159 σπεύσωμεν,
1030 1069 1268 1160 οόέπιπόδητοι,
1289 1074 1346 1155 τάς

189 1177 287 1244 αὐτῶν
304 1182 383 1263 ῥίζας
400 1177 488 1242 πάλιν
503 1175 726 1263 ύνερευνοῖντες,
757 1179 806 1242 καλ
824 1185 882 1243 τῶν
897 1185 1020 1263 καρπῶν
1036 1176 1133 1244 αύτῶν
1147 1176 1202 1262 τήν
1218 1182 1345 1265 πικρίαν

189 1280 392 1360 ἀφανίζοντες,
421 1278 475 1361 τήν
490 1305 520 1344 τε
538 1277 708 1362 άνατροπιίν
723 1282 774 1343 καί
789 1277 826 1344 τά
841 1277 904 1345 κατ’
920 1278 1029 1356 αύτούς
1045 1279 1141 1347 πάντα
1157 1280 1344 1347 ἐπιδεικνύν-

189 1408 249 1460 τες,
273 1381 328 1447 ούκ
344 1385 385 1458 εἰς
400 1381 514 1464 βλάβην
528 1388 587 1447 τῶν
604 1380 846 1467 ἐντυγχανόντων,
869 1379 939 1447 άλλά
954 1385 995 1459 είς
1009 1380 1192 1469 άποτροπῆν,
1214 1382 1295 1469 πρός
1307 1382 1344 1451 τό

190 1483 231 1567 μὴ
247 1483 405 1565 πλησιάσαι
419 1491 472 1571 μιᾷ
486 1490 545 1549 τῶν
561 1486 781 1567 προειρημένων
799 1487 951 1569 αἱρέσεων,
973 1483 1066 1568 ἢτοῖν
1082 1487 1247 1568 μετίπειτα,
1269 1483 1344 1553 άλλά

192 1586 371 1672 άναγνόντας
387 1584 423 1648 τά
438 1587 622 1671 γεγραμμένα
637 1583 705 1667 παρ’
723 1583 839 1665 αύιοῖς,
860 1587 912 1651 καί
929 1585 1053 1671 γνόντας
1069 1587 1105 1652 τά
1121 1585 1269 1676 ρῖδόμενα,
1290 1590 1342 1655 καί

192 1688 388 1774 καταγνόντας
404 1696 456 1771 τῆς
472 1686 595 1771 έκάστης
609 1686 706 1753 αύτοῖν
720 1686 833 1770 πλάνης
849 1690 944 1753 τεκαὶ
962 1688 1146 1775 ἓρπετύδοος
1160 1694 1340 1776 μοχθηρίας,

70 1822 120 1867 ρος.
133 1806 177 1851 ²58.
192 1789 373 1876 άποφεύγειν
389 1793 494 1867 τεκαὶ,
517 1787 558 1867 οῖς
574 1787 672 1869 εἶπον,
696 1789 736 1873 μη
750 1788 923 1873 πλησιάζειν.
967 1790 1093 1873 Διψάδα
1107 1789 1163 1878 γάρ
1179 1820 1248 1859 τινα
1264 1796 1343 1877 ῖχιδ-

188 1893 246 1959 νάν
267 1914 356 1974 φασιν
381 1896 413 1958 οῖ
433 1891 635 1979 ἱστορήσαντες
658 1895 705 1957 ίοῦ
725 1891 820 1974 λύμην
839 1890 956 1957 τοιάνδε
981 1896 1120 1975 ἐμποιεῖν.
1161 1891 1212 1961 Ἐν
1236 1894 1344 1973 τόποις

190 1995 245 2082 γάρ
262 2017 350 2073 τισιν,
381 1993 460 2059 όπου
476 1994 578 2061 πύελοι
593 1998 625 2061 ἐν
640 2004 705 2071 ταῖς
721 1997 839 2078 πέτραις
855 1992 875 2076 ἢ
889 1994 1008 2077 λιβάδες
1022 1997 1078 2061 είσί
1092 1998 1197 2082 μικραί
1210 1994 1273 2063 άπό
1290 2022 1342 2065 πι-

190 2106 268 2182 τροῖν
282 2095 414 2180 χεόμεναι
433 2099 475 2172 είς
491 2096 642 2181 ύποδοχήν
658 2124 737 2175 τινα,
767 2094 788 2179 ἦ
806 2094 880 2180 αύτύ
896 2096 989 2179 διψάς
1003 2096 1085 2185 ύδωρ
1099 2095 1276 2185 εύρίσκονσα
1290 2102 1342 2167 παῖ

189 2208 299 2267 πιοῦσα
318 2199 370 2265 τόν
393 2199 439 2265 ίόν
460 2199 594 2283 ἐμβάλλει
615 2198 686 2282 μετά
705 2199 739 2265 τό
761 2208 839 2264 πιεῖν
859 2202 900 2274 είς
921 2197 974 2276 τάς
993 2202 1207 2287 προειρημένας
1225 2200 1342 2279 στάσεις

191 2311 249 2368 ταῖν
264 2300 392 2379 ύδάτων,
415 2301 486 2377 όίςτε
500 2310 560 2367 πᾶν
574 2309 647 2380 ζῶον
662 2299 825 2384 πλησιάσαν
839 2302 889 2366 καί
904 2308 1000 2367 ποτοῦ
1012 2302 1156 2387 κορεσθέν
1169 2306 1273 2370 δονεῖν
1288 2304 1341 2387 μέν

192 2402 371 2484 ω’φελεῖσθαι
388 2406 420 2468 ἐκ
437 2410 489 2469 τοῦ
504 2409 688 2486 μεταλαβεῖν,
721 2402 813 2478 εύθύς
830 2404 862 2468 δέ
876 2402 957 2488 παρά
973 2401 1006 2469 τό
1023 2400 1172 2489 ύποδόχον
1188 2412 1250 2471 τοῖν
1266 2402 1338 2473 ύδά-

191 2533 250 2571 των
272 2509 304 2572 ἐκ
325 2512 379 2571 τοῦ
402 2507 449 2571 ίοῦ
470 2514 523 2586 τῆς
540 2508 670 2588 διψάδος
685 2502 902 2588 ύποδεξάμενον
917 2510 1109 2572 καταπίπτειν
1122 2508 1172 2574 καί
1189 2506 1339 2593 θνήσκειν.

190 2607 274 2675 Ἀλλά
295 2610 345 2673 καί
366 2612 396 2672 εί
415 2635 481 2673 τινα
503 2607 634 2691 πλήξειεν
653 2605 674 2690 ἡ
698 2604 774 2689 αὕτη
794 2605 903 2688 διψάς,
930 2604 989 2673 άπό
1006 2615 1060 2674 τοῦ
1076 2610 1291 2697 περισσοτέρως
1306 2612 1341 2677 ἐν

193 2708 267 2800 αὐτῇ
285 2717 447 2775 καοστικοῦ
465 2713 513 2775 ίοῦ
530 2712 579 2775 ἐπί
595 2707 689 2795 ὄρεξιν
706 2713 799 2792 δίψης
813 2711 865 2774 καί
881 2708 1014 2792 πόματος
1028 2712 1224 2797 προτρέποιτο
1238 2713 1341 2791 πάθας

191 2823 244 2896 τῆς
261 2810 438 2897 άλγηδόνος,
460 2815 681 2898 προςφέρεσθαί
695 2836 724 2876 τε
740 2809 786 2876 άεί
799 2813 852 2877 καί
867 2816 963 2877 πίνειν
981 2814 1152 2898 Ιέρεδίζειν.
1196 2820 1341 2899 ’Νομίζω

192 2918 225 2981 δέ
238 2942 266 2980 τι
281 2913 460 2995 ω’φελεῖσθαι
473 2913 549 3000 πρός
565 2912 619 2996 τὴν
632 2911 727 2996 λύμην
742 2910 760 2978 ό
774 2916 894 2999 πληγείς
907 2911 1013 2991 όσύκις
1025 2920 1078 2998 τῆς
1090 2918 1232 3000 τοιαύτης
1243 2926 1340 2985 θανα-

190 3015 326 3102 τηφόρου
342 3014 503 3103 άλγηδόνος
515 3015 667 3102 λαμβάνει,
689 3015 760 3081 άλλά
775 3019 807 3082 έν
822 3015 901 3106 αύτρῖ
916 3024 958 3106 τῷ
971 3016 1054 3107 τόπρι
1068 3024 1277 3105 πληρωθείσης
1288 3026 1343 3105 τῆς

192 3118 330 3206 γαστρός,
353 3122 404 3184 καί
419 3120 522 3202 μηκέτι
536 3115 770 3201 ύποδεχομίνης,
794 3117 916 3204 ὕστερον
929 3118 984 3185 σύν
997 3126 1038 3208 τῷ
1051 3118 1163 3202 πόματι
1173 3119 1208 3187 εδ
1222 3128 1341 3205 πνεῦμα

192 3220 323 3305 άφίησιν.
370 3221 456 3287 Οὕτω
474 3223 525 3287 καὶ
540 3213 629 3297 ούτος
643 3217 703 3286 ύπύ
719 3220 852 3304 πόματος
866 3219 919 3288 τόν
933 3220 1069 3289 θάνατον
1082 3230 1146 3298 τοῖς
1159 3220 1231 3311 παρ’
1246 3222 1341 3293 σύεσῦ

190 3324 389 3408 ἤπατημένοις
408 3326 593 3411 ἐξεργάζεται.
640 3316 741 3408 Οδπερ
761 3326 810 3389 ίοῦ
830 3326 861 3389 ἐν
878 3322 1003 3408 δυνάμει
1018 3331 1095 3391 θεοῦ
1112 3326 1275 3412 βνσθέντις
1289 3328 1341 3395 ἐπί

191 3426 244 3506 τάς
265 3430 331 3512 έξῖχς
352 3431 448 3511 λ’ωμεν.

449 3676 605 3745 ΚΑΤΑ
650 3674 1103 3763 ΚΘΛΟΡΒΑΣΙΩΝ,

362 3788 660 3883 πεντεκαιδεκάτη,
689 3787 713 3882 ἡ
738 3792 797 3863 καὶ
822 3789 1003 3889 τριακοστὴ
1028 3798 1173 3887 πέμπτη.

118 3978 123 3991 ·
158 3935 174 3989 '·
278 3936 467 4020 Κολόρβασος
488 3937 602 4014 τούτοις
622 3938 722 4003 ἕπεται
743 3936 803 4003 άπδ
824 3945 877 4019 τῆς
897 3943 951 4003 τοῦ
971 3938 1186 4024 προειρημένον
1204 3936 1341 4025 Μάριον

193 4046 325 4125 γοητείας
345 4038 395 4105 τόν
415 4044 521 4125 ἐρανον
537 4039 748 4123 ποιησάμενος,
777 4039 848 4105 άλλά
863 4042 915 4105 καί
933 4038 993 4106 άπό
1010 4047 1063 4123 τῖχς
1080 4046 1134 4105 τοῦ
1150 4044 1340 4125 Πτολεμαῖον

192 4147 273 4227 ῥίζης
286 4142 439 4209 σκολόπων
452 4147 537 4225 δίκην
551 4141 715 4223 άναιγύσας,
736 4144 840 4226 Ιίτερα
853 4141 941 4208 πάλιν
953 4143 1034 4228 παρά
1047 4140 1197 4219 ’τούτους
1210 4144 1341 4229 ἐνοχλεῖν

191 4252 233 4334 τῷ
246 4243 348 4333 κόσμῳ
364 4248 493 4330 κέντρων
507 4248 591 4327 δίκην
605 4243 755 4328 ἐπενόησε,
771 4248 866 4328 δῆθεν
880 4250 995 4328 μείζονα
1009 4246 1184 4327 φαντασίαν,
1205 4240 1250 4323 εἷς
1261 4242 1339 4315 ἔτι·

192 4355 249 4413 θεν
263 4346 361 4431 ἥκων,
390 4344 606 4432 μηχανάμενος.
650 4349 712 4412 Καί
732 4345 768 4413 τά
785 4348 840 4431 μίν
854 4354 956 4435 πρῶτα
971 4346 1029 4413 σύν
1048 4354 1090 4437 κρῖ
1104 4344 1228 4437 Μάρπην
1242 4344 1341 4435 διάρ-

228 4504 286 4557 (ἓιε.
298 4505 398 4556 xxm.
415 4530 450 4543 -
468 4507 489 4556 1.
506 4506 614 4555 Ηωστιδο
630 4501 751 4569 ἐρεθίζω.

225 4572 250 4625 2.
266 4573 361 4641 νομίζει
376 4576 428 4625 eod.
443 4573 517 4624 λ’σείι.
532 4577 555 4623 ιε
569 4574 625 4623 {nde
640 4574 695 4623 ιδίλ.
709 4575 791 4625 Ριιαν.
827 4576 901 4638 vulno
914 4571 1029 4641 νομίζων.
