3046 5084
165 336 226 398 446
586 347 706 398 ειωοτι
723 347 891 397 εειειιιιιιι

165 466 216 527 καὶ
232 460 284 544 τήν
300 465 474 543 οἰκονομίαν
491 463 523 527 δὲ
541 464 596 527 ἰέν
611 471 647 551 τῇ
662 466 730 551 ἕκτη
746 470 805 527 τῶν
819 459 952 545 ήμερῦν,
976 460 1038 544 ήτις
1054 462 1114 528 έστλ
1127 465 1324 549 παρασκευή,

165 562 216 628 τόν
230 566 348 646 έσχατον
363 561 525 647 όίν-θρωπον
539 567 580 639 εἰς
595 563 785 649 άναγέννησιν
798 571 851 628 τοῦ
867 562 988 648 πριότου
1003 562 1169 650 άνθροόπου
1187 570 1326 651 πεφηνέ-

164 692 226 730 ναι·
258 658 296 747 ής
313 668 484 747 οἰκονομίας
500 664 591 748 άρχήν
608 669 658 731 καὶ
677 668 758 741 τέλος
774 668 824 731 καὶ
842 665 896 748 τήν
912 668 999 747 ἕκτην
1016 665 1112 752 όίραν,
1142 669 1174 733 έν
1189 660 1212 757 ᾗ
1229 694 1325 753 προς-

163 766 268 850 ηλοίθη
285 775 326 855 τῷ
338 766 422 856 ξύλῳ.
472 766 530 833 Τόν
546 767 600 852 γάρ
619 770 727 834 τέλειον
744 775 830 833 Νοῦν
847 767 1040 849 ἐπιστάμενον
1056 767 1109 835 τόν
1122 776 1182 834 τῶν
1201 774 1237 847 ἓξ
1255 768 1325 856 άρι·

164 868 245 952 θμόν
267 869 407 951 δύναμιν,
438 869 582 952 ποιήσεως
603 873 655 935 καί
672 868 890 954 οίναγεννήσεως
907 872 1027 952 έχοντα,
1059 877 1234 951 φανερῦσαι
1253 881 1324 950 τοῖς

163 976 239 1047 υίοῖς
259 979 313 1036 τοῦ
333 971 433 1052 φωτός
450 971 503 1054 τήν
529 970 602 1036 8διαί
622 978 676 1037 τοῦ
692 974 835 1051 φανέντος
849 971 997 1055 ἐπισήμου
1016 976 1058 1048 είς
1073 970 1163 1038 αῦτόν
1184 972 1249 1039 9δί
1265 972 1323 1039 ατί·

163 1081 215 1140 τοῦ
232 1074 389 1158 γενομένην
408 1072 607 1158 άναγέννησιν.
642 1073 752 1138 Ἔνθεν
773 1076 824 1139 καὶ
844 1072 880 1138 τά
899 1077 987 1139 διπλᾶ
1004 1071 1160 1159 γράμματα
1179 1073 1236 1141 τόν
1253 1074 1323 1161 άρι·

162 1176 244 1260 θμόν
260 1179 403 1257 ἐπίσημον
421 1178 495 1258 έχειν
511 1181 609 1257 φησίν.
652 1173 686 1239 Ὁ
699 1174 755 1261 γάρ
774 1178 918 1258 ἐπίσημος
935 1174 1066 1260 άριθμός
1087 1180 1323 1263 10συγκραθεδς

163 1289 225 1353 τοῖς
242 1279 467 1361 εἰκοσιτέσσαρας
482 1283 632 1360 στοιχείοις
649 1278 679 1342 τό
697 1277 1026 1363 τριακονταγράμματον
1043 1276 1138 1360 όνομα
1154 1276 1320 1345 άπετέλεσε.

165 1382 309 1465 Κέχρηται
337 1380 368 1443 δὲ
392 1378 521 1468 διακόνῳ
545 1387 584 1468 τῷ
610 1387 668 1444 τῶν
690 1378 763 1444 ἑπτά
788 1378 928 1465 άριθμῦν
950 1382 1082 1465 μεγέθει,
1114 1378 1156 1455 ῦς
1180 1401 1276 1463 φησιν
1300 1379 1323 1465 ή

166 1482 296 1566 Μάρκου
318 1479 412 1565 Σιγή,
441 1485 491 1545 ’ἰνα
514 1489 566 1565 τῆς
590 1480 809 1564 αότοβουλήτου
832 1487 942 1564 βουλῆς
964 1489 1128 1570 φανερωθῇ
1149 1478 1169 1548 ό
1190 1480 1320 1568 καρπός.

170 1583 229 1648 Τόν
248 1586 360 1666 μέντοι
378 1586 523 1665 ἐπίσημον
540 1591 645 1649 τοῦτον
661 1581 793 1668 α’ριθμόν
809 1586 858 1648 ἐπὶ
875 1591 929 1648 τοῦ
948 1582 1109 1667 παρόντος,
1138 1586 1231 1667 φησί,
1264 1582 1321 1651 τόν

44 1722 95 1767 ρος.
108 1708 153 1752 ιιι.
172 1693 202 1731 ¹¹
216 1688 263 1751 έπί
280 1693 334 1751 τοῦ
350 1684 495 1767 ἐπισήμου
508 1688 713 1770 μορφωθέντα,
737 1684 854 1767 νόησον,
877 1684 930 1750 τόν
944 1684 1039 1770 όίςπερ
1053 1686 1233 1770 μερισθέντα
1254 1684 1322 1770 ¹²31*

165 1790 412 1870 διχοτομηθέντα,
442 1789 492 1852 καί
511 1790 565 1864 ἔξω
582 1793 734 1870 μείναντα,
762 1786 796 1862 ῦς
811 1794 847 1876 τῇ
864 1789 970 1853 ἑαυτοῦ
985 1786 1109 1870 δυνάμει
1123 1813 1154 1853 τε
1171 1789 1224 1853 καί
1244 1812 1321 1875 φρο·

164 1888 246 1971 νήσει
265 1888 314 1955 διά
333 1898 385 1972 τῆς
404 1887 454 1954 ἀπ’
471 1886 563 1955 αιίτοῦ
580 1895 730 1975 προβολῆς
747 1896 854 1955 τοῦτον
882 1886 975 1955 13τόν
993 1896 1052 1953 τῦν
1070 1887 1143 1955 ἕπιά
1160 1888 1322 1971 δυνάμεων

169 1991 286 2057 14κατά
305 1996 426 2074 μίμησιν
442 2000 495 2074 τῆς
512 1989 696 2075 Ἑβδομάδος
712 1990 867 2074 δυνάμεως
883 1990 1018 2074 ἒψόχωσε
1032 1989 1160 2074 κόσμον,
1187 1992 1242 2056 καί
1257 2008 1319 2073 ψυ-

165 2094 219 2177 χήν
241 2097 326 2159 έθετο
346 2091 421 2158 εἰναι
443 2102 496 2159 τοῦ
518 2092 669 2181 δρωμένου
686 2092 802 2168 παντός.
847 2095 992 2178 Κέχρηται
1013 2094 1065 2175 μίν
1083 2086 1138 2159 οῦν
1157 2094 1208 2159 καί
1226 2090 1321 2171 σάτδς

166 2190 253 2272 οῦτος
274 2200 348 2285 τῷδε
369 2204 410 2284 τῷ
428 2199 519 2285 έργφ,
550 2194 591 2272 εἰς
608 2194 794 2280 αὐθαιρέτως
809 2191 859 2259 εἰτ’
878 2192 970 2259 αῦτοῦ
990 2196 1197 2285 1ὕγενομένφ,
1228 2194 1268 2261 τά
1286 2196 1320 2263 δὲ

165 2302 310 2376 διακονεῖ,
333 2297 484 2381 μιμήματα
498 2297 569 2377 όντα
582 2306 642 2364 τῶν
657 2295 827 2379 άμιμήτων,
848 2295 903 2378 τήν
915 2292 1097 2380 Ἐνθῦμησιν
1112 2304 1166 2381 τῆς
1178 2296 1320 2383 Μητρός.

167 2403 227 2465 Καὶ
245 2398 263 2465 ό
279 2401 331 2483 μέν
346 2408 461 2483 πρῶτος
477 2398 603 2486 ου’ρανδς
621 2402 781 2484 φθέγγεται
796 2396 829 2464 τό
848 2407 883 2477 ἄ,
906 2394 924 2463 ό
941 2399 973 2463 δὲ
987 2397 1059 2480 μετά
1075 2406 1180 2466 τοῦτον
1194 2398 1230 2467 ιδ
1248 2410 1281 2481 ἰ,
1301 2396 1321 2469 ά

166 2504 198 2567 δὲ
212 2507 308 2587 τρίτος
323 2511 360 2583 ἡ,
382 2505 517 2586 τέταρτος
533 2502 564 2567 δέ
578 2503 629 2567 καὶ
644 2503 732 2583 μέσος
746 2508 806 2566 τοῖν
823 2496 895 2565 έπτοί
910 2498 965 2582 τήν
979 2507 1059 2581 τοῦῐ
1074 2502 1203 2585 δύναμιν
1219 2504 1320 2585 έιιφω-

164 2614 218 2684 νεῖ,
234 2601 253 2669 ό
268 2605 300 2668 δέ
312 2606 443 2685 πέμπτος
457 2602 490 2668 τό
504 2613 532 2680 ῦ,
555 2605 637 2679 ἕκτος
652 2605 684 2669 δὲ
697 2600 730 2668 τό
745 2612 776 2681 ῦ,
798 2605 925 2684 ἕβδομος
947 2590 1022 2668 Ιο’δέ
1037 2603 1089 2668 καί
1102 2604 1240 2689 τέταρτος
1256 2602 1320 2673 άκδ

171 2714 203 2752 ¹⁷
213 2708 304 2788 μέσου
318 2704 351 2770 τό
369 2715 392 2770 οῦ
410 2714 552 2787 στοιχεῖον
568 2707 674 2794 έκβοᾷ,
695 2704 801 2781 καθείς
816 2702 837 2787 ή
854 2703 987 2789 Μάρκου
1003 2702 1097 2790 Σιγή,
1118 2700 1140 2789 ή
1154 2704 1250 2773 πολλά
1266 2706 1322 2791 μίν

166 2814 353 2891 φλυαροῦσα,
382 2808 473 2889 μηδέν
489 2807 521 2871 δέ
536 2805 645 2889 άληθὲς
659 2808 799 2892 λέγουσα,
828 2811 1065 2888 διαβεβαιοῦται·
1087 2808 1122 2871 ιιί
1132 2832 1209 2883 τινες
1226 2806 1320 2875 δυνά·

166 2936 229 2991 μεις
243 2906 335 2991 όμοῦ,
358 2912 447 2989 φησὶ,
469 2916 562 2974 πᾶσαι
576 2912 617 2985 είς
630 2907 753 2992 άλλήλας
767 2918 979 2991 συμπλακεῖσαι
993 2907 1098 2992 ήχοῦσι
1110 2910 1162 2975 κοιλ
1178 2909 1320 2989 δοξάζον.

165 3035 212 3077 σιν
228 3016 341 3078 ἐκεῖνον
354 3009 407 3092 ὑφ’
421 3004 459 3077 οὗ
475 3010 713 3096 προεβλήθησαν,
734 3008 756 3093 ή
772 3014 804 3077 δέ
818 3010 890 3089 δόξα
904 3018 957 3094 τῆς
972 3008 1046 3095 ήχῆς
1059 3008 1263 3095 άναπίμιιεται
1278 3016 1322 3091 τίς

165 3113 218 3180 τόν
232 3113 427 3200 Προπάτορα.
475 3112 590 3195 Ταύτης
607 3116 659 3197 μέν
674 3141 720 3180 τοι
734 3120 788 3197 τῆς
801 3117 970 3199 δοξολογίας
984 3112 1035 3179 τόν
1049 3108 1122 3198 ἦχον
1136 3116 1178 3191 εἰς
1191 3112 1249 3199 τήν
1261 3122 1321 3203 γῆν

166 3215 331 3302 φερόμενόν
347 3238 420 3298 φησι
435 3216 565 3298 πλάστην
580 3219 716 3301 γενέσθαι
731 3218 782 3281 καί
796 3213 955 3301 γεννήτορα
967 3222 1027 3282 τῶν
1042 3218 1091 3282 ἐπὶ
1104 3222 1157 3300 τῆς
1170 3224 1241 3303 γῆς·
1264 3216 1321 3301 τήν

165 3320 196 3383 δὲ
214 3318 362 3396 άπόδειξιν
380 3320 463 3403 φέρει
483 3318 542 3384 οίπό
559 3326 618 3383 τῶν
638 3318 703 3403 άρτι
718 3320 906 3403 γεννωμένων
921 3323 1056 3400 βρεφῶν,
1086 3312 1128 3385 ιδν
1150 3316 1216 3402 ’δή
1232 3318 1320 3405 ψυχή

166 3422 227 3504 άμα
243 3430 283 3510 τῷ
304 3426 335 3487 έκ
353 3420 464 3507 μήτρας
483 3430 641 3504 προελθεῖν
658 3423 762 3509 έπιβοᾷ
781 3419 846 3496 ἑνός
864 3419 990 3485 ἑκάστου
1006 3428 1066 3485 τῶν
1083 3426 1234 3505 στοιχείων
1249 3420 1318 3489 τοῦ·

164 3551 223 3589 των
236 3525 287 3590 τόν
300 3518 379 3608 ήχον.
414 3521 529 3598 Καθοδς
544 3517 599 3588 οῦν
613 3527 646 3588 αἰ
659 3522 742 3602 ἑπτά,
762 3527 846 3605 φησί,
866 3521 1006 3605 δυνάμεις
1018 3524 1173 3601 δοξάζουσι
1185 3522 1238 3591 τόν
1251 3522 1316 3591 Δό-

165 3653 232 3711 γον,
262 3626 356 3702 οὕτως
371 3629 420 3692 καί
441 3625 461 3708 ή
477 3624 558 3708 ψυχή
577 3629 608 3691 έν
622 3636 684 3702 τοῖς
698 3628 821 3711 βρέφεσι
833 3629 974 3690 κλαίουσα
988 3626 1039 3689 καί
1053 3632 1211 3711 θρηνοῦσα
1223 3624 1318 3713 Μάρ-

165 3754 220 3792 κον
235 3727 348 3805 δοξάζει
363 3726 460 3793 αὐτόν.
496 3727 555 3793 Διά
569 3736 656 3794 τοῦτο
672 3729 703 3793 δέ
717 3730 766 3793 καί
785 3726 836 3793 τόν
852 3730 949 3809 Δαβλδ
962 3728 1123 3811 εἰρηκέναι,
1143 3724 1194 3793 Ἐκ
1209 3727 1318 3813 στόμα·

165 3855 215 3904 τος
232 3835 346 3910 νηπίων
362 3832 412 3894 καὶ
428 3830 618 3911 θηλαζόντων
636 3835 798 3915 κατηρτίσω
817 3827 915 3895 αἰνον·
937 3831 987 3894 καί
1004 3825 1110 3908 πάλιν,
1135 3832 1175 3895 Οί
1192 3826 1317 3917 οῦρανολ

171 3938 272 3995 ιθτιῦν
293 3929 427 4014 οὐρανῶν
444 3935 612 4016 διηγοῦνται
631 3932 719 4010 δόξαν
736 3940 822 3997 θεοῦ.
867 3934 926 3996 Καί
943 3931 992 3997 διά
1008 3938 1094 3997 τοῦτο
1113 3932 1147 3998 έν
1161 3956 1194 3997 τε
1210 3930 1318 4010 πόνοις

167 4036 216 4098 καί
229 4039 439 4116 ταλαιπωρίαις
452 4034 535 4117 ψυχή
551 4038 690 4120 γενομένη
705 4038 746 4111 είς
758 4034 909 4117 διυλισμδν
923 4032 1016 4117 αῦτής
1029 4036 1175 4115 ἒπεφωνεῖ
1185 4032 1266 4102 ὀεδ
1279 4042 1315 4115 οἳ,

199 4172 224 4226 7.
241 4172 285 4224 τοῦ
301 4167 397 4232 πάθους
415 4176 483 4223 addit
498 4176 721 4238 Ρωιιδο-Οτίρειιεε.
755 4190 809 4224 eam
830 4173 1016 4239 generationem
1036 4188 1099 4241 quae
1120 4174 1187 4225 raet·
1208 4184 1249 4227 ut
1268 4190 1317 4245 ρετ

199 4240 223 4292 8.
241 4236 284 4293 διά
300 4242 344 4291 τοῦ
361 4245 444 4303 scripsi
458 4242 487 4290 δε
501 4247 636 4293 auctoritate
650 4246 722 4295 Ριειι·
755 4259 810 4293 eum
823 4242 864 4309 qui
875 4241 1048 4293 ιιιειιὶίωιιῑιιε
1059 4252 1098 4293 εει
1107 4240 1211 4309 insigni·
1220 4242 1247 4295 ἱι
1258 4260 1316 4295 m

166 4310 336 4369 cio-oriytnis.
372 4312 444 4371 Vu190
462 4304 494 4361 δι’
512 4303 598 4362 ου’τοῦ,
754 4328 890 4361 numerum.

199 4374 224 4427 9.
241 4370 348 4442 ἀριθμὸν
358 4393 401 4439 μιν
413 4372 445 4430 δι’
456 4371 533 4428 αὐτοῦ
548 4380 677 4429 Μαιευειυε
685 4394 722 4428 τι·
789 4381 828 4432 10.
847 4378 1032 4466 συχκερασθείς
1045 4380 1155 4431 Ριεοδο·
1163 4380 1283 4445 odom

163 4448 242 4509 χιοειιιλ
255 4458 284 4494 επ
300 4447 350 4494 ωδ.
364 4448 442 4495 Paris.
476 4443 512 4503 εἰς
528 4442 574 4509 τήν
595 4441 627 4500 δι’
645 4441 720 4499 αἰτοῦ
791 4448 828 4499 ίΙ.
846 4443 896 4500 άπο
914 4452 1061 4498 correxerunt
1076 4450 1197 4511 Ρτλοοίιιι,
1213 4450 1316 4501 611811

117 4562 120 4569 .
166 4510 230 4578 έττιγ.
248 4506 406 4579 άιαγίνιησιν
419 4515 487 4562 habet
500 4513 722 4576 Ρτευδο-Οτίριιιει.
754 4518 856 4579 aliique,
875 4518 921 4568 ίιλ.
936 4518 1082 4579 interpretum
1099 4518 1180 4569 τιειιίί.

167 4584 214 4633 Vct.
228 4583 354 4644 interpres:
370 4580 540 4631 munifestme
552 4579 609 4631 filiis
623 4579 722 4631 luminis
