3046 5084
399 356 534 408 rsuuuu
550 356 613 408 nun
628 359 649 409 ι.
661 354 747 413 nou.
760 358 793 410 u.
808 357 909 409 usse.
922 357 1010 407 xxx.
1213 344 1273 407 ιιι

132 495 166 540 ec
182 475 344 562 multiplex,
367 485 409 553 et,
433 484 466 537 nt
480 472 521 536 ite
537 472 643 553 dicen,
664 474 816 553 [ebulum
831 475 910 538 illius
924 496 959 538 sc
975 475 1130 539 multorom
1150 476 1276 562 cupitum

132 575 252 663 Hydrae
268 575 467 662 serpentinam
486 574 516 637 in
533 594 606 638 sese
620 572 742 659 dm·-
761 575 948 657 exprimens,
971 596 1073 638 rursus
1094 578 1130 638 ed
1151 577 1273 641 exitium

131 677 248 742 bnmeni
264 676 384 761 generis
401 675 508 760 erupit.
538 674 584 738 Ao
598 662 723 737 tteel'sx
736 671 852 737 illorum
867 674 1017 758 disciplina
1032 676 1182 759 prodierit,
1202 699 1274 740 non·

130 780 209 843 nulle
225 791 322 842 temen
342 786 544 862 praeterquam
567 774 606 839 ob
622 773 682 837 illis
696 774 856 838 doceantur
870 774 997 838 asseruit
1012 786 1097 859 atque
1113 778 1271 861 proposuit.

132 878 171 944 Ut
191 879 267 943 enim
285 878 309 940 si
328 876 393 960 quis
411 876 503 941 seriis
522 897 561 939 ex
575 873 681 959 lnpillis
698 885 829 939 ornstnm
847 875 902 938 sibi
919 874 1043 959 aliquem
1060 876 1205 954 conficiet,
1226 889 1275 940 sut

130 980 312 1062 ueriegetnm
332 976 479 1042 coloribus
497 987 608 1039 vestem
624 975 742 1054 induet,
767 987 852 1060 utque
869 975 1042 1060 exquisitam
1060 979 1201 1061 quendem
1215 979 1276 1042 ele·

130 1080 258 1163 gastim
275 1078 425 1156 adhibent,
448 1078 490 1141 sie
505 1077 555 1141 ille
572 1088 675 1141 contre
690 1077 824 1140 omnibus
844 1078 969 1162 undique
987 1079 1158 1162 perniciosis
1176 1101 1210 1142 nc
1225 1101 1276 1165 pe·

130 1179 243 1245 stileris
259 1179 440 1264 dogmstibns
455 1177 623 1256 arcessitis,
647 1177 781 1262 quioquid
798 1199 988 1262 unaquaeque
1008 1180 1139 1244 haeresis
1155 1181 1275 1243 borren-

132 1283 199 1345 dnur
216 1281 359 1365 imprimis
376 1290 406 1344 et
424 1278 574 1344 exitiabile
591 1300 626 1343 so
642 1279 842 1343 detestandum
861 1280 984 1359 usserit,
1008 1291 1093 1366 turpe
1110 1281 1226 1366 iuquam
1244 1294 1274 1345 et

131 1383 272 1445 absonum
288 1381 528 1465 absurditatisque
542 1381 659 1466 plenum
672 1391 703 1444 et
715 1380 850 1444 odiosum
865 1401 882 1444 e
895 1381 1018 1464 singulis
1035 1383 1138 1465 dogma
1155 1383 1273 1447 corsein-

131 1504 206 1546 nens
223 1483 348 1545 omnium
366 1485 395 1545 in
412 1501 445 1545 se
462 1483 571 1546 lormss
585 1482 757 1567 speciesque
774 1483 931 1546 transtulit.
977 1481 1055 1545 Num
1072 1481 1272 1547 Samaritano-

130 1604 194 1648 rum
208 1585 346 1668 impuram
363 1582 600 1669 superstitionem
615 1584 776 1647 ulleetevit.
820 1582 849 1647 Α
867 1580 983 1647 lndeeis
1000 1605 1086 1669 porro
1102 1606 1206 1647 nomen
1223 1609 1273 1648 ec-

131 1686 218 1769 cepit,
235 1685 272 1747 eb
287 1681 421 1760 Ossaeis,
439 1681 607 1747 Nenuroeis
623 1694 654 1746 et
668 1681 833 1748 Nssnreeis
849 1686 993 1767 dogmate,
1016 1681 1271 1750 Cerintbionorum

128 1786 232 1849 deinde
250 1787 389 1864 formem,
414 1780 710 1870 Corpocrstisnorum
733 1784 908 1869 nequitiam,
933 1782 1167 1850 Christianorum
1191 1789 1272 1852 deni-

127 1908 183 1970 que
198 1886 420 1972 appellationem
438 1905 580 1969 nsnrpnre
595 1885 756 1948 contendit.
788 1884 895 1968 Neque
914 1887 990 1949 enim
1005 1887 1040 1949 ub
1058 1886 1102 1950 bis
1118 1890 1272 1973 postremis

126 2009 191 2051 enm
209 1989 327 2052 nomine
344 1990 421 2052 lecte
434 1987 498 2072 ipse
514 1986 634 2070 pariter,
658 1997 832 2048 sementem
849 1987 1115 2070 cognitionemque,
1138 2001 1168 2052 et
1184 2010 1274 2055 evon-

128 2089 268 2172 geliorum
293 2101 382 2173 etque
405 2088 603 2173 spostolorum
629 2087 665 2150 de
686 2086 741 2150 lide
762 2087 988 2151 consensionem
1009 2090 1168 2171 expressit.
1214 2089 1272 2173 Qui

128 2211 193 2254 cnns
215 2191 328 2255 medius
349 2190 405 2270 sit,
428 2200 459 2253 nt
478 2188 521 2252 ite
536 2188 646 2267 dicem,
668 2188 746 2251 inter
764 2207 883 2266 omues,
907 2187 1023 2272 proprie
1041 2189 1136 2253 nullus
1157 2202 1219 2269 est,
1243 2194 1272 2257 in

128 2312 221 2375 eoque
240 2292 315 2375 qnod
335 2292 473 2376 scriplum
491 2300 537 2354 est
551 2289 701 2374 impletur,
724 2293 813 2351 Paulo
830 2294 921 2350 mrbus
936 2301 1063 2350 nasetur
1076 2313 1137 2352 rem
1151 2299 1180 2354 in
1197 2302 1274 2357 omni
1283 2314 1348 2359 eser.
1355 2317 1375 2371 s,
1390 2319 1420 2362 re

128 2397 216 2467 molo,
242 2397 272 2455 r'n
288 2396 376 2454 medio
392 2395 542 2465 erchem,
567 2403 598 2453 et
611 2412 784 2472 rqnngogoe.
829 2387 924 2476 Igitur
939 2412 1004 2453 cuns
1021 2410 1126 2455 revere
1144 2390 1273 2457 Samari-

127 2504 213 2557 tanus
235 2492 273 2556 ob
293 2494 490 2557 execrandum
510 2492 668 2577 nequitiem
683 2494 738 2573 sit,
761 2493 924 2557 istiusmodi
942 2503 1038 2555 temen
1054 2494 1273 2577 appellationem

127 2594 234 2673 reiicit,
251 2605 361 2658 etcum
378 2614 412 2658 se
427 2595 503 2658 idern
520 2593 658 2658 ludnenm
674 2596 763 2659 locist
776 2592 891 2658 ludaeis
905 2596 1082 2677 refragatur,
1100 2618 1272 2681 quemquern

128 2716 193 2759 cnm
210 2697 254 2760 bie
273 2696 368 2780 nliqnn
383 2715 423 2759 ex
437 2707 520 2781 perte
535 2699 698 2775 consentit,
721 2697 762 2760 uti
778 2708 897 2781 posteo,
921 2717 986 2759 cnm
1002 2696 1037 2759 sd
1061 2697 1124 2760 eius
1147 2699 1190 2762 rei
1206 2721 1272 2784 pro·

127 2797 286 2876 betiooem,
308 2808 339 2861 et
353 2797 565 2862 baereticorum
578 2799 721 2863 eiusmodi
741 2798 970 2862 confutationem
985 2811 1154 2882 peruentum
1172 2803 1270 2881 luerit,

129 2900 185 2963 deo
206 2899 360 2963 odinvente
382 2899 621 2964 monstrabimus.

216 2997 365 3085 Siquidem
384 2999 479 3064 Ebion
498 3002 554 3065 iste
573 3001 699 3085 priorum
718 2999 832 3063 illorum
855 3001 984 3084 aequalis
1005 3002 1073 3080 luit,
1097 3015 1128 3067 et
1149 3005 1394 3077 candescens.

128 3122 194 3167 cnm
208 3100 279 3188 ipsis
291 3101 435 3185 originem
450 3103 573 3188 aceepit.
606 3102 653 3166 Ac
668 3102 789 3187 primum
804 3121 821 3164 e
837 3102 914 3165 virili
929 3102 1084 3167 concubitu
1098 3127 1132 3168 oc
1145 3106 1269 3185 semine,

126 3214 195 3292 pnts
211 3202 340 3290 losephi,
364 3214 462 3269 netum
482 3224 551 3268 esse
570 3200 718 3269 Christum
734 3203 872 3280 asseruit,
896 3214 1013 3267 utente
1030 3204 1269 3289 significavimus,

126 3327 191 3370 cum
207 3305 247 3368 its
262 3305 408 3384 diximus,
432 3305 507 3369 bunc
522 3306 630 3368 ceteris
646 3305 676 3368 in
692 3304 782 3368 rebus
797 3307 898 3367 eedem
917 3326 981 3368 cum
1003 3305 1067 3370 eliis
1082 3309 1269 3386 sentientem,

125 3407 180 3472 boo
196 3428 252 3472 uns
264 3427 298 3470 re
313 3406 480 3491 discrepsre
498 3407 573 3491 qnod
589 3403 762 3470 ludeeornm
780 3406 852 3469 ritus
868 3426 902 3470 oc
919 3408 1101 3471 ceremonias
1118 3408 1270 3490 amplexus

125 3510 177 3589 sit,
200 3508 290 3573 veluti
305 3507 457 3572 sebbetnsn
472 3528 506 3572 ec
520 3507 783 3588 circumcisionem,
806 3509 921 3591 elinque
937 3508 964 3570 id
981 3527 1074 3591 genus
1092 3506 1211 3591 perinde
1226 3521 1269 3573 ot·

125 3631 183 3695 qne
205 3631 223 3674 s
246 3608 363 3674 ludaeis
389 3631 423 3673 nc
448 3608 643 3675 Samaritunis
667 3609 874 3674 observentur.
919 3608 1087 3693 Quinetiam
1110 3608 1191 3692 pluro
1212 3610 1269 3677 iste

124 3732 210 3798 quem
229 3709 331 3776 lndeei
349 3709 601 3776 Semsritnnorum
624 3710 785 3776 imitatione
808 3710 1020 3796 complectitur.
1063 3707 1141 3774 Nem
1164 3721 1195 3774 et
1213 3715 1268 3778 boc

125 3813 248 3893 ssliecit,
276 3821 309 3876 nt
332 3812 367 3876 eb
393 3823 584 3877 externorum
603 3812 751 3877 hominnm
777 3823 855 3875 tectu
878 3831 946 3874 sese
971 3811 1151 3891 contineret,
1179 3826 1267 3898 utque

124 3913 227 3979 diebus
249 3913 374 3997 singulis
402 3914 516 3998 quoties
539 3915 688 3979 mulierem
713 3912 875 3997 attigisset,
904 3911 939 3975 eb
966 3912 1086 3996 eiusque
1113 3918 1267 4000 complexu

124 4025 276 4101 surgeret,
301 4036 375 4100 oque
391 4035 459 4079 sese
476 4016 642 4101 prolueret,
665 4015 759 4078 sicubi
775 4015 839 4077 eius
858 4024 938 4077 esset
955 4013 1055 4100 copis,
1078 4016 1207 4080 murinae
1223 4017 1266 4078 ri-

125 4116 231 4181 delicet
243 4126 294 4182 ont
309 4115 428 4180 ulterius
443 4115 573 4201 generis.
619 4114 707 4199 Qnod
722 4115 749 4177 si
764 4115 800 4178 ab
817 4114 866 4177 ille
882 4115 992 4178 lotione
1008 4136 1041 4179 ec
1056 4119 1202 4181 mersione
1219 4139 1265 4180 re·

124 4219 208 4282 diens
223 4218 255 4282 in
272 4219 434 4303 qnempiam
450 4219 597 4298 incurrat,
620 4219 716 4281 denno
734 4217 769 4280 ed
784 4215 955 4280 abluendum
971 4239 1050 4298 sese,
1072 4239 1161 4303 saepe
1179 4219 1264 4282 etiem

79 4304 85 4314 ⁴
124 4338 190 4383 curn
205 4320 278 4406 ipsis
294 4318 478 4384 vestimentis
495 4318 670 4405 regreditur.
715 4316 811 4382 Hodie
833 4340 904 4383 vero
927 4320 1080 4406 virginitas
1102 4323 1177 4406 opud
1199 4321 1264 4385 illos

123 4489 207 4606 pergi:
224 4487 525 4606 1ξιιιειιιοιιιιιιὶιιιιὶιιιιι
547 4487 581 4540 de
603 4487 654 4541 boc
670 4496 696 4540 et
713 4487 739 4540 io
762 4487 839 4556 ipsius
860 4490 1032 4542 conlntstione
1054 4489 1103 4541 deo
1127 4458 1268 4558 opitulentd

144 4571 158 4605 e
182 4572 224 4607 m
242 4573 313 4608 smne.

1000 4645 1067 4711 16*
