3046 5084
176 299 186 308 ’
224 327 242 391 8
616 336 786 388 mmmm
803 333 982 386 οτοοοαειο

223 457 359 538 κλησίας,
382 460 547 540 συγγνῶναι
562 450 635 535 ἡμῖν
651 450 827 537 άνθράποις
843 443 924 529 οῦσι,
951 449 1002 514 καὶ
1019 447 1090 530 μετά
1107 446 1204 513 πόνον
1220 450 1271 512 καί
1290 446 1378 531 ζήλου

224 563 332 622 θεϊκοῦ
352 557 607 638 φιλοτιμουμένοις
628 552 702 638 ῦπὲρ
720 556 890 635 θεοσεβείας
905 550 1115 635 άπολογεῖσθαι
1140 546 1273 631 1Ἰησοῦ,
1305 554 1333 614 εί
1350 578 1378 615 τι

224 656 391 743 ῦπέρογκον
414 660 454 732 είς
475 654 546 721 αῦτδ
567 655 600 721 τό
622 655 767 740 πανάγιον
787 656 837 719 καί
861 652 1080 735 πανσεβάσμιον
1103 650 1196 733 όνομα
1215 650 1379 734 θελήσομεν

225 759 300 842 κατά
319 759 374 841 την
398 762 500 822 2ἰδίαν
516 756 640 840 δύναμιν
658 754 960 840 ῦπεραπολογεῑσθαι,
989 762 1043 819 τοῦ
1064 761 1141 818 θεοῦ
1158 761 1379 838 συγχωροῦντος

225 847 261 926 τά
276 858 351 943 ύπέρ
368 859 494 942 δύναμιν
509 857 582 941 ἡμῖν
597 863 774 939 ἐκζητοῦσιν.
810 856 930 938 Ἐπειδὴ
948 855 985 919 δι’
1002 855 1146 937 άλήθειαν
1162 852 1232 936 ἡμῖν
1248 853 1266 920 ό
1280 854 1378 940 λόγος,

224 964 276 1027 καί
299 960 336 1026 δι’
354 959 503 1043 εύσέβειαν
525 959 546 1042 η’
562 963 753 1043 πραγματεία.
799 961 860 1021 Καὶ
879 961 921 1021 ἐτι
939 957 1147 1040 παρακλήθητε
1172 960 1248 1021 3ἐῦν
1271 961 1300 1021 εί
1318 983 1378 1035 που

224 1063 350 1148 εύροιτε,
380 1068 476 1127 καίτοι
491 1087 523 1146 γε
541 1060 580 1144 μη
599 1064 630 1125 έν
646 1063 710 1124 έθει
725 1057 813 1134 όντας
831 1057 1019 1140 ἐπισκήπτειν
1033 1057 1113 1133 τινάς
1129 1058 1149 1141 ἢ
1165 1062 1377 1140 ἐπισκωμματί-

224 1170 298 1243 ζειν,
328 1161 377 1227 διά
394 1164 426 1227 δὲ
446 1161 499 1227 τόν
515 1161 592 1247 πρός
608 1160 661 1236 τάς
675 1162 801 1244 αίρέσεις
817 1168 917 1242 ζῆλον,
946 1162 997 1224 καί
1013 1163 1053 1234 είς
1069 1159 1242 1243 άποτροπήν
1257 1167 1316 1224 τοῖν
1332 1162 1377 1224 ἐν-

225 1263 443 1350 τυγχανόντων,
473 1268 502 1328 εί
514 1290 574 1327 που
594 1261 826 1346 παροξυνόμενοι
849 1263 981 1343 λέξομεν,
1003 1259 1212 1342 ἢάπατεῦνάς
1228 1287 1309 1336 τινας
1326 1288 1378 1325 κα-

224 1373 359 1444 λοῦντες,
387 1363 573 1451 η’άγύρτας,
603 1363 776 1446 ἢάθλίους.
819 1360 904 1444 Αῦτῆ
926 1361 981 1447 γάρ
1004 1360 1156 1448 ηάνάγκη
1178 1360 1199 1444 ἡ
1215 1361 1290 1445 πρός
1308 1361 1379 1437 τούς

224 1466 331 1553 λόγους
344 1475 396 1532 τοῦ
412 1464 527 1552 άγιῦνος
542 1465 755 1549 παρασκευάζει
775 1463 846 1548 ἡμῖν
867 1463 919 1529 τόν
939 1472 1075 1530 τοιοῦτον
1098 1469 1208 1548 ἱδρῶτα
1215 1515 1224 1542 ,
1246 1463 1283 1528 δι’
1306 1462 1378 1529 άπο·

224 1567 338 1653 τροπὴν
360 1575 419 1635 τῶν
443 1567 691 1653 ἐντυγχανόντων,
721 1569 773 1630 καὶ
797 1566 879 1642 ὅπως
899 1569 1029 1647 δείξομεν
1050 1574 1198 1640 παντελῶς
1215 1563 1377 1648 άπηγορευ·

225 1672 317 1754 μένας
339 1677 392 1742 τοῦ
415 1667 558 1753 ἡμετέρου
582 1668 773 1752 φρονήματος
793 1667 846 1743 τάς
866 1671 984 1732 ἐκείνων
1009 1671 1144 1751 ἐργασίας
1167 1669 1217 1730 καί
1235 1667 1379 1750 μυστήρια

225 1774 277 1839 καί
297 1776 499 1851 διδασκαλίας,
528 1768 566 1836 ἵν’
589 1768 648 1834 άπό
672 1777 732 1834 τῶν
749 1768 844 1853 λόγων
868 1771 990 1851 καὶτῆς
1011 1768 1177 1850 4όξύτητος
1197 1775 1250 1851 τῆς
1268 1766 1379 1833 άντιλο-

225 1878 292 1960 γίας
312 1876 363 1938 καὶ
390 1870 423 1938 τό
446 1870 588 1955 ἡμέτερον
611 1873 779 1956 ἐλευθέριον
802 1869 1017 1953 άποδείξωμεν,
1047 1876 1098 1935 καί
1124 1896 1206 1945 τινας
1234 1867 1294 1935 α’πό
1319 1877 1380 1935 τῶν

227 1973 325 2039 αὐτῶν
346 1978 523 2056 ἐκκλίνωμεν
542 1975 594 2038 καί
615 1970 665 2037 διά
685 1979 745 2038 τῶν
767 1970 937 2037 δοκούντων
958 1974 1130 2057 βαρυτέρων
1151 1971 1255 2056 λόγων.

91 2388 157 2455 Κεφ.
177 2385 208 2457 β’.
313 2385 373 2447 Καί
390 2385 467 2449 ἐστιν
489 2387 521 2450 ἐν
543 2392 579 2473 τῇ
602 2381 683 2470 πάση
698 2384 880 2467 πραγματείᾳ
905 2379 955 2444 διά
976 2388 1036 2446 τοῖν
1053 2384 1274 2467 προειρημένων
1292 2387 1381 2467 τριῶν

225 2488 363 2569 βιβλίων,
392 2486 513 2572 προότου
541 2488 593 2550 καί
618 2486 757 2567 δευτέρου
785 2484 837 2546 καὶ
861 2487 977 2566 τρίτου,
1010 2483 1094 2548 ἅτινα
1122 2489 1188 2568 τρία
1216 2487 1313 2566 βιβλία
1341 2486 1382 2558 είς

225 2570 298 2653 ἑπτά
321 2587 431 2671 τόμους
453 2592 604 2667 διείλομεν.
646 2581 697 2647 Ἐν
718 2585 750 2648 δέ
775 2585 886 2672 ἑκάστῳ
911 2584 991 2674 τόμῳ
1016 2583 1147 2670 άριθμός
1175 2613 1220 2661 τις
1243 2587 1381 2670 αἱρέσεων

224 2692 277 2754 καί
299 2689 465 2771 σχισμάτων
480 2691 619 2772 ἐγκειται·
651 2682 725 2765 όμοῦ
748 2687 780 2750 δὲ
802 2690 836 2749 αἱ
853 2691 947 2751 πῦσαί
969 2690 1041 2752 εἰσιν
1061 2686 1256 2772 ὀγδοήκοντα,
1286 2679 1327 2752 τόν
1351 2689 1384 2750 αί

186 2877 188 2882 Ι
227 2788 383 2870 ὀνομασίαι
406 2790 513 2852 καλαί
537 2786 701 2870 προφάσεις
723 2780 818 2852 αὗται.
864 2787 974 2873 Προίτη
1003 2788 1227 2873 Βαρβαρισμός,
1260 2790 1382 2872 δευτέρα

226 2887 420 2970 Σκυθισμδς,
451 2894 530 2974 τρίτη
545 2887 747 2972 Ἑλληνισμός,
778 2889 899 2974 τετάρτη
917 2888 1115 2972 Ἰουδαϊσμός,
1144 2893 1261 2974 πέμπτη
1280 2898 1381 2972 Σαμα-

228 2988 383 3077 ρειτισμός.
431 2988 480 3055 Ἐκ
508 2991 620 3056 τούτων
647 2995 680 3055 αί
707 2997 843 3073 καθεξῆς.
893 2991 960 3076 Πρό
982 3000 1114 3077 Χριστοῦ
1143 2995 1194 3076 μίν
1215 2992 1287 3075 μετά
1305 3001 1381 3075 Βαρ-

225 3091 373 3178 βαρισμόν
392 3095 443 3157 καί
465 3092 519 3176 τήν
539 3092 700 3177 Σκυθικην
723 3098 954 3176 δεισιδαιμονίαν
977 3099 1011 3159 αἱ
1032 3092 1090 3160 άπό
1118 3103 1173 3160 τοῦ
1193 3092 1381 3176 Ἑλληνισμοῦ

230 3194 380 3280 ιφύσασαι
395 3188 494 3259 αὗται·
518 3198 611 3277 ίὲκτη
628 3195 843 3281 Πυθαγόρειοι,
863 3193 912 3260 εἴτ’
929 3189 984 3261 οῦν
1002 3199 1244 3282 Περιπατητικοί,
1260 3193 1310 3259 διά
1323 3202 1383 3258 τῶν

226 3303 294 3385 περὶ
314 3297 513 3382 Ἀριστοτέλην
533 3301 731 3380 διαιρεθεῖσα,
762 3297 874 3379 ἑβδόμη
894 3302 1097 3379 Πλατωνικοὶ,
1129 3297 1221 3383 όγδόη
1238 3299 1381 3374 Στωϊκοί,

227 3401 313 3483 ἐνάτη
327 3399 532 3485 Ἐπικούρειοι.
576 3396 653 3462 Είτα
669 3399 868 3484 Σαμαρειτικη
887 3405 1014 3483 αίρεσις,
1045 3395 1119 3467 οῦσα
1141 3405 1173 3467 ἐκ
1191 3408 1246 3464 τοῦ
1261 3397 1382 3464 Ἰουδαϊ-

228 3510 320 3584 σμοῦ,
348 3507 398 3568 καί
419 3503 529 3584 ταύτης
546 3503 671 3583 τέσσαρα
693 3504 784 3584 ἐθνη,
813 3502 919 3584 δεκάτη
942 3506 1147 3588 3Γοροθηνολ,
1170 3499 1309 3581 ἑνδεκάτη
1329 3507 1382 3562 Σε-

228 3605 361 3684 βοναῖοι,
384 3605 536 3688 δωδεκάτη
553 3602 705 3686 Ἐσσηνοὶ,
727 3603 946 3687 τριςκαιδεκάτη
966 3611 1118 3671 Δοσίθεοι.
1163 3600 1240 3667 Εἶτα
1259 3599 1277 3665 ό
1293 3598 1383 3676 αῦτός

228 3705 650 3790 προειρημένοςἿουδαῖσμός,
680 3703 739 3770 άπό
763 3713 817 3770 τοῦ
834 3703 969 3792 Ἀβραάμ
990 3705 1042 3773 τόν
1065 3713 1233 3793 χαρακτῆρα
1254 3702 1383 3786 είληφιός

228 3800 280 3870 καί
301 3804 350 3868 διά
373 3813 425 3868 τοῦ
447 3812 588 3888 δοθέντος
614 3808 708 3892 νόμον
732 3816 772 3897 τῷ
797 3816 918 3898 Μωῦσῇ
942 3811 1136 3888 πλατυνθείς,
1165 3809 1217 3872 καί
1244 3804 1303 3873 dno*
1329 3814 1382 3873 τοῦ

226 3905 324 3974 Ἰούδα
339 3910 408 3971 υίοῦ
421 3904 540 3988 Ἰακοίβ,
562 3921 615 3978 τοῦ
630 3914 680 3977 καί
692 3910 806 3997 Ἰσραηλ
822 3910 871 3977 διά
886 3914 984 3994 Δαβίδ
991 3962 1000 3989 ,
1022 3918 1076 3975 τοῦ
1091 3912 1142 3975 καί
1158 3910 1384 3995 βασιλεύσαντος

229 4013 263 4075 ἐκ
283 4017 335 4092 τῆς
357 4007 464 4073 τούτου
484 4019 579 4092 φυλῆς
599 4013 632 4078 τό
652 4012 809 4096 ἐπτόνυμον
826 4021 881 4078 τοῦ
899 4011 1086 4095 Ἰουδαΐσμοῦ
1103 4019 1276 4098 κληρωθείς.
1322 4009 1384 4072 Καὶ

231 4110 281 4176 ἄπ’
307 4110 399 4176 αῦτοῦ
425 4119 479 4177 τοῦ
500 4109 686 4194 Ἰουδαϊσμοῦ
713 4114 786 4180 έπτά
810 4116 935 4199 αἱρέσεις
958 4107 1057 4179 αύται·
1089 4109 1383 4201 τεσσαρεςκαιδεκάτη

233 4217 447 4298 Γραμματέων,
474 4215 714 4298 πεντεκαιδεκάτη
738 4221 925 4302 Φαρισαίων,
949 4218 1136 4301 ἓξκαιδεκάτη
1157 4216 1383 4290 Σαδδουκαίων,

231 4413 246 4436 n
267 4353 325 4403 (ἷκε.
343 4355 360 4403 1.
378 4383 410 4392 -
437 4353 458 4405 1.
476 4356 577 4414 Reposui
590 4348 676 4416 Ἰησοῦ
693 4369 735 4414 pro
752 4355 788 4416 εἰς
859 4354 882 4408 3.
901 4358 1017 4416 θειοτιμα·
1039 4361 1084 4406 mei
1105 4358 1192 4417 ικςτιιίι·
1216 4354 1318 4414 μαλακία
1342 4349 1385 4403 ἐᾶν

232 4439 254 4479 ο,
273 4424 335 4484 quod
349 4425 459 4471 Ριιουίιιο
473 4423 596 4472 delendum
609 4423 722 4471 indicavit
735 4439 789 4473 ουτι
827 4424 916 4477 εἷπον.
942 4425 1007 4473 Libri
1020 4427 1103 4473 ίιοοεπί
1116 4417 1146 4473 ἵν’
1161 4421 1186 4472 εἴ
1198 4437 1252 4472 που.
1280 4426 1309 4470 λλ
1322 4422 1386 4470 istud

230 4493 322 4540 uncinis
338 4492 471 4539 includeret.
713 4511 716 4517 ,
825 4491 866 4545 ἵνα
883 4506 981 4554 quocum
999 4496 1104 4541 struatur
1120 4491 1188 4537 verbo
1206 4494 1276 4538 τοττι.

266 4557 291 4608 2.
308 4555 372 4609 ἰδίαν
390 4560 440 4608 cod.
459 4561 513 4609 Vm.
549 4560 622 4619 ίίιίρο
640 4552 720 4620 άγίαι.
