3046 5084
395 358 531 411 rossan
547 359 612 410 ιιι.
623 361 643 411 ι.
658 358 742 412 root.
753 358 797 411 tn.
814 359 913 410 naua.
924 359 1006 409 xnrr.
1215 347 1277 411 685

130 478 264 542 veritatis
279 479 364 563 vigur
378 489 528 558 remanet,
551 477 668 543 mmetsi
682 477 892 543 minutissimas
905 479 935 543 in
952 497 1038 564 pares
1055 476 1166 543 inbuite
1182 488 1275 558 senta,

129 581 280 665 divisaque
302 580 421 645 luerint.

212 681 338 747 Praeter
359 682 407 747 illa
430 703 503 747 vero
526 683 623 746 omnia
651 681 705 746 boo
727 682 849 768 insuper
871 682 1180 761 commemoravimus,
1203 704 1276 746 nun·
1290 697 1430 763 capxnt.

130 785 226 850 nullos
245 806 262 849 e
280 783 536 850 blaroionistarnm
558 805 649 870 grege
671 784 701 848 io
724 784 896 849 altissimum
917 784 1113 871 blasphemiae
1134 783 1277 868 gurgitem

128 888 283 952 immersos
300 898 388 972 atque
406 908 446 952 ex
463 887 603 973 pestilera
618 887 667 951 illa
686 889 859 952 daemonum
878 889 1009 951 doctriua
1026 886 1106 950 velut
1127 887 1226 950 lurore
1249 899 1283 956 et

128 991 256 1055 amentia
274 991 419 1076 percitos,
444 1010 529 1074 quem
550 1011 640 1055 uuum
658 990 706 1054 vel
727 989 845 1054 nomine
865 1001 950 1054 tenus
970 990 1117 1054 dominum
1132 989 1278 1053 memoria

127 1092 287 1156 retinuisse
303 1093 492 1172 videbantur,
517 1090 601 1156 buius
623 1091 715 1178 ipsius
733 1092 915 1158 divinitatem
931 1092 1060 1156 inaudita
1080 1092 1201 1176 quadam
1223 1093 1277 1155 lin-

127 1216 203 1280 guae
226 1195 384 1279 petulantia
408 1194 605 1280 pervertisse,
630 1215 685 1258 nee
702 1194 840 1259 eoelestis
856 1195 933 1259 illius
950 1194 1150 1279 generationis
1172 1215 1277 1258 nomen

128 1299 299 1382 vituperare
315 1297 406 1361 luisse
423 1297 545 1361 veritas.
579 1294 705 1381 Quidam
722 1297 798 1361 enim
813 1318 853 1362 ex
868 1297 926 1360 illis
940 1297 1086 1361 domiuum
1101 1298 1195 1382 ipsum
1205 1293 1278 1360 Mali

127 1400 215 1463 lilium
232 1421 299 1464 esse
316 1401 381 1464 sine
398 1399 457 1463 ullo
473 1400 583 1484 pudure
598 1399 742 1464 iactitant.
773 1396 860 1483 Quod
875 1399 924 1462 alii
942 1400 1037 1463 miuus
1053 1399 1277 1485 probuntpqni-

127 1502 182 1565 bus
202 1502 297 1587 plaoet
315 1499 414 1566 ludioe
430 1500 510 1565 illnm
527 1522 562 1566 au
579 1497 724 1567 Creatore
740 1512 839 1566 natum
858 1521 937 1566 esse.
983 1499 1043 1585 Qui
1060 1523 1126 1565 oum
1144 1503 1175 1566 io
1192 1503 1278 1567 mise·

127 1605 284 1668 rieordiam
303 1615 384 1668 esset
407 1603 582 1690 propensior
605 1626 640 1668 ao
658 1616 762 1670 natura
784 1605 896 1683 bonus,
922 1614 1005 1689 patre
1026 1625 1097 1687 suo,
1122 1626 1207 1689 quem
1229 1605 1277 1669 alii

128 1702 319 1786 Creatorem,
343 1705 393 1769 alii
412 1703 524 1770 Malum
540 1706 726 1784 existimant,
751 1707 881 1770 inferiori
899 1707 970 1770 sede
992 1707 1095 1770 relioto
1111 1727 1226 1771 sursum
1243 1709 1278 1772 ad

127 1809 207 1872 illum
224 1806 339 1872 bonnm
362 1808 499 1873 evolasse
521 1810 624 1889 deum,
648 1808 696 1893 qui
715 1808 745 1872 io
766 1808 989 1893 explicabilibns
1012 1810 1042 1872 in
1061 1808 1134 1872 louis
1156 1809 1277 1889 residet,

128 1921 159 1974 et
175 1911 270 1974 eidem
290 1911 465 1975 inhaesisse.
512 1911 540 1975 A
561 1933 619 1996 qno
643 1911 673 1974 in
695 1911 771 1975 buno
786 1911 887 1974 orbem
906 1911 1079 1991 demissum,
1104 1922 1134 1975 et
1152 1922 1183 1975 nt
1205 1912 1278 1996 patri

129 2034 184 2077 sno
201 2014 355 2078 resisteret
375 2014 523 2100 delapsum
540 2015 570 2076 io
589 2024 684 2078 terras
702 2009 852 2079 Christum
870 2014 966 2077 omnia
982 2014 1031 2078 illa
1048 2013 1208 2098 abrogasse
1227 2015 1277 2078 de·

127 2127 225 2194 oreta,
250 2136 323 2199 qnae
339 2115 375 2179 ab
391 2117 515 2180 naturali
534 2137 587 2180 suo
606 2128 688 2201 patre
706 2116 823 2180 luerent
838 2115 1014 2195 constituta,
1039 2117 1101 2181 sive
1120 2117 1146 2179 is
1166 2117 1278 2201 estqui

126 2219 156 2282 io
173 2219 238 2302 lege
253 2218 368 2282 loeutus
383 2219 506 2298 dieitur,
530 2219 595 2284 sive
611 2217 738 2284 malitiae
755 2219 827 2282 deus
844 2219 910 2299 ille,
935 2239 1020 2304 quem
1043 2220 1121 2284 inter
1139 2218 1278 2305 principia

128 2320 216 2383 tertio
234 2321 298 2384 loeo
319 2331 462 2384 statuunt.
507 2319 586 2385 Nam
601 2321 704 2402 aliter,
727 2321 768 2384 uti
790 2320 897 2385 dietum
920 2333 983 2399 est,
1006 2332 1093 2406 atque
1115 2321 1202 2385 aliter
1221 2322 1277 2387 ista

69 2479 73 2485 ,
127 2422 288 2486 laetamur.
334 2420 436 2507 ltaque
455 2424 529 2488 alius
548 2420 706 2508 Opibeem,
730 2421 931 2487 aliuslllalum
950 2445 1017 2488 esse
1035 2425 1147 2488 statuit.
1193 2423 1277 2510 Quae

129 2546 193 2589 oum
211 2524 252 2589 ita
270 2525 345 2606 siut,
371 2526 555 2590 manifestum
573 2546 640 2591 esse
658 2526 775 2591 cuilibet
791 2536 889 2611 potest
907 2527 955 2610 qni
971 2526 1081 2611 ingenii
1101 2548 1136 2591 ac
1153 2529 1278 2614 prudeu-

129 2628 187 2691 tiae
204 2628 311 2712 aliquid
338 2627 445 2692 babeat
465 2639 554 2692 totam
579 2629 655 2693 illam
674 2628 834 2693 doctrinam
857 2639 943 2713 atque
962 2629 1068 2714 dogma
1090 2630 1126 2693 ab
1144 2631 1279 2716 impuris-

129 2729 204 2793 simo
221 2731 326 2815 spiritu
347 2751 549 2817 promanasse.
595 2728 744 2815 Qnuoirua
762 2731 832 2795 nibil
849 2743 911 2795 erat
933 2732 1085 2796 admodum
1103 2754 1226 2799 neeesse
1248 2735 1278 2797 in

129 2852 166 2895 eo
181 2843 352 2916 argumento
366 2834 519 2898 tractando
533 2855 567 2897 ae
584 2835 791 2920 propugnanda
808 2836 863 2898 bde
879 2834 987 2899 morari
1003 2835 1122 2915 diutius,
1141 2847 1191 2900 aut
1206 2856 1279 2900 vero

128 2930 311 2999 Marcionem
330 2936 486 3016 refellere,
511 2937 558 3021 qui
576 2937 660 3000 iuxta
676 2937 721 3001 sui
739 2937 831 3022 ipsius
854 2958 888 3000 au
905 2938 983 3001 vitae
1006 2957 1072 3001 esse
1090 2939 1205 3002 videtur
1227 2938 1278 3002 ub-

128 3035 208 3100 litus.
253 3035 352 3101 Nemo
371 3039 513 3123 siquidem
538 3049 584 3104 est
608 3039 655 3124 qni
678 3039 815 3103 nonnulla
841 3039 880 3104 sit
901 3041 1093 3125 intelligentia
1115 3042 1275 3127 praeditus,

128 3139 196 3222 quin
213 3141 407 3205 contumeliae
423 3142 453 3205 in
472 3141 557 3205 deum
574 3142 674 3227 plenas
688 3141 766 3206 illius
782 3143 904 3222 labnlas,
929 3166 963 3208 au
980 3143 1152 3208 temerarios
1167 3154 1198 3207 et
1211 3165 1277 3230 per·

128 3241 259 3322 niciosus
284 3254 407 3308 onustus
432 3245 560 3329 detegat.
608 3242 719 3308 Varum
738 3244 874 3329 qnoniam
903 3247 1010 3310 nullum
1038 3246 1129 3330 spinis
1152 3247 1276 3310 obsitum

127 3342 224 3408 loenm
242 3365 301 3408 nou
319 3358 507 3432 repurgatum
524 3367 591 3411 esse
607 3347 750 3432 patimur,
774 3349 825 3411 sed
844 3349 889 3412 dei
909 3348 1006 3433 gladio
1026 3349 1178 3414 succidere
1199 3351 1276 3413 sule·

127 3467 192 3510 mus
210 3447 382 3527 universas,
407 3451 455 3533 qni
474 3450 588 3534 quidem
606 3451 809 3530 pmeuotitmr
829 3463 875 3512 est
890 3456 968 3512 omni
977 3454 1076 3530 gludrb
1092 3457 1224 3533 unerpib',
1248 3466 1426 3534 elnathan

124 3545 291 3630 perungam
314 3574 401 3634 nsque
420 3557 460 3615 ud
478 3556 627 3636 drbrbtbnes
649 3557 759 3615 aramue
779 3565 808 3614 et
827 3558 960 3634 spirtius,
985 3575 1148 3635 compagum
1169 3577 1277 3638 qunque

129 3674 163 3714 ne
183 3656 384 3728 medullarum,
410 3667 442 3719 nt
465 3657 609 3741 scriptura
633 3656 779 3741 loquitur,
802 3655 869 3719 ideo
891 3676 983 3741 panea
1007 3658 1043 3720 de
1066 3677 1101 3721 ea
1124 3678 1156 3722 re
1177 3658 1275 3723 dieere

128 3776 188 3819 noo
210 3756 408 3841 gravabimur.

211 3860 259 3922 Αι
276 3860 399 3945 primum
414 3861 484 3925 illud
501 3860 707 3948 opponendum
720 3872 783 3942 est,
806 3862 831 3926 si
848 3882 864 3924 e
881 3859 961 3926 Malo
978 3860 1080 3928 bonus
1095 3864 1158 3928 lieri
1173 3875 1275 3950 potne—
1287 3875 1426 3944 Gapxtv.

128 3959 184 4042 rit,
209 3971 298 4027 totam
323 3963 401 4028 illam
418 3962 631 4052 Principiorum
651 3964 795 4029 rationem
820 3965 926 4028 everti.
971 3963 1075 4031 Potest
1092 3966 1169 4030 enim
1191 3979 1222 4031 et
1241 3968 1277 4032 il·

128 4063 185 4128 lios
198 4075 293 4151 pater,
312 4065 444 4132 simulne
460 4078 517 4148 est,
536 4069 625 4154 (qnod
640 4067 717 4133 absit
732 4076 764 4130 nt
777 4088 902 4150 unquam
919 4067 1065 4150 dieamus,
1089 4069 1182 4134 bouus
1198 4071 1275 4134 enim

129 4169 186 4252 est)
208 4179 388 4233 commutare
412 4169 557 4250 animum,
582 4170 820 4255 quemadmodum
842 4169 905 4235 eius
929 4182 975 4235 est
995 4171 1164 4237 immutatus
1185 4171 1272 4238 blius

128 4303 267 4357 votuerunt.
300 4307 333 4357 Et
347 4304 388 4356 alii
409 4323 440 4356 ex
453 4305 513 4375 ipsis
530 4305 618 4358 effreni
632 4306 685 4358 lin·
718 4309 791 4372 dipem
805 4310 878 4391 deame
898 4311 969 4370 ptooo
984 4311 1041 4360 mibi
1061 4312 1165 4362 videbor.
1201 4313 1274 4375 anpo

125 4390 175 4441 gna
189 4373 396 4442 deitatemipsius
412 4384 570 4455 avmsantes,
592 4390 684 4428 nomeu
717 4380 781 4428 eadm
798 4370 865 4429 αἰιιλ
915 4393 986 4444 serap
988 4395 1020 4432 ιι.

127 4441 293 4542 generatiopis
309 4440 464 4512 exsuperatis
479 4443 620 4511 vituperare
633 4460 684 4496 uon
751 4443 776 4498 3.
801 4373 1019 4513 Vmbdbdllbeppl
987 4442 1089 4513 ‚storto
1111 4451 1145 4515 δη
1147 4444 1273 4516 μ,ιοιργόι

128 4515 272 4563 serentum‘*
717 4527 778 4577 quoe
791 4516 875 4564 ubsnot
891 4517 921 4564 ob
936 4516 989 4564 edtt
1003 4517 1096 4580 prtm,
1112 4519 1223 4571 Petuntur
1237 4529 1272 4568 re

160 4578 185 4630 2.
203 4572 429 4650 ιιιιιλιγχιότιριι
454 4587 602 4634 sumserunt
627 4582 685 4634 Gor·
717 4584 790 4634 stltadt
805 4596 834 4634 ιι
849 4584 900 4634 ιιι.
919 4585 1038 4636 ιἰιίιιιι

129 4649 384 4703 immorerentur.
418 4651 684 4703 stnotomotttte·
