3046 5084
379 297 515 350 ruunutt
531 298 594 351 Lttt.
608 300 627 350 1.
645 301 726 353 ΤΟΜ.
739 301 783 352 lli.
801 301 898 352 HAER.
911 301 1033 353 XXXIV.
1219 290 1278 353 471

131 417 233 482 tietum
251 417 404 483 affirmant.
452 414 562 480 Verum
580 418 616 482 de
632 438 747 483 sommo
764 418 815 482 iilo
831 419 880 503 qui
896 419 988 482 videri
1008 441 1067 484 non
1081 430 1178 506 potest
1192 417 1283 484 Patre

131 538 167 583 ac
183 518 335 583 conditore
351 518 480 583 omnium
493 518 563 583 illud
579 520 673 603 ipsum
687 521 838 606 usurpari,
861 525 949 583 Nemo
963 524 1065 583 vt‘debit
1077 527 1172 596 dum,
1198 520 1282 586 lacile
1292 536 1431 594 motusue.

131 641 234 684 omnes
255 620 433 704 intelligunt.
479 617 560 685 ldem
583 643 665 685 uero·
679 643 737 685 non
759 623 795 684 nd
814 623 966 684 confictum
986 623 1066 686 illum
1084 624 1120 686 ab
1138 624 1203 687 istis
1222 621 1282 709 By·

131 723 228 802 tbnm,
252 723 304 785 sed
322 722 357 786 ad
375 743 473 786 rernm
491 722 618 787 omnium
637 723 768 809 opificem
785 724 960 802 convenire,
985 745 1108 808 eumque
1122 737 1180 788 ‘occ
1198 745 1282 809 aspe-

130 825 264 890 ctabilem
281 845 348 888 esse
363 825 460 903 deum,
480 847 498 889 a
514 825 599 889 nobis
615 836 717 911 postea
732 825 987 890 demonstrabitur.
1022 828 1141 890 Addunt
1151 827 1178 889 id
1195 827 1282 890 etiam

130 926 314 1012 significasse
331 925 503 1005 Danielem,
527 949 593 991 cnm
612 928 649 991 ab
671 928 775 1011 angelo
793 927 993 1012 parabolarum
1011 929 1281 1013 interpretationem

131 1029 211 1095 velot
226 1028 347 1113 ignarus
364 1029 503 1115 postulat.
542 1029 689 1113 Angelum
707 1050 778 1093 uero
795 1051 932 1113 oragnum
943 1027 1031 1116 Bytbi
1047 1031 1217 1115 mysterium
1233 1051 1282 1093 ce-

130 1132 192 1196 lare
210 1131 373 1216 cupientem
390 1132 431 1195 ita
447 1131 653 1217 respondisse:
679 1135 753 1194 Vnde
765 1135 885 1194 Daniel:
915 1138 981 1214 quia
997 1136 1091 1194 clausi
1104 1144 1172 1194 runt
1185 1137 1282 1213 sagnu-
1294 1149 1389 1204 nanta,
1400 1150 1419 1192 a.

132 1239 208 1315 tique
222 1255 380 1308 tumores,
413 1256 557 1315 quousque
572 1238 760 1314 intelligentes
776 1237 954 1313 ebtelle'gunt,
985 1248 1014 1296 et
1030 1237 1091 1296 nlbi
1106 1237 1278 1297 dealbentur.
1326 1207 1349 1244 α
1363 1201 1393 1245 ω’

131 1332 175 1400 Se
197 1335 273 1400 enim
296 1335 379 1399 albos
400 1335 467 1400 illos
490 1345 521 1399 et
541 1335 738 1420 intelligentes
761 1357 827 1400 esse
848 1335 1021 1420 gloriantur.

215 1539 458 1626 Apocrypbarum
482 1549 633 1626 praeterea
657 1551 687 1603 et
707 1538 933 1604 adulterinarum
955 1541 1179 1625 scripturarum,
1211 1561 1281 1625 quas
1295 1552 1432 1620 cipxtx.

130 1643 247 1729 ipsimet
270 1642 426 1706 commenti
455 1651 541 1719 sunt,
573 1642 713 1705 infinitam
737 1642 947 1706 multitudinem
972 1642 1145 1720 obtrudunt,
1179 1643 1281 1727 quibus

129 1743 273 1832 imperitis
301 1765 336 1808 ac
359 1764 564 1828 germanarum
589 1744 797 1826 scripturarum
823 1744 933 1827 ignaris
956 1756 1105 1829 stuporem
1130 1745 1279 1808 obiiciant.

132 1844 211 1931 Quin
226 1846 296 1911 illud
312 1846 457 1910 scelerate
473 1845 627 1909 confictum
643 1847 796 1931 prolernnt
812 1847 840 1908 in
858 1845 1001 1925 medium,
1026 1843 1187 1925 Christum,
1210 1867 1283 1932 puer

130 1972 196 2014 anm
214 1958 294 2014 esset
308 1949 466 2032 literaeque
483 1948 626 2026 disceret,
650 1947 777 2026 iubenti,
803 1959 833 2011 ut
851 1947 977 2026 assolet,
1003 1949 1200 2034 praeceptori,
1226 1947 1282 2012 Dic

63 2128 66 2132 ⁴
130 2052 229 2139 alpha,
261 2050 344 2136 alpha
361 2050 561 2136 respondisse.
605 2047 736 2113 Rursum
757 2061 790 2112 ut
807 2047 880 2113 Beta
896 2050 1011 2138 diceret¹
1024 2050 1213 2134 praecipienti
1234 2072 1281 2114 re·

128 2153 282 2242 spondisse
301 2153 465 2233 dominum,
490 2151 538 2215 Τιι
554 2151 622 2215 mibi
640 2152 761 2236 primum
781 2152 846 2236 quid
864 2151 904 2214 sit
919 2151 1002 2236 alplue
1020 2152 1123 2230 dicito,
1147 2163 1206 2215 tum
1225 2172 1281 2235 ego

130 2257 198 2343 quid
216 2255 255 2320 sit
270 2255 337 2319 beta
352 2254 548 2338 respondebo.
594 2252 680 2336 Quod
704 2254 744 2317 illi
763 2253 807 2318 sic
823 2253 1068 2333 interpretantur,
1101 2254 1183 2338 quasi
1201 2255 1280 2318 solus

130 2360 207 2444 qnod
223 2367 288 2422 erat
304 2359 433 2441 ignotum
451 2356 645 2438 intelligeret,
676 2356 762 2441 idque
779 2356 833 2420 sub
851 2355 953 2418 literae
971 2355 1055 2439 alpha
1071 2355 1169 2441 specie
1186 2356 1282 2419 decla-

130 2481 199 2526 rare
215 2460 315 2524 uellet.
353 2457 506 2524 Nonnulla
523 2480 638 2543 quoque
655 2459 772 2543 quaein
789 2457 940 2542 evangelio
956 2458 1093 2541 leguntur
1108 2459 1143 2520 ad
1160 2459 1281 2522 eaodem

78 2640 82 2651 Ι
131 2565 256 2628 formam
270 2562 427 2648 applicant.
474 2559 564 2625 Velut
579 2563 653 2646 quod
670 2562 753 2625 matri
770 2582 840 2625 suae
858 2561 1008 2623 duodecim
1025 2571 1109 2624 natus
1125 2581 1217 2623 anons
1234 2582 1281 2623 re-

130 2665 264 2751 spoudit:
295 2665 471 2727 Neseabbutis
487 2668 563 2745 quod
577 2670 606 2727 in
623 2669 659 2726 ies
673 2686 745 2746 quae
756 2669 850 2746 putris
866 2667 922 2724 mei
934 2675 1001 2724 sunt
1016 2675 1125 2743 oportet
1141 2686 1184 2724 me
1199 2672 1281 2725 esse?
1292 2681 1376 2738 naua,
1387 2683 1418 2728 ts.

130 2768 227 2854 Quem
250 2769 327 2832 enim
347 2766 549 2852 nesciebant„
563 2766 713 2850 inquiunt,
742 2763 861 2831 Patrem
884 2765 941 2828 illis
960 2765 1121 2828 nuntiabat.
1169 2763 1277 2848 Quam·
1291 2786 1375 2830 unuin.

129 2871 231 2935 obrem
247 2882 279 2935 ut
290 2872 421 2955 ignotum
439 2869 579 2932 bactenus
594 2866 712 2934 Patrem
729 2869 948 2954 praedicarent,
972 2868 1123 2931 duodecim
1139 2869 1174 2932 ad
1189 2869 1280 2932 tribus
1299 2839 1331 2894 η’
1346 2839 1377 2918 n.

129 2972 246 3037 misisse
271 2973 351 3037 illurn
374 2970 532 3057 discipulos
553 2982 700 3035 asserunt.
752 2969 865 3053 Deinde
895 2992 960 3032 cum
989 2969 1081 3049 alius,
1114 2976 1281 3052 Praeceptor

130 3077 219 3139 lona
248 3073 390 3151 dixisset,
422 3094 486 3137 eom
512 3073 560 3157 qui
587 3094 657 3137 vere
682 3073 845 3138 bonusest
870 3073 954 3135 deum
982 3072 1091 3136 diserte
1113 3074 1280 3136 contessum

130 3177 233 3243 luisse.
280 3181 427 3256 Quodne,
459 3175 568 3260 inquit,
598 3179 669 3238 dubis
685 3177 808 3238 bonurn?
853 3180 929 3238 Unus
944 3187 987 3236 est
1004 3176 1107 3249 bonus,
1133 3181 1217 3237 Pater
1233 3181 1285 3257 qui

129 3284 159 3344 in
185 3283 271 3342 ecelis
301 3291 361 3352 est.¹
406 3276 565 3343 Coelorum
589 3298 676 3363 porro
700 3279 817 3341 nomine
841 3279 962 3341 Aeonas
987 3280 1071 3341 modo
1096 3277 1281 3360 accipiendos

129 3402 209 3447 esse.
256 3379 341 3464 Quod
361 3392 456 3445 antem
477 3380 732 3466 percontantibus,
764 3385 798 3442 In
817 3403 871 3463 quc
885 3393 1024 3461 potestate
1039 3383 1091 3440 lece
1104 3381 1205 3459 sucas?
1234 3400 1280 3441 re·
1293 3401 1418 3455 naeuus.

128 3485 246 3571 spondit
260 3484 343 3563 nibil,
367 3484 420 3548 sed
438 3483 521 3547 aliam
536 3484 601 3547 eins
617 3483 817 3567 quaestionem
834 3482 995 3568 proposuit,
1020 3481 1196 3544 declaratum
1212 3481 1281 3546 illud

128 3609 166 3650 eo
179 3585 297 3650 silentio
312 3597 414 3671 putant
426 3607 568 3650 summum
582 3582 701 3649 Patrem
716 3586 801 3650 nullis
817 3606 903 3671 posse
920 3583 1018 3647 verbis
1034 3582 1186 3667 explicari.
1220 3581 1281 3647 Ve-

127 3691 171 3755 tut
187 3690 274 3753 ctiam
294 3689 334 3752 ita
352 3710 416 3753 cum
434 3689 549 3753 locutus
566 3699 627 3752 est:
652 3693 742 3772 Saepe
757 3711 809 3770 ego
824 3691 983 3750 desideravi
999 3707 1082 3747 unum
1097 3709 1134 3747 en
1148 3689 1207 3748 illis
1221 3709 1280 3748 ser·

127 3793 255 3856 manebus
269 3796 380 3866 audire,
404 3814 455 3854 nec
468 3794 745 3873 quidieeretdcbui,
770 3802 882 3877 aperte,
907 3787 1051 3873 inquiunt,
1075 3810 1163 3853 unum
1182 3800 1280 3854 osteo·

129 3895 171 3959 dit
186 3915 253 3959 esse
271 3895 373 3974 deum,
406 3915 490 3979 quem
509 3895 627 3958 minime
645 3895 685 3959 illi
701 3903 893 3979 cognoscent.
937 3891 985 3954 st
1003 3892 1074 3954 baec
1092 3913 1156 3955 enm
1173 3890 1280 3958 Hieru-

126 4054 183 4102 tonn
194 4051 212 4102 l.
228 4064 253 4112 p.
266 4047 304 4101 12
321 4043 425 4112 cop-ld.
721 4050 799 4099 dentis
815 4049 938 4097 &leuduni
954 4061 1002 4098 esse
1018 4049 1127 4096 crbdror.

161 4113 187 4168 4.
201 4119 246 4171 τοῦ
265 4119 316 4168 cod
331 4120 407 4168 tenu.
757 4115 783 4167 7.
798 4132 874 4182 φασιν
890 4110 992 4168 εἶναιτὰ
1009 4118 1099 4166 comest
1111 4130 1152 4179 epo
1165 4119 1233 4179 cuce
1245 4130 1281 4166 re·

162 4185 186 4237 5.
203 4181 266 4251 πρὸς
282 4179 375 4244 αὐτοὺς
390 4187 486 4235 autaut
502 4186 621 4235 Petuntur.
721 4187 790 4246 posui
806 4199 849 4245 pro
868 4198 894 4233 eo
911 4185 974 4246 quod
989 4187 1043 4233 ttbrt
1057 4189 1132 4234 tenere
1148 4199 1213 4250 φασι
1228 4186 1279 4237 δεῖν

161 4251 187 4304 6.
205 4250 241 4320 μὴ
255 4256 374 4317 pcrtuuta
386 4256 448 4303 obest
460 4254 692 4303 cbcnmibuslrbris.
723 4248 766 4305 διὰ
789 4253 841 4302 τοῦ.Ι
883 4253 1051 4314 Qucduitium
1073 4251 1280 4317 (antiquissimum,

131 4325 178 4373 Vnt
192 4324 320 4385 luter-pres:
344 4319 513 4370 inenarrabile
524 4319 601 4387 patris
615 4319 641 4370 in
658 4337 688 4369 eo
721 4323 757 4370 ute·
772 4319 875 4386 uidetur)
895 4323 983 4383 purtim
1005 4324 1078 4370 traxit
1097 4323 1167 4370 ettoba
1183 4322 1281 4370 Latinus

128 4387 197 4457 quod
221 4405 272 4439 ooo
297 4387 388 4440 dixerit
410 4404 460 4438 non
478 4385 616 4438 ostendisse
632 4404 689 4438 eum
721 4391 850 4450 luterpues,
867 4392 907 4452 qul
921 4392 1002 4439 uertit:
1020 4387 1071 4438 Sed
1086 4397 1112 4437 et
1125 4387 1150 4439 in
1168 4405 1197 4437 eo
1214 4387 1281 4456 qnod

128 4458 340 4526 interpretentur,
367 4460 408 4508 ubi
431 4459 531 4507 ottuutn
554 4457 614 4506 illud
636 4473 688 4506 noo
722 4455 1122 4509 deenen-sementariarum
1130 4455 1216 4508 dicunt
1226 4473 1280 4508 esse

130 4532 184 4579 unte
194 4541 246 4578 ccc.
255 4524 393 4578 ostendisse
404 4540 457 4576 euna
469 4527 556 4576 Grcbic
569 4528 590 4575 et
600 4527 689 4577 leum-
721 4541 766 4592 per
783 4522 832 4574 boc
848 4525 932 4574 Unum
949 4528 1000 4576 cett.
