3046 5084
377 282 513 336 rinnau
529 285 593 337 cre.
607 286 628 337 1.
645 285 727 339 rou.
740 286 784 339 m.
801 285 899 339 1111.
911 286 1057 338 xxxrur.
1222 277 1284 342 etc

214 399 336 468 Falsum
359 402 532 486 igiturest,
563 404 641 489 quod
662 404 712 468 isti
735 405 886 484 iactitant,
919 403 1019 470 Iudam
1047 405 1084 469 ob
1109 428 1173 472 eam
1197 418 1418 492 quamcop.v1.

130 504 257 573 babebat
279 507 431 571 scientiam
453 505 630 571 salvatorem
653 506 835 592 prodidisse3
868 508 998 591 adeoque
1024 530 1078 573 uec
1102 510 1157 594 ipsi
1183 507 1283 574 iudaei

131 606 252 675 Christo
273 608 303 671 in
326 628 414 672 cruce
435 608 541 673 suffixo
564 610 727 673 mercedem
750 609 900 673 consecuti
919 619 1004 687 sunt,
1038 613 1169 694 quamvis
1188 614 1283 676 crucis

130 711 216 776 nobis
232 711 375 774 beneficio
390 711 470 775 salus
485 711 650 776 obvenerit.
694 708 765 775 Non
783 711 860 775 euim
876 723 908 774 ut
924 712 1046 775 satutem
1066 712 1150 774 nobis
1165 714 1286 777 afferret

130 811 219 879 Iudas
235 813 313 876 ilium
332 813 465 891 tradidit,
495 814 546 904 sed
565 814 668 897 partim
686 813 869 898 ignorantia,
900 814 1002 898 partim
1020 813 1128 877 invidia
1145 825 1174 879 et
1189 816 1284 879 avari·

130 916 169 981 tia
186 916 302 994 ductus,
326 937 411 999 quam
429 937 494 979 cum
511 915 556 978 dei
574 915 766 1000 abnegatione
783 916 990 979 coniunxerat.
1035 913 1154 979 Etenim
1171 917 1240 980 iicet
1254 917 1283 980 iu

130 1039 246 1083 crucem
264 1029 360 1082 ectum
378 1018 414 1081 iri
432 1014 582 1082 Christum
599 1018 744 1103 scriptura
762 1018 962 1103 praedixerit,
986 1038 1021 1079 ae
1038 1039 1111 1101 quae
1128 1019 1282 1102 postremis

130 1120 309 1205 temporibus
331 1141 349 1184 a
371 1118 455 1183 nobis
481 1121 687 1185 committendo
711 1131 779 1184 suut
802 1120 915 1183 sceiere
938 1120 985 1183 diu
1006 1132 1073 1184 ante
1096 1121 1280 1204 significarit,

130 1224 254 1302 unllam,
278 1223 302 1286 si
321 1222 396 1286 made
412 1222 555 1308 quicpiam
574 1223 737 1306 egerimus,
762 1243 801 1285 ex
821 1221 893 1285 iisce
911 1222 1073 1306 scripturae
1092 1224 1280 1302 testimoniis,

129 1347 205 1411 quae
230 1327 258 1390 id
285 1327 412 1390 ictorum
436 1325 660 1410 praenuntiant,
699 1324 919 1388 excusationem
945 1323 1126 1389 babebimus.
1176 1323 1283 1410 Neque

129 1429 206 1493 cuim
226 1429 303 1512 quod
320 1427 463 1513 scriptura
485 1426 681 1513 praedixerit,
711 1426 822 1490 idcirco
840 1426 979 1505 iacimus,
1011 1428 1063 1490 sed
1081 1427 1156 1512 quod
1178 1429 1283 1491 ducturi

129 1552 264 1610 eramus,
288 1530 433 1616 scriptura
447 1528 609 1614 praedixit3
633 1529 670 1593 ob
684 1528 905 1592 antecedentem
924 1527 969 1591 dei
987 1529 1121 1592 videlieet
1138 1532 1282 1615 coguitio-

129 1655 214 1712 uem,
245 1643 331 1716 atque
350 1642 381 1696 ut
398 1633 469 1697 deus
487 1633 564 1716 ipse,
596 1632 643 1715 qui
664 1631 758 1694 bouus
776 1641 838 1710 est,
869 1653 932 1694 cum
952 1632 1094 1694 adversus
1112 1645 1282 1717 peccatores

128 1738 202 1800 iram
218 1745 352 1813 exercet,
373 1756 431 1798 uon
447 1733 663 1820 perturbatione
678 1734 774 1818 aliqua
788 1744 950 1796 commotus
967 1754 1033 1796 csse
1049 1733 1193 1800 videatur.
1224 1734 1281 1799 Dei

128 1839 270 1923 siquidem
290 1841 432 1900 adversus
450 1845 619 1921 peccatores
637 1836 782 1920 quoslibet
803 1835 964 1918 indignatio
982 1857 1039 1897 non
1061 1836 1096 1899 ab
1115 1837 1172 1899 ulia
1192 1838 1281 1903 aniuri

128 1940 346 2027 perturbatione
361 1937 571 2024 proficiscitur3
591 1948 674 2001 caret
686 1938 763 2000 enim
778 1937 856 2000 omni
873 1937 1091 2021 perturbatione
1106 1939 1188 2003 deus.
1220 1936 1285 2012 Sed

128 2045 200 2108 iram
215 2063 297 2106 more
313 2042 460 2106 bominum
474 2061 617 2104 exercere
633 2040 749 2118 dicitur,
767 2039 898 2102 nonullo
914 2060 1003 2102 seusu
1019 2039 1128 2102 doloris
1143 2043 1279 2121 affectus,

129 2167 183 2210 nee
200 2145 348 2208 iracundia
365 2153 530 2228 superatus.
565 2140 626 2206 imo
643 2163 715 2206 vero
731 2153 912 2227 quantopere
928 2163 962 2204 ea
979 2153 1065 2204 vacet
1083 2143 1137 2207 boc
1153 2143 1217 2228 ipso
1232 2146 1282 2207 de·

129 2249 237 2328 clarat,
270 2248 346 2332 quod
367 2247 495 2310 futurum
512 2245 648 2309 iudicium
669 2266 702 2309 ac
721 2244 911 2309 iustissimam
929 2243 1210 2308 animadversionem
1232 2248 1281 2309 de·

129 2351 264 2429 nunciat,
297 2359 329 2413 ut
347 2370 379 2412 se
396 2347 599 2412 commotionis
615 2347 711 2412 omnis
726 2358 878 2432 expertem
895 2367 961 2410 esse
978 2348 1169 2411 demonstret.
1215 2347 1280 2414 Hoc

126 2454 217 2539 igitur
234 2453 395 2516 futurorum
412 2450 545 2536 praescia
561 2451 705 2534 scriptura
723 2450 883 2535 significat,
916 2448 957 2512 uti
976 2449 1122 2513 cautiores
1141 2473 1195 2514 nos
1214 2454 1280 2515 red-

128 2557 227 2621 datae
244 2555 479 2633 condocefeciat,
504 2575 541 2617 ue
557 2552 763 2639 inexpiabilem
781 2551 827 2615 dei
843 2553 872 2615 iu
890 2552 1080 2616 offensionem
1097 2554 1280 2619 incurramus

128 2680 202 2744 quae
219 2679 277 2721 oon
294 2656 511 2742 perturbatione
527 2656 663 2720 definitur
678 2655 752 2734 ulla,
776 2676 831 2719 nec
844 2654 925 2719 velut
939 2655 1016 2718 victo
1032 2675 1065 2720 ac
1080 2657 1280 2721 succumbenti

127 2761 249 2838 accidit,
273 2761 323 2824 sed
340 2759 503 2824 bominibus
517 2759 566 2839 iis,
590 2780 663 2843 quos
679 2759 822 2822 scelerum
837 2778 911 2842 quae
925 2758 1135 2822 commiserunt
1148 2781 1220 2824 vere
1236 2771 1279 2824 at·

127 2885 184 2949 que
206 2862 302 2926 aniano
325 2884 382 2926 nou
406 2862 553 2947 poenitet,
578 2871 749 2947 praeparata
773 2861 889 2925 dicitur.

214 2963 294 3029 idem
311 2976 340 3028 et
359 2966 394 3028 de
411 2965 506 3028 crucis
523 2963 664 3049 supplicio
682 2963 812 3048 cogitare
831 2963 980 3028 debemus.
1026 2962 1095 3026 Non
1116 2964 1192 3027 euim
1213 2987 1279 3051 pro·
1299 2976 1419 3045 eopvtt.

127 3079 229 3155 pterea
253 3067 327 3152 quod
351 3068 390 3130 ita
413 3069 474 3131 iore
496 3067 640 3152 scriptura
662 3067 824 3151 praedixit,
855 3062 993 3130 Christus
1012 3067 1108 3129 autin
1128 3089 1243 3131 crucem
1263 3091 1279 3133 a

128 3169 245 3235 ludaeis
266 3181 312 3233 est
330 3180 412 3234 actus
434 3180 485 3233 aut
506 3190 522 3232 a
543 3167 613 3235 luda
635 3166 783 3254 proditus,
815 3169 866 3232 sed
888 3170 963 3253 quod
983 3181 1013 3231 ct
1030 3169 1195 3252 proditurus
1212 3192 1278 3234 eum

127 3270 214 3338 ludas
233 3285 328 3351 esset,
362 3283 392 3336 et
406 3273 436 3336 io
455 3293 572 3336 crucem
590 3271 683 3336 acturi
701 3267 817 3351 ludaei,
850 3270 885 3333 ob
903 3272 931 3334 id
950 3272 1053 3334 tamin
1073 3283 1174 3334 cetere
1191 3283 1278 3336 testa-

127 3385 225 3440 mento
247 3375 391 3460 scriptura
413 3396 497 3458 quarn
519 3374 549 3437 in
569 3373 723 3458 evangelio
744 3373 877 3436 dominus
897 3372 959 3458 ipse
978 3376 1103 3436 tutorum
1124 3374 1278 3457 aliquando

127 3452 357 3562 pronuntiavit.'
389 3475 586 3561 Quamobrem
613 3497 671 3539 non
696 3497 736 3539 ex
759 3487 839 3539 certa
863 3475 1020 3558 singularis
1044 3476 1122 3538 iliius
1144 3475 1278 3541 beneficii

127 3578 268 3658 scientia,
292 3581 367 3664 quod
383 3580 412 3642 io
428 3580 563 3644 mundum
580 3600 619 3642 ex
637 3599 672 3641 eo
687 3578 851 3658 derivaret,
875 3578 1021 3640 dominum
1037 3576 1124 3641 ludas
1141 3580 1276 3663 prodidit,

127 3694 160 3749 ut
176 3683 216 3747 illi
234 3684 429 3761 mentiuntur,
461 3683 512 3746 sed
531 3682 572 3745 ite
590 3682 685 3768 potius
701 3691 732 3746 ut
748 3693 779 3746 et
794 3703 877 3746 suum
896 3702 962 3745 esse
979 3680 1125 3744 dominum
1143 3681 1277 3764 sciverit,

127 3797 157 3850 et
178 3807 263 3870 quam
285 3785 408 3866 idipsum
428 3785 535 3849 mundo
553 3786 683 3849 salutaro
703 3795 782 3849 esset
799 3784 951 3868 ignorarit.
996 3780 1023 3847 F
1025 3784 1117 3848 icrine
1137 3796 1233 3871 potest
1252 3787 1277 3851 is

126 3898 160 3952 ut
176 3888 278 3953 salotis
295 3888 441 3952 bominum
460 3910 558 3953 curam
578 3899 662 3972 gerat
680 3910 728 3972 qm
721 3886 783 3950 ab
801 3890 925 3971 ipsomet
942 3886 1088 3950 salvatore
1106 3888 1276 3973 perditionis
1286 3914 1361 3962 ronan
1367 3918 1388 3974 r,
1395 3920 1428 3964 m.

128 3990 203 4055 ditus
219 3991 379 4076 appellatus
394 3991 504 4070 iuerrt
527 4001 557 4054 et
572 3991 641 4055 uliud
656 3990 797 4068 audierit
821 3995 928 4051 Beuum
942 3995 1060 4065 ecerat
1084 3997 1373 4114 sanatusconnth„

118 4097 230 4176 [111111
242 4097 323 4156 domo
339 4097 405 4157 tile:
429 4093 511 4173 item,
531 4099 641 4168 Amice,
659 4096 698 4156 ud
710 4097 779 4175 quid
791 4097 912 4155 11111111
934 4102 974 4170 et,
1003 4097 1079 4156 Unum
1092 4117 1129 4156 cc
1144 4097 1220 4158 uodr'r
1235 4118 1277 4158 me
1289 4123 1337 4218 qq
1288 4073 1367 4219 wip*
1378 4126 1410 4170 ω

128 4200 286 4260 traditurus
300 4175 1365 4284 111111,(11ιί11111111111111111111111,1111111111111111σαί-ιζ’ἰέι

128 4322 259 4376 cuneum,
292 4310 322 4363 ut
342 4295 556 4364 ePsalmorum
573 4297 647 4363 libro
666 4297 847 4382 evangelium
866 4297 1029 4383 expressit:
1057 4299 1144 4384 item,
1176 4307 1232 4364 Vae
1249 4309 1425 4381 er‘qrrormnr.

92 4450 96 4457 '
160 4453 186 4506 2.
203 4469 233 4504 ex
248 4451 414 4522 praecedente
429 4450 573 4503 testimonio
589 4449 683 4520 penite-
717 4453 823 4516 pectione
842 4457 938 4504 cotum
956 4452 1072 4522 προάγειν
1093 4463 1195 4509 occurret
1212 4460 1276 4521 infru

127 4521 157 4574 rii
174 4527 235 4575 recte
253 4525 321 4574 111111
339 4524 472 4574 1111111111.
506 4523 597 4573 Eodem
612 4523 684 4586 11111-
717 4521 781 4573 boor.
794 4522 883 4585 cer,
900 4522 924 4575 6.
939 4528 1048 4587 positum
