3046 5084
403 366 538 420 raanan
555 368 618 421 nm.
631 370 653 420 r.
668 370 751 422 ron.
765 371 797 421 n.
814 370 912 422 nara.
928 372 1035 423 xxrn.
1231 361 1292 424 not

150 496 251 572 ruptas
271 485 344 551 alias
365 486 431 550 rias
453 485 739 551 aratorumne
759 489 927 568 conteram,
949 511 1008 552 uon
1028 501 1060 551 ut
1077 490 1135 553 iter
1155 491 1293 575 peritias

150 588 271 667 faciam,
294 587 345 651 sed
363 599 395 650 ut
412 586 526 648 eminas
542 585 579 649 iis
598 597 821 650 commonstrem
843 591 891 670 qui
907 591 1080 672 asperitates
1098 589 1163 652 idas
1185 613 1294 674 eogno-

150 709 252 767 scere,
276 689 357 752 etad
374 698 484 750 arctam
502 688 579 750 ittam
597 699 807 771 angustamque
825 689 920 766 viem,
943 710 1017 771 quae
1035 693 1068 751 ad
1085 701 1232 753 aeternam
1250 693 1295 754 vi·

150 803 208 855 tans
232 789 383 877 perducit,
407 789 567 871 coningere
590 788 753 866 voluerint,
777 789 865 851 latam
885 808 956 850 vero
979 809 1014 850 ac
1032 790 1187 873 spatiosam
1210 792 1295 854 aliam

149 893 329 977 relinquere,
353 910 427 972 quae
442 889 533 974 spinis
546 889 708 974 intercepta
724 900 754 952 et
768 890 951 952 offendiculis
966 889 1113 973 impedita,
1137 911 1229 954 coeno
1244 891 1296 954 ob·

151 1092 310 1180 pndieitiae
324 1114 358 1155 ac
376 1092 500 1155 libidinis
516 1090 733 1167 similitudinem
751 1095 844 1155 refert
862 1113 955 1176 genus
969 1093 1039 1156 iilud
1055 1095 1200 1179 serpentis
1217 1105 1296 1157 atro-

149 1195 299 1258 cissimum
318 1193 363 1256 cui
382 1205 484 1274 pareo
499 1198 623 1273 mertis
639 1199 749 1274 erperae
767 1214 872 1256 nomen
893 1204 1026 1258 vetustas
1040 1195 1153 1259 indidit.
1200 1195 1295 1260 Huius

150 1296 227 1359 enirn
246 1305 347 1358 natura
363 1294 476 1357 illorum
495 1293 640 1378 nequitiae
658 1317 742 1378 quam
761 1294 907 1359 simillima
923 1306 984 1376 est;
1010 1297 1057 1379 qui
1074 1319 1139 1359 cum
1157 1298 1294 1361 masculis

151 1411 202 1462 aut
224 1396 336 1460 feminis
352 1394 557 1480 turpitudinem
574 1407 724 1481 patrantes
740 1417 841 1459 sennen
858 1397 1011 1460 infundere
1029 1399 1198 1482 prohibent,
1222 1398 1294 1461 insi·

150 1509 265 1583 tamque
288 1496 395 1561 creatis
414 1496 502 1559 rebus
523 1518 541 1559 a
565 1499 620 1560 den
644 1499 894 1583 propagandorum
914 1497 972 1561 vim
991 1501 1099 1562 tetnum
1122 1502 1291 1582 extingunt.

149 1598 232 1665 Unde
251 1610 281 1663 et
299 1599 445 1685 apostolus
465 1598 506 1661 ita
526 1599 659 1684 scripsit:
690 1604 846 1662 Mercedem
870 1623 951 1679 quom
973 1608 1096 1681 oportuit
1116 1609 1224 1664 morte
1244 1607 1400 1670 aaroni,
1412 1616 1445 1659 n.

149 1708 178 1764 a’n
197 1706 296 1782 seipsis
315 1704 482 1781 reerpr'entes
503 1710 561 1762 etc.
607 1697 659 1764 Sic
681 1702 757 1763 enim
780 1703 895 1762 terrent:
921 1712 1019 1780 partus
1038 1714 1188 1785 expertem
1212 1704 1290 1768 illam

148 1805 276 1888 viperam
295 1801 430 1866 titillante
450 1800 577 1864 libidinis
594 1803 743 1886 voluptate
762 1823 869 1863 marem
893 1803 977 1864 simut
999 1824 1033 1863 ac
1057 1805 1192 1867 feminam
1215 1805 1293 1870 inter

146 1926 179 1969 se
197 1904 398 1983 commisceri,
422 1923 457 1965 ac
475 1923 528 1987 per
546 1923 580 1964 us
594 1902 751 1984 congredi;
776 1903 872 1964 hiante
888 1903 1029 1985 siquidem
1053 1907 1158 1968 semina
1181 1928 1291 1971 marem

148 2110 236 2186 dere,
261 2109 465 2189 exhaustoque
487 2109 561 2188 qnod
583 2125 622 2166 ex
638 2124 690 2166 ure
707 2103 834 2166 destillat
849 2124 965 2167 veneno
981 2106 1069 2167 tetum
1088 2109 1176 2169 maris
1194 2129 1228 2171 ac
1250 2112 1293 2173 te·

145 2210 242 2274 minae
258 2231 311 2296 par
325 2210 354 2272 in
372 2219 456 2272 utero
472 2227 590 2290 gerere.
635 2201 667 2268 ld
684 2206 731 2268 ubi
748 2206 895 2281 creverit,
919 2227 983 2267 cum
1002 2206 1109 2268 nullum
1128 2230 1185 2291 qno
1202 2210 1231 2271 in
1250 2211 1293 2273 Ιιι·

146 2333 207 2377 cem
234 2321 367 2396 erumpet
391 2311 502 2372 exitum
525 2309 653 2392 reperit,
684 2319 845 2371 maternum
869 2307 945 2370 latus
971 2309 1164 2390 pertundere,
1195 2310 1293 2394 itaque

146 2434 210 2478 cum
225 2413 377 2496 utriusque
395 2410 525 2496 parentis
544 2409 663 2474 interitu
682 2411 774 2473 nasci.
819 2406 891 2471 lndc
906 2421 1009 2488 partas
1026 2423 1165 2489 expertem
1184 2433 1293 2495 cogno·

146 2516 263 2579 minari.
308 2512 365 2576 Est
388 2534 461 2576 vero
485 2533 554 2596 prae
581 2512 707 2575 caeteris
734 2512 797 2574 dira
819 2511 1004 2593 serpentibus
1031 2531 1066 2574 ac
1091 2511 1290 2590 formidabitis,

147 2638 221 2702 qnae
244 2618 323 2680 intra
347 2635 416 2678 sesa
439 2635 548 2676 marem
567 2624 688 2692 enecat,
712 2624 798 2696 atquc
821 2633 873 2675 ore
894 2614 957 2697 ipso
980 2614 1146 2676 foeditatem
1169 2614 1290 2698 excipit.

146 2717 224 2783 Huic
240 2739 327 2805 porro
347 2717 462 2800 gemina
477 2716 580 2779 insana
594 2715 642 2779 illa
659 2714 790 2779 haeresis
808 2726 865 2793 est,
889 2716 971 2778 euius
991 2737 1044 2779 nos
1062 2716 1156 2800 capite
1173 2737 1208 2779 ac
1227 2737 1293 2778 eur-

148 2841 237 2906 pore,
260 2819 382 2903 eiusque
401 2819 463 2882 fetu
484 2818 562 2880 omni
582 2818 660 2880 vitae
683 2816 787 2880 haculo
805 2817 938 2880 contritis
955 2818 1078 2880 edatius
1096 2828 1291 2895 transeamus,

148 2922 298 3007 implorata
324 2920 452 2984 numinis
472 2939 545 3006 ope,
569 2918 617 2982 cui
639 2919 733 2983 horror
754 2929 785 2983 et
803 2918 954 3003 imperium
972 2921 1003 2982 in
1023 2921 1141 2985 saecuta
1159 2921 1292 2985 saeculo-

148 3045 230 3103 rum,
254 3023 361 3087 Amen.

373 3572 599 3649 CONTRA
625 3572 1069 3664 detrectamus

347 3718 430 3788 quae
467 3700 518 3769 est
552 3692 700 3768 haeresis
727 3695 825 3785 vlt,
861 3695 916 3770 rel
944 3690 1090 3767 XXVII.

229 3840 398 3910 Secundum
417 3845 470 3907 hos
491 3845 564 3910 alius
579 3846 694 3929 quidam
712 3842 879 3930 Carpocras
896 3843 1012 3922 extitit,
1038 3840 1085 3926 qui
1102 3862 1141 3904 ex
1158 3842 1289 3906 mendaci
1309 3846 1366 3913 cap.
1381 3848 1400 3895 1.

147 3946 267 4031 ingenio
289 3966 344 4011 sno
366 3947 512 4032 propriam
530 3948 673 4030 quandam
693 3970 728 4011 ac
749 3949 890 4010 nefariam
911 3957 1020 4009 sectam
1039 3945 1236 4030 excogitavit,
1261 3957 1292 4008 et

147 4046 283 4113 omnibns
309 4069 423 4111 morona
450 4049 504 4111 suit
529 4049 673 4134 pravitate
698 4050 838 4112 deterior.
883 4047 966 4110 Haec
991 4048 1067 4112 enim
1092 4047 1224 4112 haeresis
1252 4068 1291 4111 ex

146 4150 276 4217 omnium
294 4151 445 4214 erroribus
462 4152 601 4229 effloruit,
626 4148 773 4229 Simonis,
797 4150 926 4233 inquam,
950 4149 1161 4228 etMenandri‚
1187 4147 1290 4212 Sator-

147 4253 197 4318 niti
212 4276 248 4318 ac
262 4252 409 4317 Basilidas
427 4263 456 4316 et
473 4251 602 4331 Niceten,
627 4251 757 4334 adeoque
772 4248 961 4336 Carpocratis
978 4253 1080 4338 ipsius,
1105 4265 1164 4316 turn
1181 4250 1291 4316 Valen-

147 4355 219 4436 tini,
241 4377 259 4420 ι
279 4377 336 4442 quo
359 4366 518 4441 propagata
536 4355 584 4417 itta
607 4374 760 4438 perperam
780 4355 855 4418 dicta
875 4357 1020 4441 cognitio,
1045 4377 1118 4440 quae
1133 4353 1290 4418 Gnostico-

147 4522 232 4592 adpro
248 4529 286 4578 cd.
297 4530 390 4590 princ,
413 4528 474 4577 unde
489 4529 600 4578 Patavina
616 4528 640 4578 in
657 4542 701 4578 aare
767 4526 792 4578 5.
809 4523 921 4595 ἄρρωγὸι
940 4531 989 4578 cod.
1000 4528 1096 4588 Rhedtp.
1111 4533 1132 4577 ct
1144 4529 1289 4589 editprtac..

145 4596 200 4645 edit.
218 4598 310 4659 csrtnrtt
325 4595 478 4661 upcetaipea.
732 4612 776 4660 pro
791 4611 860 4646 more.
