3046 5084
301 326 437 378 raunnu
455 328 517 378 cra.
531 329 550 379 r.
566 327 647 380 ron.
663 327 706 378 ur.
722 326 822 378 enan.
834 327 968 378 xxxru.
1147 314 1210 379 499

146 444 239 510 'l'ales
268 445 412 511 adversos
439 442 531 510 Eram
555 448 636 509 luere
660 445 805 530 serpentis
832 446 967 509 insidiae.
1014 444 1128 508 Etenim
1153 445 1209 507 iam
1229 461 1289 528 cap.
1309 461 1338 511 tt.

60 559 120 612 lum
147 548 184 610 ab
209 548 293 611 initio
319 560 421 611 natura
448 547 595 611 homiuum
623 546 760 611 ueritatis
785 548 905 632 rupida,
940 547 1023 610 ratris
1048 549 1213 627 dogmatum

60 650 184 714 somniis
205 661 236 713 et
253 651 389 713 inauribus
407 650 558 734 promissis
580 649 656 712 solet
678 649 781 735 abripi.
829 648 867 712 Et
883 651 996 732 quidem
1017 649 1156 734 principio
1174 652 1214 712 la·

60 762 126 815 teos
156 751 204 814 ille
232 772 266 816 ac
293 753 402 815 sensim
432 753 577 836 obrepens
607 753 681 815 ictos
704 753 838 816 venenati
869 752 978 814 cxitrrm
1004 751 1213 815 dissimulabat.

61 851 170 917 Postea
193 875 257 918 cum
278 855 409 917 salvator
427 865 576 940 assumpto
596 874 718 936 corpore
738 854 886 932 seruisset,
920 855 1000 916 virm
1023 877 1107 918 orrrrre
1132 876 1215 919 suum

60 977 97 1020 ac
117 957 220 1019 neirarii
242 957 363 1020 seeleris
380 955 594 1041 improbitatem
614 977 752 1020 evomere
771 979 805 1018 ao
825 958 967 1042 despuere
987 963 1092 1041 coepit.
1138 957 1214 1020 Nam

61 1059 251 1142 semetipsum
275 1059 433 1121 iulelicinm
457 1057 570 1122 illorum
597 1059 741 1122 mentibus
766 1059 811 1121 alei
835 1061 927 1122 iustur
954 1059 1114 1122 lrabeudum
1140 1061 1217 1122 erle·

61 1162 262 1245 braolurnque
286 1162 447 1246 proposuit.
493 1159 552 1225 Sed
573 1161 646 1223 idern
668 1182 809 1245 serpeus,
841 1163 888 1245 q'ni
909 1183 960 1245 per
979 1163 1111 1225 aluuruos
1130 1162 1216 1224 disci·

62 1266 158 1352 plinae
175 1285 245 1327 snae
263 1276 382 1349 postea,
407 1263 475 1326 olim
493 1284 546 1348 per
560 1264 764 1349 aspectabilem
782 1265 859 1326 illum
877 1276 1061 1349 serpentem,
1086 1266 1217 1328 lrorrnines

63 1367 266 1431 circumvenit.
320 1365 473 1430 Diabolum
504 1366 581 1429 euim
611 1367 753 1451 scriptura
785 1378 950 1452 serpentem
981 1368 1125 1445 nominat,
1158 1388 1217 1431 aron

62 1471 139 1555 qarod
159 1490 193 1532 ea
213 1470 253 1532 sit
269 1471 332 1534 eius
352 1470 462 1553 ligura,
496 1472 546 1531 sed
565 1471 640 1553 qnod
658 1489 696 1531 ex
715 1469 848 1533 ornrribus
867 1470 968 1532 bestiis
984 1470 1022 1533 sil
1041 1471 1087 1532 ille
1107 1481 1218 1533 tartaro·

63 1573 215 1651 sissimus,
250 1572 383 1656 qnodque
401 1571 521 1656 primam
540 1572 668 1634 oarroiuor
687 1574 814 1634 lraudem
833 1573 886 1634 snb
905 1576 1049 1657 serpentis
1068 1574 1219 1636 involucro

64 1673 182 1738 molitos
200 1675 297 1737 inerit.
338 1673 536 1756 Quamobrem
555 1675 628 1757 apud
645 1694 709 1750 eos,
729 1676 776 1757 qui
793 1675 925 1738 veritatis
943 1676 1015 1738 baud
1031 1676 1123 1759 ignari
1139 1685 1218 1755 suut,

63 1777 218 1842 ridiculum
235 1785 280 1839 est
297 1776 374 1839 illius
390 1779 510 1859 dogma,
536 1797 593 1838 rron
612 1775 706 1839 miuus
724 1798 807 1859 qrrarn
824 1778 871 1860 qui
888 1776 980 1840 eidem
999 1779 1219 1861 acquiescentes

65 1879 193 1943 numinis
207 1879 301 1942 instar
316 1889 482 1963 serpentem
500 1879 608 1941 uoluat.
655 1876 797 1941 Diabolus
813 1880 929 1963 quippe,
949 1902 1012 1943 error
1029 1881 1140 1944 virilem
1158 1882 1221 1942 aui-

65 2002 144 2046 anum
163 1981 297 2045 veritatis
319 2003 335 2044 a
358 1982 413 2044 aleo
433 1981 600 2060 cognitione
618 1980 786 2044 roboratum
805 1982 939 2065 decipere
959 2005 1017 2045 uon
1036 1993 1151 2068 posset,
1185 1983 1221 2044 ad

66 2084 218 2148 mulierem
236 2104 303 2147 sese
319 2083 476 2160 sacraverat,
498 2083 643 2147 hominnm
659 2082 795 2147 videlicet
808 2082 1019 2166 ignorantiam
1044 2096 1071 2147 et
1086 2085 1222 2169 quoniam

67 2186 193 2250 lurtibas
209 2185 335 2270 ingeniis
353 2185 453 2270 nequit
469 2186 609 2262 illudere,
641 2206 694 2249 eos
710 2186 813 2269 quibus
830 2186 1012 2267 ignorantiae
1028 2188 1155 2250 caecitas
1172 2188 1223 2250 ob-

68 2290 157 2353 rlncta
175 2298 222 2352 est
236 2289 272 2351 orl
289 2309 356 2352 sese
375 2298 499 2351 conatur
514 2288 643 2351 allicere.
689 2286 766 2352 Nam
784 2289 971 2352 muliebribus
989 2301 1127 2374 perpetuo
1145 2291 1224 2372 cogi·

69 2391 229 2456 talionibus
244 2391 446 2468 adhaerescit,
471 2388 611 2474 voluptati
629 2389 762 2453 nimirum
781 2402 810 2453 et
827 2390 992 2474 cupiditati,
1026 2392 1080 2455 hoc
1094 2404 1140 2455 est
1155 2392 1226 2455 ede·

69 2494 196 2557 minatae
219 2493 248 2556 in
270 2492 434 2556 bominibus
451 2493 651 2577 ignorantiacq
683 2493 765 2555 lirma
785 2514 858 2557 vero
875 2516 909 2557 ac
928 2495 1090 2557 constantia
1109 2494 1225 2578 iugenio

69 2596 254 2675 relormirlat,
279 2616 353 2679 quae
369 2616 467 2658 rerum
481 2595 608 2658 omnium
625 2606 852 2658 consentaneam
868 2617 902 2658 ac
918 2618 1076 2680 congruam
1094 2596 1224 2660 notitiam

68 2699 246 2775 informant,
278 2719 312 2762 oc
329 2699 414 2762 deum
433 2698 527 2784 ipsum
552 2719 591 2761 ex
618 2709 739 2761 naturae
763 2699 827 2783 lege
847 2699 1027 2762 discernunt.
1076 2697 1225 2763 Christum

69 2803 148 2866 euim
171 2802 343 2864 scillarum
367 2821 435 2864 esse
456 2821 579 2886 serpens
602 2800 768 2885 praedicat,
802 2801 848 2864 vel
871 2802 988 2864 minime
1013 2803 1075 2886 ipse
1097 2803 1223 2886 quidem,

69 2904 261 2989 nequeenim
285 2903 363 2988 loqui
382 2914 496 2989 potest,
525 2905 576 2966 sed
599 2903 646 2987 qui
665 2902 752 2966 talem
772 2904 892 2966 istorum
911 2905 1056 2968 mentibus
1074 2905 1227 2988 cogitatio·

70 3026 138 3072 narn
158 3006 259 3070 iniecit
277 3005 421 3069 diabolus.
468 3003 577 3089 Ecquis
599 3027 672 3068 vero
688 3005 785 3068 statim
804 3027 838 3068 ac
855 3019 1021 3091 serpentem
1041 3008 1147 3071 viderit
1169 3028 1227 3071 oon

72 3108 186 3173 bostem
211 3109 424 3172 animadvertat
446 3129 480 3170 ac
507 3107 618 3192 fugiat?
667 3106 752 3172 llaoc
778 3109 854 3171 euim
877 3110 914 3171 ob
938 3131 1070 3175 caussam
1094 3111 1228 3174 douriuus

73 3222 240 3298 serpentem
257 3211 334 3275 iuter
349 3211 555 3294 bominumque
571 3231 664 3295 geraus
682 3209 803 3273 hostiles
818 3212 984 3275 iuimicitias
999 3211 1127 3289 immisit,
1152 3213 1228 3297 quod

73 3313 193 3379 omniuo
210 3313 343 3376 diabolus
360 3313 471 3377 bestiae
489 3333 583 3395 georas
600 3313 675 3376 istud
694 3313 775 3377 velut
791 3315 1014 3378 instrruneotum
1035 3316 1227 3391 adhibuisset,

73 3417 278 3500 hominemque
293 3416 370 3479 intra
388 3415 514 3501 paradisi
532 3425 613 3500 septa
629 3417 810 3500 decepissem
835 3428 867 3479 ut
883 3418 931 3500 qui
949 3416 1067 3479 externi
1084 3416 1229 3501 serprutis

73 3519 207 3584 hostilem
226 3518 353 3605 speciem
372 3518 532 3604 conspicati
552 3519 676 3598 luerim,
700 3519 736 3581 ab
754 3519 817 3582 eius
835 3519 949 3582 insidiis
966 3529 1107 3598 caveant,
1131 3539 1165 3581 ac
1182 3520 1230 3582 rel

73 3623 188 3708 ipsum,
213 3631 245 3684 at
267 3622 305 3684 ita
329 3621 442 3701 dicam,
465 3631 654 3705 corrspeetum
677 3621 754 3685 illins
777 3622 1002 3684 exhorrescant.

158 3719 287 3809 Ophitac
308 3743 381 3787 vero
399 3724 466 3787 buic
484 3724 637 3788 scientiam
657 3744 771 3788 omnem
793 3725 938 3801 tribuunt,
972 3724 1070 3808 itaque
1092 3725 1228 3808 proliten-
1248 3737 1307 3806 cap.
1325 3739 1369 3789 tlt.

74 3837 139 3891 ture
163 3837 331 3911 serpentem
350 3826 514 3890 bominibus
531 3827 672 3891 scientiae
691 3827 786 3890 omnis
805 3837 953 3890 auctorem
973 3828 1124 3906 extitisse,
1149 3828 1230 3891 iude·

75 3949 133 4014 que
154 3928 268 3993 tabulas
289 3950 387 3993 meras
412 3950 484 4013 quas
506 3951 560 4015 pro
579 3930 728 4015 mysteriis
747 3928 854 3992 habeut
872 3930 1027 3992 commenti
1050 3941 1133 4010 suut3
1165 3952 1229 3993 crum

76 4031 148 4096 nihil
169 4031 247 4095 alind
270 4041 388 4118 praeter
407 4030 558 4095 ratimarum
582 4032 693 4095 ludicra
711 4031 832 4094 ridicula
852 4052 972 4116 prorsus
994 4043 1025 4095 et
1043 4032 1139 4097 inania
1158 4032 1228 4097 siut.

75 4132 195 4199 Etenim
217 4136 255 4199 ab
274 4134 380 4198 Aeone
399 4154 513 4197 summo
529 4145 705 4219 propagatos
726 4135 847 4198 Aeonas
867 4135 1056 4213 existimant,
1090 4136 1229 4221 equibus

109 4287 135 4342 3.
151 4287 181 4343 ri
199 4292 308 4352 rescripsi
326 4304 355 4340 ee
368 4290 442 4338 Vallo.
458 4289 516 4338 libro
528 4302 573 4351 pre
586 4284 639 4352 rin,
673 4291 783 4340 Petuntur
799 4303 828 4339 ea
845 4291 897 4340 cod.
912 4292 984 4340 Vetto.
1002 4294 1107 4343 restr'tru't.

75 4360 140 4423 qaod
156 4361 227 4422 welpo
243 4363 315 4409 estut.
706 4356 766 4406 car.
782 4358 824 4405 lll.
841 4386 872 4396 -
892 4361 911 4410 l.
930 4350 988 4424 ὄφει
1000 4363 1093 4421 reparant
1106 4374 1158 4410 eum
1174 4362 1229 4409 Car-

110 4425 136 4478 4.
154 4428 229 4478 Verbo
242 4421 331 4493 ἀγνοίᾳ
344 4427 377 4494 τῇ
390 4427 416 4476 in
424 4427 478 4476 edit
489 4427 571 4476 Peleu.
586 4438 640 4488 epe·
672 4428 741 4476 nume
755 4431 776 4475 et
790 4429 900 4486 Peterin,
916 4443 960 4489 pro
972 4433 1082 4492 corrupte
1098 4442 1152 4479 voce
1168 4425 1229 4492 lnce,

75 4509 160 4547 rurum
177 4509 241 4546 error
257 4496 340 4545 omisit.
591 4505 596 4517 ·
673 4508 733 4557 qum
749 4496 819 4558 culon
834 4497 924 4560 lenitur.

112 4564 136 4616 h.
151 4557 225 4625 κατὰ,
234 4562 297 4626 need
305 4563 485 4614 wldmelurta
495 4562 641 4625 rddprmr,

956 4652 1027 4721 32*
