3046 5084
388 330 522 383 rauaan
541 331 617 383 sor.
632 330 804 383 nauseans
822 330 885 384 ιιι
900 333 919 383 t.
937 332 1017 385 roan
1030 333 1063 383 n.
1244 318 1304 384 139

153 448 290 533 exprimit
307 469 360 533 per
373 470 458 532 qaam
474 468 548 532 opus
562 446 656 529 ipsum
672 449 811 526 ellicitur3
834 450 1073 532 quemadmodum
1088 449 1229 534 scriptum
1245 462 1303 529 eet,

153 552 228 612 Narra
241 552 418 631 gloriabitur·
437 570 520 611 serre
537 551 599 609 nire
614 552 743 609 medente
758 553 870 628 msam?
890 562 948 613 etc.
992 549 1092 634 Atque
1108 552 1164 615 ltoc
1178 552 1304 616 caeteris
1315 560 1454 617 &sl-¹2¹⁵·

152 650 182 714 iu
200 652 290 717 rebus
306 652 347 715 ita
362 669 431 713 sese
447 648 557 711 bebere
572 649 731 711 ceruimus.
774 646 882 732 Neque
895 652 971 712 euim
986 651 1100 731 gladius
1117 672 1222 715 caussa
1237 674 1306 716 cae·

153 752 197 817 dis
217 764 281 833 est,
314 753 365 817 sed
387 753 413 813 is
435 751 483 834 qui
506 750 602 833 gladio
624 749 659 812 ed
678 750 899 833 perpetrandam
917 751 1035 814 caedem
1055 751 1156 814 utitur.
1199 751 1306 835 Neque

152 876 305 919 cerearom
327 850 487 935 imaginum
509 860 595 936 typus
616 870 691 934 quae
710 850 858 932 finguntur
874 871 927 936 per
947 871 981 913 se
999 852 1093 914 moliri
1112 862 1225 936 potest,
1254 854 1308 915 aed

152 957 179 1020 is
198 956 318 1020 omnino
335 954 430 1037 quiet
445 963 543 1037 typum
560 953 653 1037 ipsum
671 961 703 1014 ιι
718 971 890 1037 expressam
906 952 1063 1038 imaginem
1081 954 1161 1017 lecit.
1207 951 1307 1034 Quare

152 1080 213 1122 nou
231 1053 343 1137 Augeli
361 1054 433 1141 ipsi,
462 1055 514 1118 sed
533 1053 582 1138 qui
601 1053 735 1137 Angelos
754 1054 909 1138 produxit,
939 1055 1064 1118 bominis
1080 1075 1186 1120 caussa
1203 1074 1308 1118 cense-

155 1170 214 1234 tur,
237 1156 352 1220 ament
369 1176 406 1220 ue
423 1155 568 1219 bominem
584 1158 746 1219 conderent
762 1156 819 1219 illis
836 1156 1035 1220 interdixerit.
1077 1155 1157 1220 Nam
1175 1157 1222 1220 vel
1238 1176 1307 1219 coe·

155 1258 223 1324 lesti
241 1256 352 1323 Virtuti
373 1257 515 1321 inscitiam
536 1277 571 1320 ac
592 1257 756 1321 futurarum
778 1277 875 1321 rerum
898 1278 973 1342 quae
992 1269 1110 1344 praeter
1128 1258 1306 1322 voluntatem

155 1381 238 1427 aua·
254 1360 446 1446 perficiendae
460 1370 529 1422 suat
544 1358 739 1443 ignorantiam
756 1359 914 1438 adscribit,
938 1372 989 1424 ιιι
1003 1381 1067 1423 eam
1085 1360 1201 1445 propria
1217 1360 1307 1424 animi

155 1462 321 1528 inductione
343 1472 424 1547 putat
440 1460 574 1544 Augetur
589 1480 779 1545 procreasse,
810 1461 886 1544 quod
907 1462 962 1525 boc
979 1462 1072 1548 ipsum
1089 1464 1125 1526 ad
1143 1462 1307 1547 producen-

156 1565 223 1629 dum
244 1550 389 1629 bominem
409 1563 481 1628 utile
503 1563 582 1627 foret
601 1584 686 1647 quem
711 1564 840 1627 formare
864 1575 1001 1649 cuperet,
1033 1587 1097 1629 cum
1122 1576 1152 1628 et
1173 1565 1306 1648 Angelos

157 1665 350 1745 condidisset,
381 1684 436 1729 uec
458 1684 512 1728 eos
531 1664 726 1749 prohibuisset
748 1687 821 1750 opus
834 1666 994 1745 eiusmodi,
1026 1667 1162 1731 nimirum
1180 1666 1306 1730 bominis

155 1768 351 1844 molitionem,
375 1767 513 1851 aggredi,
536 1765 565 1827 id
584 1766 658 1848 quod
677 1765 839 1830 labulosum
858 1769 971 1831 illorum
988 1768 1141 1832 artificium
1160 1769 1303 1832 continet.

238 1866 437 1952 Quamobrem
461 1887 576 1930 rursum
600 1867 636 1928 tle
663 1866 822 1930 fabularum
845 1869 999 1932 inventore
1021 1872 1217 1954 quaerendum
1244 1879 1302 1947 est,
1322 1871 1381 1940 cap.
1397 1872 1439 1922 Ν·

153 1970 267 2058 Ecquid
283 1970 422 2034 eoelestis
436 1969 486 2033 illa
499 1966 604 2031 Virtus
619 1978 745 2030 noverat
760 1968 828 2051 quid
843 1980 944 2034 essent
959 1971 1066 2053 Angeli
1084 1973 1208 2034 lacturit
1239 1968 1306 2033 No·

152 2085 256 2154 verat,
279 2073 384 2156 iuquit.
429 2070 523 2154 igitur
544 2090 603 2132 uon
620 2068 729 2151 Angeli
747 2069 820 2153 ipsi,
845 2072 895 2133 sed
912 2070 961 2134 illa
976 2072 1075 2155 utique
1093 2072 1172 2134 lecit.
1218 2070 1306 2153 Quod

153 2176 178 2239 si
195 2186 321 2241 noverat
336 2175 470 2259 quidem,
494 2171 546 2237 sed
565 2170 627 2233 lieri
643 2180 741 2234 tameo
756 2171 889 2248 nolebat,
913 2193 947 2234 ιι
963 2183 1080 2257 praeter
1094 2172 1172 2235 illius
1187 2182 1306 2236 senteu-

155 2278 223 2341 tiam
238 2277 384 2361 attingere
400 2296 473 2360 opus
487 2274 564 2337 istud
580 2273 713 2358 aggressi
729 2283 809 2350 suut,
832 2295 887 2337 cur
901 2295 960 2337 nou
976 2273 1141 2360 probibuit?
1184 2270 1239 2337 Sin
1254 2274 1305 2336 ob-

154 2388 233 2444 stare
255 2378 373 2441 minime
399 2376 506 2462 potuit,
538 2376 660 2461 primum
683 2374 738 2438 boc
758 2375 861 2439 vitium
884 2387 946 2456 est,
977 2376 1052 2459 quod
1075 2386 1177 2439 uonna
1198 2386 1306 2439 semet·

156 2480 250 2566 ipsam
275 2479 409 2543 conditos
432 2500 449 2541 a
473 2498 507 2541 se
531 2477 683 2561 Angelos,
714 2477 770 2540 sibi
796 2488 828 2541 ut
848 2460 1023 2541 resisterent
1047 2498 1082 2541 ac
1101 2498 1135 2540 se
1157 2477 1308 2540 irritarent

154 2582 250 2646 moliri
266 2581 411 2646 voluerita
434 2581 576 2657 alterum,
599 2581 675 2662 quod
692 2600 758 2642 oum
775 2589 875 2663 posset
890 2580 1009 2644 minime
1027 2579 1222 2666 prohibuerit,
1247 2579 1305 2641 imo

152 2684 241 2749 etiam
263 2685 300 2748 ad
322 2683 478 2769 pessimum
501 2681 571 2745 illud
586 2680 768 2765 Angelorum
791 2681 935 2766 opibciuuu
959 2683 1161 2766 exequendum
1184 2680 1305 2746 adiutri-

154 2807 219 2848 cem
236 2805 304 2849 aese
324 2783 502 2869 pruebuerit.
548 2782 679 2867 Quodsi
698 2783 838 2847 necillos
856 2783 984 2862 adiuvit,
1015 2795 1046 2848 et
1063 2784 1218 2870 probibere
1237 2805 1303 2847 curn

155 2886 244 2949 vellet
266 2907 324 2949 nou
350 2888 458 2971 potuit,
490 2906 668 2970 magnopere
690 2885 863 2948 imbecillam
886 2907 950 2949 eam
972 2897 1087 2972 oportet
1109 2907 1195 2964 esse,
1228 2906 1304 2969 quae

155 2987 231 3071 quod
255 2987 381 3051 voluerit
403 2988 518 3052 efficere
540 3009 600 3050 uon
622 2988 732 3072 potuit,
765 2987 877 3070 eritque
900 2989 974 3052 adeo
998 2990 1113 3052 condita
1139 2988 1189 3051 illa
1210 2988 1245 3050 ab
1267 3007 1304 3050 ea

154 3088 336 3174 Angelorum
358 3098 478 3154 caterva
504 3091 609 3152 lortior
634 3110 719 3173 quam
743 3088 868 3174 ipsamet
895 3111 971 3174 qnae
992 3090 1174 3176 Angelorum
1198 3109 1304 3152 caussa

155 3201 202 3256 est
220 3213 256 3255 ao
279 3189 463 3278 principium.
507 3189 603 3275 igitur
625 3190 757 3255 haeresis
778 3193 833 3256 ista
854 3192 972 3256 minime
993 3193 1153 3257 cohaerere
1171 3193 1235 3275 ipsa
1256 3209 1304 3252 se-

152 3316 218 3359 cum
236 3305 322 3379 atque
338 3314 356 3357 a
370 3293 495 3359 veritate
510 3293 650 3356 recedere
667 3292 746 3357 omui
764 3314 804 3356 ex
818 3305 900 3379 parte
917 3296 1110 3360 convincitur.
1153 3290 1214 3354 lam
1230 3311 1303 3354 vern

153 3394 359 3461 sionelestem
381 3391 530 3458 Virtutem
552 3394 670 3459 minione
689 3394 740 3459 illa
763 3397 877 3480 quidem
900 3397 1045 3474 latebant,
1077 3394 1127 3459 sed
1150 3414 1202 3456 eos
1223 3394 1303 3477 ipsos

152 3508 266 3578 umen,
296 3497 345 3583 qui
363 3497 439 3581 quod
458 3498 540 3560 melas
557 3507 637 3561 esset
652 3507 771 3583 praeter
786 3499 965 3563 voluntatem
981 3517 1065 3560 suam
1084 3506 1167 3558 eraut
1185 3496 1301 3576 lactari,

152 3599 323 3665 necessario
339 3600 486 3680 condidit,
509 3598 567 3664 alia
582 3619 686 3663 rursus
701 3599 731 3663 iu
749 3620 783 3664 ra
802 3600 933 3678 deliciet,
958 3619 1013 3661 uec
1028 3598 1117 3661 ullum
1134 3597 1165 3661 iu
1182 3599 1303 3663 coelesti

152 3701 263 3768 virtute
278 3702 520 3785 complementum
541 3722 583 3766 ex
598 3702 676 3766 illius
694 3703 839 3766 sententia
858 3700 1009 3765 residebit.
1053 3700 1153 3784 Atque
1174 3701 1301 3766 utillum

153 3804 250 3866 denuo
266 3801 498 3885 toreumatum,
520 3800 605 3868 Heus
619 3814 668 3882 tu,
691 3803 827 3889 iuquam,
850 3803 898 3887 qui
915 3822 968 3886 per
982 3802 1125 3866 fenestras
1141 3803 1217 3868 intro
1235 3827 1302 3891 pro·

153 3901 309 3989 spexeris,
332 3911 417 3966 uteo
432 3903 558 3969 ludibrio
573 3905 675 3970 deliria
691 3916 741 3969 tua
757 3924 928 3990 prosequar,
951 3901 1049 3989 ibique
1063 3908 1303 3990 quemadmodum

153 4003 264 4090 Augeli
287 4003 379 4067 creati
398 4004 459 4069 sint
477 4007 657 4090 pervideris,
687 4025 848 4089 eorumque
868 4005 899 4068 iu
920 4004 1036 4071 bomine
1054 4007 1190 4095 fingendo
1211 4009 1302 4073 artib-

152 4106 230 4172 cium
258 4103 396 4190 cognoris
423 4126 458 4170 ac
484 4106 622 4173 coelestis
645 4106 773 4173 Virtutis
797 4106 945 4172 solertiam
969 4122 1167 4194 perscrutatus
1196 4111 1300 4191 lucris,

154 4231 242 4275 uuum
259 4229 313 4273 oro
328 4218 358 4272 te
372 4207 419 4272 dic
434 4207 537 4273 nobiae
557 4207 640 4273 Num
656 4209 697 4272 illi
705 4208 781 4293 'quid
796 4209 969 4275 molirentur
980 4225 1141 4292 noverant,
1165 4235 1202 4276 au
1217 4213 1302 4298 igno-

154 4311 259 4376 rabant
277 4310 395 4398 potiusl
438 4306 473 4376 si
489 4308 566 4374 euim
581 4309 774 4395 ignorabant,
806 4332 880 4395 quae
895 4313 940 4379 vis
956 4315 1021 4381 illos
1037 4315 1161 4400 cogebat
1178 4327 1209 4380 ut
1224 4319 1301 4402 quod

186 4458 212 4515 d.
227 4461 442 4529 ιιιιιιιιύιας-
452 4460 713 4535 superemmens
745 4467 945 4548 eqmmdottoae
960 4470 1058 4521 seruit
1092 4470 1158 4522 ιιιη·
1172 4473 1241 4535 culpo
1255 4486 1300 4522 κα-

740 4548 887 4596 τωπιιυσας
896 4564 930 4576 -
942 4533 1091 4604 ἑξιχιίασας.
