3046 5084
179 329 240 392 476
595 336 716 389 ολαοτι
732 337 904 389 οΡιΡΗιαιι

177 454 252 542 ύπὲρ
270 454 305 520 τά
322 455 374 521 όλα
391 453 515 531 εόωδίας
531 449 606 519 εἰναι
619 457 759 539 λέγουσιν.
793 452 891 519 Ἔνιοι
906 451 932 518 δ’
947 452 1045 519 αύτῶν
1059 452 1093 521 τό
1110 454 1163 537 μὲν
1179 452 1266 541 άγνιν
1281 457 1336 523 έπλ

177 558 209 625 τό
228 558 309 643 ὕδωρ
324 555 462 642 περισσόν
475 553 551 621 εἶναι
567 554 730 637 φάσκουσι,
759 560 892 638 μίξαντες
908 557 940 621 δέ
955 559 1051 622 έλαιον
1065 559 1117 622 καλ
1130 554 1215 641 ύδωρ
1232 560 1335 625 ἐπιτο-

181 659 252 725 αυτό
277 657 335 742 μετ’
359 657 539 744 ἒπιρρήσεων
562 655 766 744 ὁμοιοτρόπων
786 655 835 733 αἷς
852 657 1067 743 προειρήκαμεν
1086 658 1275 743 ἐπιβάλλουσι
1296 668 1336 750 τῇ

178 770 291 851 κεφαλή
313 769 372 826 τῶν
391 762 613 843 τελειουμένων,
642 764 693 826 καὶ
713 758 789 826 τοῦτ’
811 758 885 825 εἰναι
904 758 958 842 τήν
976 758 1176 847 ἀπολύτρωσιν
1192 764 1334 829 θέλουσι.

179 869 348 950 Μυρίζουσι
369 864 401 927 δὲ
423 865 472 929 καί
494 862 580 928 αύτολ
600 871 640 952 τῷ
662 861 811 951 βαλσάμφ.
847 861 946 928 ’Ἀλλοι
962 864 1099 928 δὲταῦτα
1113 863 1210 929 πάντα
1222 891 1335 952 παραι-

179 965 336 1049 τησάμενοι
358 965 506 1046 φάσκουσι
528 963 568 1048 μή
589 969 651 1030 δεῖν
673 964 705 1030 τό
729 972 781 1047 τῆς
802 962 931 1050 άρρήτου
951 968 1002 1030 καί
1023 963 1152 1051 άοράτον
1173 966 1337 1050 δυνάμεως

178 1068 337 1152 μυστήριον
359 1066 396 1132 δι’
413 1066 527 1154 ὁρατῶν
548 1070 598 1132 καί
617 1074 763 1152 φθαρτῶν
781 1069 974 1132 ἐπιτελεῖσθαι
992 1066 1170 1150 κτισμάτων,
1198 1070 1337 1137 καὶτῶν

179 1169 361 1252 α’νεννοήτων
377 1171 428 1234 καλ
445 1167 608 1252 άσωμάτων
623 1168 660 1234 δι’
674 1173 827 1252 αἰσθητῶν
842 1171 893 1234 καλ
908 1178 1095 1252 σωματικῶν,
1126 1167 1201 1235 εἰναι
1224 1171 1259 1236 δέ
1276 1171 1337 1256 τήν

179 1277 286 1336 τελείαν
304 1270 506 1356 άπολύτρωσιν
524 1269 616 1354 αύτήν
633 1270 687 1354 τήν
700 1274 857 1357 ἐπίγνωσιν
875 1278 929 1336 τοῦ
945 1270 1074 1358 άρρήτον
1089 1274 1250 1357 μεγέθους·
1280 1272 1337 1341 ὕπ’

178 1371 298 1459 α’γνοίας
317 1371 372 1459 γάρ
394 1371 593 1456 ὑστερήματος
612 1376 664 1438 καλ
686 1373 807 1450 πάθους
827 1376 990 1459 γεγονότων
1010 1372 1059 1439 διά
1080 1374 1217 1459 γνῶσεως
1238 1403 1333 1443 κατα-

177 1474 302 1541 λύεσθαι
323 1484 420 1540 πάσαν
444 1474 497 1557 τήν
519 1477 551 1540 ἐκ
571 1483 624 1557 τῆς
645 1473 763 1561 άγνοίας
784 1474 937 1555 σύστασιν,
966 1475 1038 1552 ῶςτε
1054 1472 1130 1542 εἰναι
1148 1475 1203 1561 τήν
1219 1486 1337 1564 γνῶσιν

178 1575 380 1664 άπολύτρωσιν
408 1584 461 1642 τοῦ
488 1580 574 1643 ένδον
595 1575 769 1661 άνθρῶπου.
820 1580 879 1643 Καί
902 1576 972 1660 μήτε
996 1577 1162 1663 σωματικήν
1185 1576 1336 1667 ύπάρχειν

180 1677 288 1761 αύτήν,
319 1679 457 1766 φθαρτόν
475 1678 529 1764 γάρ
550 1677 582 1744 τό
605 1688 706 1762 σῶμα,
738 1679 809 1764 μήτε
827 1679 972 1763 ψυχικήν,
1005 1683 1068 1746 ἐπεί
1085 1683 1137 1747 καλ
1157 1678 1178 1767 ή
1195 1682 1283 1769 ψυχή
1301 1688 1336 1765 ἰξ

179 1780 392 1867 ύστερήματος,
423 1785 474 1847 καλ
496 1784 599 1847 11έστι
615 1790 668 1848 τοῦ
688 1781 808 1869 Πατρός
825 1782 921 1869 ῶςπερ
938 1783 1114 1868 οἰκητήριον.
1160 1791 1335 1871 Πνενματι-

178 1883 237 1967 κήν
254 1878 310 1949 οὖν
325 1887 433 1950 δεῖκαὶ
448 1883 502 1968 τήν
516 1882 658 1970 λύτρωσιν
671 1883 819 1970 ύπάρχειν.
863 1893 1062 1970 Λυτροῦσθαι
1075 1883 1131 1973 γάρ
1145 1886 1197 1953 διά
1214 1888 1333 1975 ηγνού-

179 2010 251 2063 σεως
267 1986 318 2052 τόν
334 1990 390 2052 έσω
407 1987 585 2073 άνθρωπον,
616 1986 667 2053 τόν
682 1985 895 2069 πνευματικόν,
924 1991 975 2053 καὶ
993 1987 1147 2073 άρκεῖσθαι
1163 1987 1279 2070 αύτούς
1294 2000 1334 2083 τῇ

178 2097 237 2154 τῶν
258 2089 335 2156 όλων
355 2090 524 2177 ἐπιγνῶσει,
545 2092 596 2154 καὶ
617 2089 726 2172 ταύτην
747 2088 820 2155 εἰναι
841 2088 983 2175 λύτρωσιν
1004 2087 1111 2175 άληθή.

474 2227 553 2283 ΕΩΣ
570 2227 644 2282 ΩΔΕ
663 2228 802 2318 ΤΔὶΥΠΟ
820 2226 1027 2283 ΕΙΡΗΝΔΙΟΥ.

265 2601 380 2684 Ταύτην
398 2600 453 2683 τήν
469 2608 568 2665 πᾶσαν
587 2598 696 2685 ἀκριβῆ
713 2603 835 2684 ἔρευναν
857 2597 874 2667 ό
893 2599 1037 2686 μακάριος
1052 2600 1220 2689 πρεσβύτης
1235 2608 1331 2693 Ελρη.

102 2724 107 2736 ·
158 2713 261 2780 ’ναῖος
281 2703 455 2786 ἐποιήσατο,
494 2700 584 2768 λκαθ’
607 2701 710 2788 εἷρμόν
730 2703 827 2768 πάντα
849 2705 1008 2786 ἐνθέμενος
1031 2712 1085 2787 τῆς
1105 2702 1204 2773 αὐτῶν
1230 2706 1333 2793 πάσης

178 2807 460 2891 παραπεποιημένης
474 2809 669 2881 διδασκαλίας.
714 2802 827 2889 Διόπερ
843 2803 896 2887 δή,
919 2803 961 2882 ῶς
978 2808 1029 2872 καλ
1044 2804 1104 2889 ήδη
1119 2832 1169 2891 μοι
1183 2808 1331 2895 προδεδή-

178 2917 282 2986 λωται,
308 2907 377 2973 2ότι
392 2917 454 2984 τοῖς
471 2905 520 2973 ύπ’
535 2905 628 2973 αὐτοῦ
645 2909 894 2990 ἐσπουδασμένοις
910 2905 1120 2994 άρκεσθέντες,
1142 2908 1239 2977 πάντα
1252 2910 1332 2999 πρός

179 3016 264 3090 ἔπος,
289 3006 330 3085 ῶς
346 3007 414 3093 παρ’
432 3007 512 3098 αύτῷ
532 3012 703 3094 ἐμφέρεται,
726 3008 946 3096 παρεθήκαμεν.
987 3008 1256 3096 Ἀνατραπήσονται
1272 3012 1330 3102 γάρ

179 3118 208 3192 έξ
228 3110 324 3177 αύτῶν
340 3119 398 3177 τῶν
416 3110 497 3196 παρά
512 3120 565 3177 τοῦ
583 3108 669 3197 άγίου
687 3109 796 3197 άνδρός
811 3115 853 3189 εἰς
867 3110 1017 3178 άντίθεσιν
1031 3120 1084 3196 τῆς
1098 3110 1198 3180 αύτῶν
1213 3126 1329 3201 μοχθη-

179 3221 244 3303 ρίας
256 3216 423 3299 εἰρημένων.
466 3212 564 3297 Ἡμεῖς
576 3213 631 3301 γάρ
647 3213 837 3298 πιστεύομεν,
860 3212 901 3291 ῶς
915 3214 1011 3298 πάντη
1025 3215 1046 3299 ή
1058 3214 1184 3299 άλήθεια
1197 3214 1329 3303 ύποφαί-

176 3346 235 3398 νει,
264 3320 314 3384 καὶ
331 3315 349 3384 ό
365 3315 483 3403 εύλογος
498 3315 635 3402 λογισμός
652 3314 841 3397 ύποτίθεται,
870 3319 921 3382 καλ
936 3325 977 3407 τῷ
994 3324 1047 3401 τῆς
1062 3316 1211 3403 τύσεβείας
1224 3320 1331 3389 κανόνι

180 3420 422 3506 σνμπεφῶνηται,
445 3429 485 3510 τῶ
500 3446 529 3485 τε
544 3420 625 3507 νόμρι
640 3422 690 3485 καὶ
704 3429 766 3496 τοῖς
779 3418 956 3505 προφήταις,
979 3421 1030 3487 καλ
1042 3428 1104 3497 τοῖς
1116 3418 1176 3487 άπό
1188 3428 1249 3490 τῶν
1263 3421 1329 3493 M·

177 3537 271 3591 καθεν
286 3523 477 3610 πατριάρχαις
491 3521 565 3588 κατά
582 3521 772 3602 άκολουθίαν,
795 3530 830 3612 τῇ
846 3547 876 3587 τε
889 3520 982 3589 αύτοῦ
994 3530 1050 3590 τοῦ
1063 3530 1197 3608 σωτῆρος
1209 3527 1328 3617 διδαχῇ,

177 3632 227 3694 καλ
241 3636 302 3693 τῶν
313 3627 405 3694 αότοῦ
419 3625 590 3692 άποστόλων
602 3632 706 3707 σαφῶς
719 3623 797 3709 ήμᾶς
810 3624 1008 3691 διδασκόντων
1022 3628 1074 3691 ἕνα
1085 3622 1241 3713 ὁμολογεῖν
1251 3626 1331 3697 θεόν

178 3730 304 3815 πατέρα,
335 3728 559 3816 παντοκράτορα
574 3736 633 3793 τῶν
650 3727 742 3807 ὅλων,
772 3730 823 3792 καὶ
838 3726 891 3794 τόν
903 3726 1008 3812 κύριον
1020 3725 1107 3811 ήμῶν
1120 3724 1238 3813 Ἰησοῦν
1255 3736 1330 3817 Χρι·

178 3831 263 3911 στδν,
292 3836 342 3896 καὶ
360 3832 392 3897 τό
411 3831 495 3917 άγιον
512 3832 604 3898 αὐτοῦ
620 3838 753 3913 πνεῦμα,
783 3834 853 3913 μίαν
869 3826 955 3913 άγίαν
968 3828 1073 3916 τριάδα
1087 3828 1239 3914 άκτιστον,
1268 3840 1330 3901 τῶν

179 3934 272 4000 άλλων
285 3931 424 4000 άπάντων
437 3937 467 4011 ἐξ
482 3934 536 4002 ούκ
552 3933 646 4000 όντων
658 3934 820 4019 γενομένων
834 3931 904 4015 μετά
916 3934 1028 4019 πατέρα
1039 3935 1090 3999 καλ
1100 3932 1168 4001 νέόν
1178 3936 1232 4003 καί
1243 3934 1331 4023 δγισν

179 4045 302 4120 πνεῦμα.
350 4036 454 4112 Οὕτως
471 4064 500 4103 τε
516 4036 598 4123 παρά
613 4034 732 4101 πάντων
747 4042 807 4101 τῶν
821 4037 1043 4122 προειρημένων
1059 4034 1151 4123 άγίων
1164 4046 1331 4125 προφητῶν

178 4164 208 4204 τε
229 4141 279 4204 καί
301 4135 508 4224 εύαγγελιστῶν
531 4142 582 4204 καὶ
604 4137 776 4204 άποστόλων
797 4145 901 4218 σαφῶς
918 4135 1151 4225 ῶμολογημένων
1170 4142 1222 4207 νιτλ
1241 4166 1329 4211 nm·

180 4242 343 4322 στευμένων
363 4238 418 4306 ούκ
440 4239 477 4304 άν
494 4245 639 4323 δυνηθείη
655 4238 815 4325 κυβευτική
831 4266 875 4317 τις
891 4242 1006 4307 ἐπίνοια
1022 4238 1165 4327 άντισχεῖν
1179 4242 1259 4329 πρός
1274 4242 1331 4331 νὴ

212 4434 250 4485 11.
270 4429 306 4485 ἔτι
322 4436 469 4484 correxerunt
485 4433 590 4494 quidam.
793 4426 1132 4500 Cn.XX11.'-l.aafl'tlp
1188 4432 1330 4493 πάντασεί

215 4502 254 4551 Ιί.
271 4496 492 4566 γιῶσιωςτωτισί
505 4514 534 4550 τι
547 4502 735 4564 λἰΗτίειητιλι.
769 4502 867 4565 nmio.
887 4494 1042 4568 καθέίρμδν
1190 4504 1329 4569 νδιλτμλυ.

181 4567 419 4638 μωσέωςαλφτίαα
446 4567 736 4628 Μωῦσίωςιδλί.Ριιαα.
768 4574 791 4620 ιι
805 4573 887 4622 Ριιαα.
920 4564 980 4623 καθ’
993 4568 1031 4637 ιίρ
1066 4568 1173 4627 mim
1186 4573 1329 4627 edm.
1405 4602 1408 4609 ·
