3046 5084
356 319 490 370 nassau
508 318 585 373 uns.
602 318 775 372 nussssss
790 320 855 372 nnn.
868 322 888 370 ι.
905 322 985 373 rou.
999 323 1031 374 n.
1212 309 1270 372 ¹33

298 453 599 530 ADVERSUS
633 456 1085 550 MENANDRIANOS,

236 598 319 670 quae
353 582 405 648 est
435 574 584 647 haeresis
616 580 696 670 post
723 566 903 647 'adrentum
937 575 1063 648 christi
1089 575 1149 667 IL,

566 690 681 764 ordine
707 689 822 765 XXII.

198 840 342 907 Proxime
365 840 480 923 quidam
503 839 567 904 buic
584 837 752 903 Menander
772 838 973 924 adiungendus
996 850 1058 920 est,
1089 841 1137 925 qui
1159 863 1267 926 genere
1287 849 1347 914 Can·
1368 850 1386 899 ¹·

116 944 321 1010 Samaritanus
344 941 491 1024 aliquanto
516 952 647 1026 tempore
673 938 786 1005 Simoni
812 962 929 1025 operam
959 942 1048 1005 dedit.
1099 946 1199 1027 Atque
1224 944 1271 1007 liic

116 1046 238 1132 perinde
258 1054 290 1106 ut
309 1043 394 1106 alteri
413 1043 546 1106 mundum
566 1043 602 1106 ab
621 1043 747 1130 Angelis
766 1044 954 1120 fabricatum,
985 1041 1112 1126 seipsum
1133 1066 1205 1108 vero
1224 1046 1270 1108 dci

117 1149 178 1209 vim
200 1165 267 1209 esse
292 1146 327 1207 de
349 1145 432 1208 coelo
450 1144 568 1207 missam
587 1145 705 1208 asserit.
751 1141 785 1206 ln
808 1166 865 1228 quo
886 1145 1000 1227 quidem
1021 1144 1160 1207 maiorem
1183 1167 1267 1229 quam

118 1248 261 1330 magister
281 1247 330 1309 ille
351 1266 421 1309 snus
443 1246 706 1310 circumveniendis
727 1245 891 1308 hominibus
915 1247 1044 1309 fraudem
1068 1268 1103 1309 ac
1125 1247 1268 1311 fallaciam

120 1358 300 1412 commentus
322 1359 379 1412 est.
424 1343 466 1412 Se
488 1347 565 1411 enim
585 1347 684 1411 aiebat
703 1348 739 1410 ad
762 1348 878 1410 humani
900 1348 1019 1431 generis
1039 1349 1160 1412 salutem
1180 1349 1267 1414 emis·

119 1472 202 1526 sum,
224 1461 308 1534 atque
326 1460 357 1512 ut
373 1450 527 1512 nonnullos
542 1471 625 1514 suum
645 1448 679 1512 ad
696 1449 868 1534 mysterium
885 1452 1088 1528 contraheret,
1112 1472 1150 1513 ne
1166 1452 1267 1535 Ange·

120 1553 213 1634 lorum
233 1572 267 1614 ao
285 1548 501 1636 principatuum
517 1549 777 1634 Potestatumque,
809 1571 883 1634 quae
906 1551 1042 1614 mundum
1062 1553 1265 1630 condiderant,

121 1652 304 1716 dominationi
318 1652 486 1716 subessent.
518 1647 645 1716 Caetera
660 1652 771 1714 doctori
787 1672 840 1713 suo
854 1663 1052 1715 consentanea
1064 1654 1166 1716 iisdem
1181 1676 1266 1739 prae-

119 1753 213 1838 stiffl'is
229 1774 263 1817 ac
280 1754 429 1818 maleficiis
449 1752 622 1830 adtexebat,
647 1772 701 1814 nec
722 1751 758 1814 ub
775 1752 839 1814 eius
857 1753 992 1834 dogmate
1011 1754 1185 1836 dissidebat,
1209 1757 1266 1819 nisi

119 1854 193 1939 quod
215 1855 354 1918 maiorem
374 1876 407 1918 se
429 1864 620 1917 autecessore
641 1873 675 1914 ao
698 1863 888 1936 praeceptore
910 1874 964 1915 suo
985 1853 1123 1919 iactabat.

199 1954 311 2021 Verum
330 1958 360 2020 in
381 1956 483 2019 eadem
502 1976 567 2018 oum
585 1953 642 2016 isto
661 1953 842 2016 incommoda
861 1953 994 2035 delapsus
1013 1966 1075 2033 est,
1105 1957 1266 2043 iisdemque
1285 1959 1344 2028 0⁴1²·
1361 1963 1393 2011 11.

116 2057 248 2121 veritatis
271 2058 423 2121 convictus
447 2053 632 2120 sermonibus
656 2063 817 2118 evertetur.
862 2052 917 2116 Est
933 2055 1008 2116 enim
1026 2055 1089 2140 ipse
1106 2057 1267 2125 subversus

116 2160 236 2243 eiusque
257 2180 362 2243 magna
381 2179 422 2222 ex
441 2169 522 2242 parte
541 2155 673 2219 haeresis
692 2155 833 2218 extincta.
880 2153 1077 2236 Quamobrem
1096 2158 1213 2221 missam
1234 2162 1267 2223 il·

117 2263 172 2324 lam
192 2261 349 2340 iaciemus,
381 2270 412 2323 et
428 2260 464 2323 ad
483 2258 567 2322 aliam
586 2277 673 2342 porro
692 2257 913 2340 disputationem
933 2267 1061 2320 nostram
1082 2261 1266 2344 promovebi-

117 2385 191 2426 mus.
238 2361 388 2446 Siquidem
412 2361 484 2423 baec
506 2381 523 2421 a
544 2360 693 2423 veteribus
711 2358 832 2421 bistoria
853 2358 965 2442 prodita
987 2369 1049 2437 est,
1080 2381 1145 2423 cum
1169 2362 1266 2444 plnres

116 2464 271 2548 aliquando
295 2463 411 2548 aspides
436 2463 467 2524 in
493 2483 581 2525 unum
605 2460 692 2524 lictile
715 2481 768 2523 ras
791 2463 942 2524 coniectae
965 2471 995 2523 et
1019 2461 1047 2524 iu
1070 2462 1266 2528 fundamentis

117 2566 288 2652 angulorum
312 2574 439 2649 quatuor
459 2562 600 2646 cuiusque
620 2563 763 2625 idolorum
786 2563 883 2647 templi
905 2562 935 2625 iu
957 2564 1094 2648 Aegypto
1116 2563 1266 2649 depositae

117 2679 234 2746 essent,
258 2688 299 2730 ex
315 2667 352 2730 iis
369 2667 517 2752 aspidibus
535 2685 610 2749 quae
628 2664 732 2727 fortior
748 2675 812 2726 erat
832 2665 862 2727 in
880 2664 953 2728 alias
970 2665 1133 2743 invasisse,
1157 2686 1265 2750 easque

118 2771 290 2833 devorasse.
341 2766 426 2850 Quae
447 2790 511 2831 cum
533 2767 596 2831 sola
620 2765 811 2829 remansisset
837 2777 867 2828 et
890 2789 947 2849 quo
973 2787 1006 2831 se
1030 2766 1123 2831 aleret
1145 2768 1266 2833 haberet

117 2869 207 2947 nibil,
239 2871 267 2931 iu
286 2869 410 2954 seipsam
431 2879 540 2932 retorto
558 2878 590 2931 et
605 2889 624 2931 e
641 2867 732 2931 canda
751 2867 886 2951 paulatim
905 2869 1046 2931 arrodens
1063 2881 1145 2954 parte
1162 2892 1195 2935 se
1212 2871 1264 2935 ali-

117 2992 174 3055 qua
196 2981 281 3034 tenus
304 2971 434 3055 corporis
457 2972 576 3056 depasta
600 2979 662 3048 est,
694 2971 768 3033 adeo
787 2980 818 3032 ut
836 2990 894 3031 nou
910 2971 1032 3054 amplius
1050 2971 1180 3055 integra,
1211 2973 1264 3035 sed

117 3072 235 3137 dimidia
254 3072 299 3136 sui
319 3083 400 3158 parte
418 3073 548 3136 mutilata
565 3070 768 3156 permanserit.
813 3068 926 3134 ldciroo
942 3071 1215 3156 Aspidogorgouem
1231 3074 1265 3135 il·

116 3178 173 3240 lam
192 3174 390 3260 appellarunt,
419 3185 452 3238 ut
466 3195 532 3236 cum
550 3192 614 3235 eam
632 3171 782 3254 videmus,
813 3172 902 3237 luisse
919 3174 1060 3256 quondam
1078 3173 1154 3237 istud
1171 3170 1265 3257 ipsum

117 3277 326 3362 intelligamus,
357 3296 435 3340 sinito
457 3295 531 3339 vero
551 3272 669 3337 minime
689 3295 864 3358 superesse,
895 3295 930 3338 ao
948 3275 1064 3360 penitus
1084 3295 1150 3337 esse
1167 3274 1264 3337 suble·

117 3391 188 3443 tum.
233 3379 319 3463 Quod
342 3378 379 3442 ad
403 3397 467 3440 mm
489 3386 697 3460 contraquam
719 3376 832 3459 aginam
854 3377 989 3440 haeresin
1012 3376 1162 3439 convenit.
1208 3369 1265 3438 Cui

117 3502 181 3545 oum
205 3480 428 3566 disputationem
452 3491 583 3543 nostram
604 3479 844 3563 opposuerimus,
876 3474 986 3544 Cbristi
1012 3488 1111 3540 tamen
1137 3484 1183 3538 cst
1205 3474 1264 3540 vir·

117 3593 178 3646 tute
194 3583 357 3667 profligata.
402 3578 503 3664 Quare
519 3581 556 3645 nb
572 3580 621 3645 illo
638 3601 710 3662 nos,
733 3581 894 3659 carissimi,
918 3580 955 3643 ad
973 3575 1161 3641 refellendam
1178 3577 1262 3642 eliam

116 3696 332 3748 oonvertamus.

300 4006 537 4086 CONTRA
576 4007 1079 4102 SATURNILIANOS,

142 4153 223 4226 qnae
244 4134 297 4202 est
315 4128 464 4203 haeresis
486 4131 526 4202 ab
548 4133 693 4205 adventu
715 4129 841 4204 christi
859 4128 944 4222 ΙΠ.,
969 4130 1084 4205 ordino
1103 4125 1235 4204 xxnt

197 4276 270 4344 Post
291 4281 368 4344 bunc
386 4277 554 4344 Saturnilus
576 4278 678 4343 nescio
695 4280 760 4365 quis
777 4280 922 4345 excitatus
939 4292 1001 4363 est,
1030 4279 1079 4367 qui
1097 4278 1208 4344 erroris
1226 4277 1261 4340 it·
1279 4291 1336 4360 cap.
1352 4293 1370 4342 1.

116 4380 175 4444 lino
193 4393 379 4465 manente,
403 4381 459 4447 boo
477 4392 523 4446 est
538 4401 558 4445 e
572 4376 738 4445 Menandro
753 4403 786 4446 ac
803 4382 946 4469 prioribus
961 4385 1018 4450 illis
1035 4381 1158 4466 accepit.
1205 4380 1262 4444 llic

151 4512 211 4568 Gsr.
224 4516 256 4567 tl.
274 4543 307 4559 ·-
325 4521 346 4572 l.
365 4515 520 4588 ἰσχυρωτέρα
536 4520 621 4582 ubique
636 4521 728 4582 mirail
744 4520 860 4571 Petosiris.
