3046 5084
404 346 539 399 PANARH
554 344 649 400 HM·
664 346 786 403 mn.
805 349 1002 403 HABMXX.
1210 338 1272 399 Μ

133 477 219 552 pant,
242 466 273 531 iu
293 484 419 552 meaque
438 465 582 529 duntaxat
601 484 671 529 reae
690 477 822 531 marn
841 467 981 532 iaiadiasa
1002 467 1136 552 spiritam
1155 466 1204 551 (pai
1225 477 1272 531 est

132 569 195 654 ipse
208 564 357 647 Christus,
380 584 505 649 eumque
521 564 569 648 qai
586 562 672 629 lesus
687 576 811 631 roratas
827 577 874 629 est
887 568 1028 633 induisse.
1073 565 1270 650 Quamobrem

132 669 306 735 monui-a
321 667 462 753 quaedam
478 665 537 729 iiiia
552 675 599 729 eat
615 665 710 729 odasa
724 667 836 749 saligo,
860 668 926 729 dum
944 668 1015 731 adias
1032 668 1118 732 aliter
1133 669 1170 731 de
1183 664 1270 731 Chri·

132 781 180 835 sto
193 772 331 857 opiuime
347 789 402 832 sua
417 776 560 831 statuuat.
604 766 703 851 Atque
720 767 902 851 evangelium
920 766 962 830 itti
981 768 1095 851 quidem
1114 769 1271 832 seeoadum

131 870 315 935 Matthaenm
332 868 498 946 admittunt,
521 888 579 952 quo
597 868 662 932 solo
677 863 931 933 cerinthianorum
946 869 993 931 vei
1009 866 1273 931 Merinthianorum

132 973 227 1036 instar
240 981 378 1048 utuntur,
400 969 486 1053 idque
502 969 597 1055 ipsum
610 970 770 1035 seeundum
785 966 939 1033 Hebraeos
955 969 1111 1055 appeliant.
1156 967 1272 1032 Etenim

132 1093 205 1139 rare
225 1071 295 1134 iilud
319 1071 461 1135 affirmem
482 1090 655 1155 possumus,
684 1090 772 1135 usam
794 1091 835 1133 ex
858 1071 991 1135 omnihus
1013 1072 1081 1133 uori
1107 1069 1272 1135 testamenti

132 1172 324 1256 scriptoribus
336 1168 518 1235 Matthaeum
531 1168 696 1251 flehraioe,
724 1192 759 1235 ae
783 1170 876 1235 literis
897 1171 1049 1236 tdehraiois
1072 1173 1272 1257 evangetioam

133 1276 283 1340 historiam
308 1272 450 1337 texuisse.
492 1269 559 1336 Nee
580 1273 702 1337 deiasre
723 1272 774 1357 qui
796 1275 833 1337 de
849 1271 967 1338 loannis
990 1274 1144 1358 evangetio
1166 1276 1271 1337 condr-

133 1387 258 1455 marent‚
280 1375 349 1439 ittet
366 1372 511 1438 idebraioe
524 1374 694 1439 martarus
708 1372 867 1439 'diheriade
882 1375 913 1438 iu
933 1372 1104 1439 iudaeorum
1119 1376 1268 1460 gazophy-

134 1477 216 1540 taoiis
231 1474 395 1554 asservari,
418 1485 448 1539 et
463 1474 494 1538 ia
509 1474 720 1540 montiorihoa
734 1476 904 1560 quidusdam
920 1476 1116 1561 penetralibus
1131 1475 1267 1557 roeoodi3

133 1580 161 1641 id
182 1579 256 1662 quod
279 1576 407 1641 aouuuiii
430 1576 517 1656 mihi,
541 1576 589 1660 qui
608 1597 642 1640 se
659 1579 696 1640 ad
711 1573 822 1641 Christi
841 1579 925 1641 iidem
945 1598 963 1640 e
980 1575 1126 1642 dudaismo
1142 1587 1269 1641 transtu·

133 1679 241 1759 teraot,
270 1678 488 1743 aeeantissime
511 1679 709 1742 deeiararuat.
753 1675 817 1742 lmo
839 1690 869 1742 et
891 1680 1099 1763 Apostolorum
1122 1678 1216 1743 Aetus
1237 1680 1268 1743 ia

134 1779 306 1844 Hahrsieura
324 1798 490 1843 sermone·
507 1779 626 1861 periada
641 1797 802 1842 eonrersos
817 1799 835 1843 e
852 1779 970 1844 Graeeo
983 1782 1084 1845 iisdem
1102 1781 1132 1844 io
1153 1780 1270 1846 thesau-

130 1882 172 1945 ris
194 1879 295 1945 haheri
318 1881 474 1944 muitorum
495 1898 633 1942 sermons
653 1879 835 1962 pererebuit,
858 1880 906 1961 qui
931 1882 1015 1946 nohis
1031 1882 1089 1946 ista
1111 1883 1270 1948 narrabant

129 1982 254 2046 indidem
271 1979 457 2047 Christianae
474 1979 690 2065 ampheoteudae
705 1979 771 2043 hdei
787 1980 971 2045 ooeasiouem
988 1994 1175 2066 aeeeperuot.

212 2080 282 2147 ron
307 2083 485 2147 exitiorum
511 2100 635 2145 numero
653 2077 795 2166 losephns
817 2080 949 2164 qnidam,
981 2103 1037 2146 nou
1059 2083 1198 2146 historiae
1218 2084 1269 2147 iiie
1287 2094 1345 2161 esp.
1361 2097 1401 2145 tv.

130 2183 257 2270 seriptor
267 2183 416 2268 antiquus,
433 2180 717 2246 sed'l'iberiadeusis
728 2181 815 2261 atter,
838 2183 885 2266 qui
900 2181 1004 2246 heatae
1017 2185 1176 2246 memoriae
1188 2180 1268 2249 Cou-

130 2285 250 2350 stantioi
264 2285 393 2350 senioris
405 2283 590 2369 imperatoria
604 2294 702 2349 aetate
714 2282 808 2362 visita
831 2303 848 2346 a
867 2304 924 2367 quo
940 2284 1025 2347 etiam
1040 2283 1204 2347 comitivam
1220 2306 1268 2348 ao-

131 2389 223 2472 oepit,
247 2407 313 2451 oum
330 2407 364 2449 ea
381 2396 543 2471 potestate,
567 2397 598 2449 ut
614 2406 678 2450 oum
696 2386 726 2448 iu
743 2385 815 2449 urho
832 2384 896 2469 ipsa
911 2383 1093 2463 Tiberiadis,
1118 2395 1176 2477 tum
1196 2384 1269 2449 Dio»

87 2521 91 2526 ·
130 2507 306 2565 caesareae,
336 2482 578 2572 Capharnanmi,
598 2508 634 2551 ao
659 2487 763 2551 vieinia
790 2487 856 2550 atiis
882 2486 912 2549 io
939 2487 1051 2571 oppidis
1076 2486 1217 2551 ecelesias
1238 2490 1268 2550 in

131 2586 244 2655 Christi
264 2588 404 2652 honorem
429 2599 591 2653 extrueret.
635 2585 694 2672 Qui
711 2588 825 2672 quidem
847 2590 1012 2674 priusquam
1034 2589 1069 2653 ad
1087 2589 1270 2674 imperatoris

131 2690 263 2755 notitiam
278 2690 475 2775 pervenisset,
499 2689 705 2778 quamplurima
720 2688 757 2753 ah
773 2688 845 2774 ipsis
859 2688 974 2754 ludaeis
989 2701 1034 2755 est
1049 2711 1163 2777 passus.
1197 2688 1269 2754 Ete-

129 2786 191 2855 'aiar
208 2792 254 2856 hio
267 2791 331 2878 ipae
346 2790 490 2878 losephns
505 2812 546 2858 ex
564 2793 680 2856 illoram
696 2799 762 2853 erat
776 2791 878 2854 ordine
896 2793 943 2875 qui
960 2794 1032 2876 apud
1051 2791 1177 2857 iudaeos
1191 2793 1269 2878 pria-

131 2893 226 2977 eipem
240 2893 336 2957 ioeam
350 2893 499 2979 dignitatis
514 2893 659 2972 obtinent,
682 2912 757 2976 quos
772 2893 886 2976 quidem
903 2895 1060 2957 meandum
1077 2895 1268 2980 patriarcham

131 2992 281 3079 apostolos
302 2995 463 3059 nominant.
507 2995 650 3059 Assideat
673 2995 701 3058 hi
724 2993 922 3078 patriarchae,
951 3005 982 3058 et
1004 3017 1068 3059 euna
1092 3016 1129 3060 eo
1152 2997 1269 3081 saepius

132 3096 181 3160 dia
198 3107 342 3180 noetuque
358 3107 531 3176 versamur,
554 3097 630 3180 qaod
645 3096 739 3160 eidem
754 3117 771 3159 a
789 3097 918 3160 eonsitiis
938 3097 1013 3177 siut,
1036 3118 1071 3161 ao
1086 3098 1122 3161 de
1138 3098 1176 3162 iis
1190 3099 1268 3161 reie-

130 3210 198 3263 raut
211 3216 287 3281 qaae
298 3198 334 3260 ad
349 3197 443 3282 tagam
462 3199 608 3284 pertinere
622 3197 769 3262 ridentur.
800 3195 875 3261 Erat
890 3208 948 3261 tum
966 3199 1145 3282 patriarchae
1162 3218 1267 3262 nomeu

131 3298 219 3367 tutat.
264 3296 309 3362 ita
326 3301 404 3363 enim
419 3310 450 3362 et
466 3320 484 3362 a
500 3297 625 3385 iosepho
643 3299 785 3364 nominari
800 3300 916 3363 solitum
932 3302 1074 3378 arbitror,
1099 3301 1154 3365 uisi
1170 3321 1216 3363 roe
1231 3299 1268 3363 oh

132 3402 270 3488 temporis
289 3401 528 3486 longinquitatem
545 3402 616 3466 iahit
632 3401 782 3465 memoria.
826 3399 890 3465 lae
909 3405 1001 3487 stirpe
1018 3401 1189 3466 Gamatietis
1209 3400 1270 3464 ori·

131 3502 227 3588 gisem
249 3513 399 3581 traxerat,
422 3503 471 3586 qui
489 3503 712 3589 patriarohatam
733 3504 807 3589 apud
829 3503 895 3566 iitos
914 3504 1017 3567 tenuit.
1063 3501 1159 3586 Quem
1181 3502 1268 3568 etiam

131 3605 273 3692 suspirari
289 3606 394 3669 merito
410 3626 582 3691 posanms,
606 3617 637 3669 ut
654 3624 672 3669 a
690 3605 836 3691 plerisque
852 3605 995 3691 proditam
1013 3615 1074 3682 est,
1098 3625 1115 3667 e
1134 3603 1217 3689 primi
1233 3605 1268 3669 ii·

131 3706 187 3772 iiua
202 3704 375 3772 Camatieiis
392 3727 502 3792 gauere
520 3727 588 3772 esse
603 3719 776 3792 magnatum
801 3707 850 3791 qai
870 3706 924 3770 suh
941 3703 1051 3770 Christi
1074 3705 1181 3769 domiui
1203 3728 1269 3793 pas·

130 3808 245 3874 sionem
258 3819 362 3873 ametor
376 3809 443 3873 eins
454 3809 568 3873 eoasitii
585 3806 703 3875 ludaeis
724 3809 793 3887 tuit,
817 3819 849 3871 ut
866 3831 883 3871 a
900 3808 1109 3893 persequendis
1129 3810 1269 3895 apostolis

131 3911 324 3976 abstinerent.
368 3908 503 3974 Moriens
519 3908 597 3975 ttttn
614 3911 740 3976 rieinm
761 3911 928 3996 episcopam
946 3908 1151 3975 tiberianam
1171 3931 1270 3977 aroes·

131 4012 188 4094 sit,
210 4013 355 4098 abeoquo
370 4010 481 4076 lotione
499 4032 585 4077 saera
601 4012 656 4076 suh
672 4012 750 4076 ritae
770 4011 881 4075 exitum
896 4031 949 4096 par
965 4012 1124 4079 medioinae
1140 4014 1268 4100 speeiem

132 4115 279 4203 expiatur.
326 4110 401 4179 Cum
419 4113 495 4176 euim
513 4114 679 4199 episeopum
700 4133 753 4199 per
768 4110 921 4197 losephum
938 4113 1017 4179 vetut
1036 4117 1177 4181 medicum
1199 4134 1269 4178 ero·

132 4227 247 4299 oasmt,
271 4217 418 4281 taoessere
434 4214 523 4279 iussis
541 4214 693 4294 omnihus,
716 4214 838 4299 supplex
861 4215 939 4279 ilium
960 4216 1125 4305 interpellat
1141 4217 1184 4281 hia
1202 4237 1270 4282 rer·

132 4319 196 4385 hiat
219 4322 327 4399 Quaem
342 4329 385 4394 a,
407 4315 519 4402 iuquit,
541 4319 613 4379 mr'da'
626 4328 659 4378 st
674 4319 784 4379 Christi
795 4312 906 4397 apaan
923 4323 1075 4400 ιἰιφηιιιε.
1123 4316 1200 4384 Tum
1220 4341 1269 4386 oo.
