3046 5084
309 333 349 394 48
730 342 851 394 θλΝΟΤΙ
869 342 1036 393 ΕΡΙΡΗλΝλΙ

308 465 367 524 τοῖν
394 460 469 524 Ξναί
485 456 645 522 κνωδάλων
663 459 826 542 δυςγενοὶν,
855 464 892 546 τῇ
909 457 1011 522 πλάσει
1030 455 1122 539 αὐτῆς
1140 454 1313 535 συνάπτεις,
1342 465 1378 546 τῇ
1400 456 1461 526 άπδ

307 567 385 625 θεοῦ
403 558 479 624 κατά
498 560 528 624 σὲ
543 557 598 641 τήν
615 555 717 623 οιίσίαν
733 559 904 648 κεκτημένῃ,
927 562 978 623 καί
992 563 1020 624 τί
1037 557 1075 623 άν
1091 560 1203 643 γένοιτο
1221 556 1329 623 τούτου
1347 569 1458 642 μοχθη.

310 661 447 747 ράτερονς

178 771 246 837 Κεφ.
264 765 296 836 γ’.
401 763 612 846 ιΕἱμαρμένην
633 763 665 826 δὲ
685 760 882 844 παρειςάγεις,
911 757 952 836 οἱς
974 763 1003 838 ἐξ
1024 759 1116 843 αιίτης
1135 765 1269 846 γίνεσθαι
1288 759 1325 825 τά
1347 769 1387 851 τῷ
1410 760 1459 828 άν.

307 864 421 954 θράπςο
441 868 639 947 συμβαίνοντα
657 865 708 927 καί
728 861 831 937 άλλοις.
869 859 918 939 Ἐξ
939 861 1007 937 ἕνδς
1028 863 1059 926 δὲ
1079 865 1172 946 βητοῦ
1189 860 1225 928 δι’
1244 867 1386 946 ἐπιτομῆς
1405 872 1461 930 τοῦ

308 967 395 1053 λόγον
418 963 651 1047 άνατραπήσεται
677 962 698 1045 ἡ
725 961 762 1046 οη
785 968 961 1046 μυθοποιία.
1011 966 1054 1026 Εἰ
1072 961 1128 1048 γάρ
1151 966 1326 1047 εἱμαρμένης
1349 963 1381 1031 τά
1410 987 1459 1031 σο-

309 1075 460 1150 φίζεσθαι,
482 1065 514 1131 τὸ
537 1070 751 1144 συνετίζεσθαι,
773 1063 805 1129 τδ
824 1062 941 1149 λογικδν
959 1072 1119 1149 γεννᾶσθαι
1139 1067 1190 1129 καί
1207 1065 1329 1152 άλογον,
1351 1068 1402 1130 καὶ
1423 1066 1461 1133 τά

308 1169 380 1234 άλλα
397 1168 507 1246 πάντα,
539 1166 761 1231 παυσάσθωσαν
777 1164 870 1248 νόμοι.
913 1162 1088 1250 Ἐπικρατεῖ
1106 1165 1161 1251 γάρ
1184 1164 1377 1253 ηεὶμαρμένη
1395 1194 1458 1251 μοι.

308 1280 368 1356 χῶν
388 1296 419 1334 τε
438 1272 489 1334 καί
507 1267 608 1333 άλλων.
653 1272 747 1349 Δίκην
766 1268 796 1332 δὲ
813 1275 921 1348 μᾶλλον
938 1271 1066 1332 τίσουσιν
1086 1272 1117 1333 οἱ
1133 1266 1264 1353 άνάγκην
1280 1272 1459 1346 ἐπιτιθέντες

310 1372 427 1457 άστίρες
442 1371 516 1455 ἥπερ
531 1368 548 1435 δ
562 1367 796 1454 άναγκαζόμενος
811 1367 917 1452 δράσαι
931 1367 963 1433 τά
980 1371 1158 1454 ἐπιχείρημα.
1202 1368 1286 1434 Ἀλλά
1299 1374 1351 1435 καλ
1366 1369 1459 1447 άλλως

309 1479 351 1541 ἔτι
367 1476 433 1559 περὶ
448 1471 562 1538 τούτων
576 1474 642 1556 ἐρῶ.
684 1467 881 1554 Ἀργείτωσαν
895 1474 929 1534 αἱ
941 1473 1105 1555 διατριβαί,
1135 1471 1359 1537 παυσάσθωσαν
1372 1494 1458 1553 σοφι-

309 1581 374 1643 σταί
392 1601 422 1640 τε
442 1575 492 1639 καί
514 1572 635 1658 ῥήτορες
655 1573 705 1636 καί
724 1573 936 1656 γραμματικοί,
965 1575 1059 1657 ἰατροί
1076 1598 1105 1636 τε
1124 1576 1175 1637 καί
1191 1572 1272 1638 άλλαι
1291 1576 1458 1657 ἐπιστῆμαι,

309 1675 464 1760 βαναάσων
479 1701 509 1739 τε
524 1682 631 1756 τεχνῶν
647 1671 810 1755 άμνθητων
826 1681 956 1755 πλῆθος,
987 1675 1037 1737 καί
1053 1677 1153 1756 μηκέτι
1168 1667 1270 1757 μηδείς
1283 1678 1456 1755 παιδευὲτω,

310 1783 391 1863 είπερ
413 1782 442 1854 ἐξ
463 1778 637 1861 εἱμαρμένης
655 1774 790 1858 τυγχάνει
808 1782 868 1838 τῶν
885 1778 1065 1857 ἐπιστημῶν,
1095 1779 1146 1841 καί
1162 1777 1203 1859 μη
1221 1780 1253 1842 ἐκ
1270 1775 1456 1863 γραμμάτων,

309 1879 469 1964 μαθήσεως
489 1875 507 1942 ά
525 1875 669 1962 πορισμδς
691 1884 726 1965 τῇ
751 1874 924 1964 άνθρωπείμ
946 1875 1042 1957 φύσει.
1086 1881 1128 1941 Εἰ
1148 1877 1204 1962 γάρ
1226 1882 1384 1963 εἱμαρμένη
1405 1877 1457 1945 τδν

309 1982 543 2063 πεπαιδευμένον
561 1981 610 2043 καλ
626 1976 804 2064 λογιώτατον
821 1977 1034 2064 παρεσκεύασε,
1065 1977 1105 2060 μη
1126 1982 1298 2060 μανθανέτω
1314 2008 1358 2057 τις
1374 1979 1456 2066 παρά

308 2091 362 2150 τοῦ
383 2081 588 2158 διδάσκοντος,
619 2079 689 2144 άλλδ
711 2087 747 2169 τῇ
775 2077 862 2160 φύσει
878 2082 1104 2163 λαμβανέτωσαν
1123 2079 1177 2164 την
1194 2086 1306 2167 είδησιν
1334 2088 1367 2147 αἱ
1386 2081 1456 2158 τοιὶς

308 2189 409 2270 μίτους
423 2181 596 2249 κλάθουσαι
608 2191 741 2270 Μοῖραι,
763 2180 837 2248 κατά
853 2180 887 2247 τά
904 2183 1026 2266 φθέγμα
1039 2189 1091 2263 τῆς
1105 2181 1284 2265 κομπάδους
1299 2205 1355 2250 σου
1382 2181 1456 2250 λδιά

307 2287 400 2374 λόγων
420 2285 540 2368 πλάνης.

624 2633 1136 2719 ΠΛΑΤΩΝΙΚΟΙ,

337 2749 480 2848 τετάρτη
506 2751 627 2846 αἱρεσις
652 2746 717 2821 ἀπὸ
738 2746 974 2843 Ἑλληνισμοῦ,
1003 2754 1082 2842 ἕκτη
1108 2753 1144 2822 δὲ
1168 2778 1212 2846 τη
1240 2748 1421 2852 ἀκολουθίᾳ.

234 2949 238 2958 .
270 2903 286 2958 ’.
387 2895 477 2960 Ἀλλά
504 2903 596 2960 ταῦτα
618 2893 694 2980 πρδς
720 2893 857 2978 Ζήνωνα,
890 2898 938 2961 καί
965 2896 1035 2971 τοδς
1063 2895 1217 2974 Στωϊκούς
1243 2924 1293 2980 μοι
1319 2901 1453 2983 λελέχθω.

309 2999 435 3066 Πλάτων
463 2999 495 3063 δὲ
516 2996 576 3079 άμα
597 3000 648 3062 καὶ
671 2995 760 3074 αάτδς
779 2997 853 3064 κατά
873 3006 934 3063 ταῖν
955 2996 1053 3063 αὐτῶν
1077 2998 1237 3083 φερόμενος
1257 3008 1293 3090 τῇ
1315 3025 1453 3084 μετενσω-

306 3101 432 3190 ματάσει
452 3102 503 3165 καὶ
525 3109 704 3188 μεταγγιομῷ
730 3109 789 3165 τῶν
811 3108 917 3183 ψυχῶν
937 3101 988 3165 καί
1006 3106 1180 3176 πολυθεΐαις
1201 3103 1250 3167 καί
1271 3111 1335 3179 ταῖς
1356 3103 1453 3180 άλλαις

306 3208 550 3291 είδωλολατρείαις
567 3204 617 3266 καλ
635 3206 873 3285 δεισιδαιμονίαις
894 3200 931 3267 οιὶ
952 3209 987 3291 τῇ
1009 3200 1065 3290 ὅλη
1085 3200 1178 3285 πάντη
1200 3207 1273 3280 ίσως
1294 3204 1368 3269 κατά
1393 3205 1451 3287 Ζή·

305 3337 386 3376 νωνα
410 3309 462 3372 καὶ
485 3302 556 3379 τοάς
576 3303 731 3380 Στωϊκοδς
755 3303 924 3389 ἐφρόνησεν.
971 3301 1041 3368 Οίδε
1062 3302 1117 3389 γάρ
1138 3302 1228 3381 αὕτδς
1247 3304 1336 3385 θεδν,
1364 3305 1400 3370 τά
1421 3307 1453 3371 δὲ

305 3410 444 3497 γενόμενα
465 3406 562 3472 πάντα
591 3409 624 3470 εἰι
649 3413 703 3470 τοῦ
729 3405 813 3482 ὄντος
834 3414 911 3471 θεοῦ
939 3413 1150 3491 1γεγενῆσθαι,
1181 3403 1257 3472 εἶναι
1283 3408 1314 3472 δὲ
1335 3415 1453 3493 πρῶτον

307 3516 415 3592 αἴτιον,
436 3513 488 3575 καί
505 3507 657 3591 δεύτερον,
678 3510 728 3572 καί
743 3514 855 3594 τρίτον·
877 3509 928 3573 καί
943 3506 977 3572 τά
996 3509 1047 3590 μὲν
1063 3515 1184 3593 πρῶτον
1199 3512 1293 3574 αλιιον
1307 3507 1396 3588 θεδν,
1418 3506 1451 3574 τά

307 3614 340 3678 δὲ
361 3611 498 3695 δεύτερον
520 3614 614 3676 αίτιον
635 3613 667 3675 ἐκ
688 3617 764 3676 θεοῦ
782 3614 958 3696 γεγενῆσθαί
974 3636 1055 3686 τινας
1073 3611 1227 3694 δυνάμεις,
1258 3609 1294 3676 δι’
1310 3607 1402 3676 αὐτοῦ
1420 3611 1453 3677 δὲ

305 3716 355 3780 καί
377 3722 435 3778 τοῖν
454 3712 606 3795 δυνάμεων
621 3720 797 3798 γεγενῆσθαι
814 3711 869 3794 τὴν
886 3712 967 3793 ὕλην.
1013 3711 1125 3779 Φάσκει
1141 3711 1198 3800 γάρ
1215 3711 1324 3790 οὕτως·
1357 3711 1453 3801 Θείρα-

305 3816 358 3892 νδς
375 3815 435 3897 άμα
449 3815 544 3901 χρόνῳ
561 3817 725 3900 γεγένηται,
756 3811 831 3895 άμοῦ
848 3811 904 3901 γάρ
921 3816 972 3879 καί
988 3815 1160 3898 λυθήσεται·
1190 3812 1228 3881 τά
1242 3815 1371 3905 πρότερα
1388 3819 1454 3884 ἕαυ·

306 3925 359 3984 τοῦ
382 3915 418 3982 τά
440 3919 508 4000 περί
530 3915 602 3999 ὕλης
620 3915 828 3992 άνασκεύαοας.
871 3912 950 3980 Είπε
970 3915 1026 4002 γάρ
1044 3943 1114 3982 ποτε
1132 3921 1184 3985 καλ
1199 3916 1363 4009 σάγχρονον
1381 3919 1456 3988 εἶναι

305 4028 347 4109 τῷ
368 4026 432 4109 θεῷ
453 4016 506 4101 τὴν
527 4017 607 4100 ι’ἱλην.

338 4243 363 4294 2
380 4248 485 4295 Fortasse
502 4236 565 4296 ἀλλὰ
581 4241 633 4296 καλ.
930 4239 988 4291 διε.
1001 4242 1020 4292 ῐ.
1040 4270 1073 4281 -
1090 4242 1111 4295 1.
1126 4244 1191 4296 λιλκί
1204 4247 1288 4297 habent
1300 4237 1454 4308 γεγενῆσθαί

341 4312 398 4361 cn.
415 4314 456 4361 ΙΙΙ.
475 4341 506 4350 -
528 4313 548 4363 1.
564 4308 729 4377 Εἱμαρμένην
746 4313 799 4363 λίπ’
811 4313 860 4363 edi·
895 4309 1086 4378 (γεγεννῆσθαί)
1097 4328 1165 4372 τινας
1179 4308 1297 4376 δυνάμεις
1311 4305 1380 4360 εἶναι.
1406 4310 1454 4358 Sed

305 4385 330 4432 ti.
367 4382 459 4443 Ubique.
893 4381 937 4429 λλλο
950 4382 1022 4430 verba
1034 4396 1102 4439 τινας
1115 4377 1405 4446 δννοίμειςμιτετεοτιω,
1419 4380 1455 4427 αλλ

338 4447 363 4500 2.
380 4443 503 4515 διαλόγων
519 4450 569 4498 ωδ.
584 4448 680 4509 Βλιδίρ.
896 4452 1010 4512 appara,
1031 4455 1086 4500 ιακι
1101 4450 1197 4510 repetita
1213 4446 1243 4495 δι
1259 4446 1321 4494 λίπω
1338 4445 1454 4507 inferiore.
