3046 5084
258 320 315 380 104
676 328 796 380 ειαστι
814 329 982 381 τνιειιιιιιι

256 452 313 509 τών
337 443 594 528 προςδοκώμενον,
625 448 793 527 νομίσαντες
817 441 907 508 αύτόν
927 439 1001 507 είναι
1026 440 1078 507 τόν
1101 439 1233 527 Ἡρώδην
1258 441 1400 526 Χριστόν,

254 547 307 610 καὶ
330 542 374 610 ἐπ’
400 543 478 634 αύτῷ
500 543 686 627 ἀπατώμενοι
714 543 902 627 ἐσεμνύνοντο
931 550 972 632 τῷ
995 540 1128 631 Ἡρώδη,
1160 546 1193 608 ἐκ
1222 551 1276 609 τοῦ
1305 548 1399 629 ρἠτοῦ

255 649 525 733 σνναρπασθέντες,
548 644 618 731 μετά
637 652 691 711 τοῦ
707 648 758 712 καλ
773 648 813 722 είς
828 644 913 730 χάριν
928 651 982 710 τού
997 643 1062 710 τότε
1081 646 1221 727 βασιλέως
1242 650 1398 727 κενοδοξή·

254 773 319 829 σαι,
342 757 394 814 τοῦ
411 751 581 835 εἰρημένον,
615 746 678 814 Ούκ
704 750 829 828 ἐκλείψει
852 746 949 830 άρχων
965 749 995 823 ἐξ
1010 744 1123 821 Ἰούδα,
1145 745 1215 811 ούδέ
1236 743 1401 831 ήγούμενος

255 854 288 916 ἐκ
302 858 361 916 τῶν
383 857 484 936 μηρῶν
499 849 607 930 αύτοῦ,
629 852 684 925 ἕως
699 847 736 913 άν
758 840 874 937 ἐλθηρῖ
895 845 1061 913 άπύκειται·
1091 845 1132 923 ώς
1147 848 1179 913 δέ
1195 850 1252 931 ἐχει
1274 846 1310 912 τά
1327 845 1399 912 άλλα

254 949 432 1038 άντίγραφα,
454 955 510 1027 ἕως
525 955 600 1040 ἐλθη
619 943 643 1039 ᾧ
664 949 700 1013 τά
720 947 904 1030 ἀποκείμενα.
946 946 1125 1033 Ἐπειδήπερ
1147 946 1312 1031 όἩρώδης
1329 947 1398 1026 υἱός

253 1050 444 1139 Ἀντιπάτρου
466 1051 618 1138 ἐτύγχανεν
632 1049 840 1116 Ἀσκαλωνίτου
856 1046 936 1124 τινός
958 1048 1130 1132 ίεροδούλου
1146 1048 1327 1125 ’Λπόλλωνος
1341 1056 1399 1116 τοῦ

255 1153 386 1231 εἰδώλου,
408 1146 446 1218 οὗ
464 1150 482 1218 ό
498 1151 594 1236 πατήρ
607 1157 661 1216 τοῦ
678 1148 770 1216 αύτού
786 1147 979 1234 Ἀντιπάτρου
987 1146 1120 1235 Ἡρώδης
1134 1153 1186 1234 μέν
1203 1145 1240 1234 ἦν
1253 1149 1397 1234 τούνομα,

254 1253 322 1330 υίδς
342 1255 375 1318 δέ
389 1247 428 1336 ήν
444 1246 531 1328 οὗτος
545 1258 599 1318 τοῦ
614 1250 747 1316 Ἀντίπα·
769 1250 948 1335 αἰχμάλωτος
967 1252 999 1315 δέ
1015 1251 1133 1334 ἐλήφθη
1150 1249 1209 1318 ύπό
1225 1250 1398 1335 Ἰδουμαίων

254 1352 272 1420 ό
288 1353 377 1430 αύτός
390 1351 592 1437 Ἀντίπατρος,
614 1351 729 1418 κάκεῖσε
743 1355 775 1419 ἐν
796 1358 832 1442 τή
845 1350 997 1440 Ἰδουμαίῳ
1013 1357 1171 1438 διατρίβων
1190 1357 1322 1438 ἐγέννησε
1344 1353 1398 1420 τόν

252 1453 395 1539 Ἡρώδην.
443 1461 503 1521 Τοῦ
517 1457 548 1520 δέ
567 1453 678 1539 πατρός
696 1456 822 1536 πένητος
845 1451 930 1528 όντος
952 1457 1001 1518 καί
1026 1453 1067 1537 μή
1092 1458 1257 1536 δυναμένου
1281 1454 1398 1540 λύτροις

254 1556 403 1641 ῥύσασθαι
423 1556 476 1622 τόν
498 1555 581 1636 υίδν,
609 1559 682 1641 λέγω
707 1554 744 1638 δή
763 1554 813 1621 τόν
825 1553 1032 1641 Ἀντίπατρον,
1063 1558 1173 1638 ἐμεινεν
1189 1560 1220 1622 ἐν
1238 1564 1334 1645 πολλῷ
1355 1564 1397 1644 τῷ

254 1657 350 1746 χρόνῳ
369 1658 529 1724 δουλεύων·
557 1658 679 1745 ύστερον
702 1659 733 1722 δέ
758 1655 909 1740 ἐλυτρώθη
935 1660 964 1733 ἐξ
989 1657 1098 1741 ἐράνου
1115 1665 1174 1722 τών
1194 1664 1322 1723 πολιτών
1342 1657 1398 1723 σύν

255 1767 296 1848 τῷ
314 1763 398 1827 παιδί
410 1758 542 1850 Ἡρώδη,
570 1763 620 1826 καλ
643 1768 785 1843 μετῆλθεν
807 1762 849 1834 είς
872 1757 908 1823 τά
930 1762 1031 1824 οἰκεῖα.
1074 1758 1187 1843 Διόπερ
1210 1760 1285 1835 τινές
1307 1756 1398 1824 αύτδν

254 1865 388 1948 λέγουσιν
408 1861 590 1945 Ἰδουμαῖον,
619 1861 699 1927 άλλοι
718 1863 749 1926 δέ
768 1859 980 1943 Ἀσκαλωνίτην
1001 1864 1110 1926 ίσασιν·
1141 1861 1262 1946 ύστερον
1285 1861 1316 1924 δέ
1335 1862 1399 1940 ἐφι-

255 1961 352 2047 λιώθη
369 1969 545 2053 Δημητρίῳ,
573 1966 626 2029 καὶ
642 1967 798 2049 ἐπίτροπος
815 1964 937 2046 κατέστη
957 1964 1007 2028 ἐπλ
1026 1969 1079 2045 τῆς
1092 1961 1252 2041 Ἰουδαίας,
1275 1964 1308 2028 ἐν
1323 1961 1396 2047 γνώ·

255 2087 300 2131 σει
319 2091 349 2130 τε
370 2068 486 2152 γέγονεν
499 2064 661 2155 Αὐγούστῳ
679 2069 803 2148 βασιλεῖ,
824 2067 875 2130 καλ
890 2061 949 2129 άπδ
968 2071 1023 2130 τοῦ
1039 2064 1240 2148 ἐπιτροπεύειν
1255 2071 1398 2148 προςηλν-

254 2166 347 2247 τεύει,
368 2171 565 2255 περιτέμνεταί
581 2194 610 2233 τε
633 2171 683 2233 καλ
704 2164 808 2245 αύτδς,
836 2168 886 2230 καλ
910 2167 1072 2251 περιτέμνει
1091 2160 1226 2250 Ἡρώδην
1248 2163 1300 2230 τόν
1321 2163 1398 2244 υἱόν,

257 2272 298 2347 είς
313 2271 349 2337 δν
367 2265 459 2356 ἦλθεν
480 2270 499 2338 ό
513 2278 621 2356 κλῆρος
641 2278 694 2352 τῆς
715 2277 774 2334 τών
789 2265 937 2333 Ἰουδαίων
952 2271 1107 2351 βασιλείας.
1146 2260 1201 2332 Ἦν
1216 2268 1248 2331 δέ
1263 2266 1398 2356 βασιλεύς

256 2376 287 2438 ἐν
301 2381 337 2463 τή
352 2371 478 2464 Ἰουδαίῳ
494 2370 553 2438 ύπό
572 2373 713 2454 ιβασιλέα
728 2368 909 2455 Αύγονστον,
932 2367 1022 2444 αύτδς
1035 2365 1227 2444 ύπόσπονδος
1244 2365 1396 2453 ύπάρχων.

254 2472 335 2542 Ἐπεί
351 2469 406 2542 οὖν
426 2480 456 2554 ἐξ
479 2472 650 2553 άλλοφύλων
667 2464 754 2547 οὗτος
768 2470 928 2554 βασιλεύει,
949 2469 1024 2535 κατά
1040 2469 1183 2554 διαδοχήν
1199 2473 1230 2536 δέ
1248 2470 1398 2554 διήρκεσεν

255 2575 316 2644 άπδ
333 2587 387 2644 τοῦ
402 2576 499 2644 Ἰούδα
515 2577 567 2639 καλ
587 2571 646 2640 άπδ
661 2580 715 2639 τοῦ
732 2575 829 2656 Δαβλδ
850 2571 883 2637 ιδ
900 2576 1046 2654 βασίλειον
1069 2574 1167 2638 καλοί
1184 2575 1217 2639 ἐκ
1230 2581 1284 2639 τοῦ
1300 2570 1398 2639 Ἰούδα

256 2679 392 2766 δίρχοντες
412 2681 463 2743 καλ
476 2674 668 2762 πατριάρχαι,
692 2676 808 2758 μετέστη
827 2676 859 2739 δὲ
874 2672 906 2739 τδ
925 2677 1071 2755 βασίλειον
1088 2677 1130 2749 εἰς
1149 2672 1330 2756 άλλόφνλον,
1351 2702 1399 2741 πε·

256 2779 355 2846 θανόν
368 2783 465 2856 ἐδοξεν
481 2781 512 2845 ἐν
527 2787 564 2868 τῇ
579 2775 729 2860 ύπολήψει
747 2785 807 2842 τῶν
827 2777 1057 2859 πεπλανημένων
1077 2776 1111 2842 τό
1135 2773 1329 2860 ύπατηθῆναι
1348 2779 1399 2842 καλ

256 2886 374 2963 νομίσαι
389 2879 481 2946 αύτδν
498 2879 627 2965 Χριστόν
645 2876 736 2958 εἶναι,
766 2876 824 2943 άπδ
846 2885 899 2960 τῆς
921 2875 1101 2952 άκολουθίας
1118 2886 1171 2943 τοῦ
1186 2881 1398 2963 προειρημένον

136 3016 188 3062 ρος.
201 3005 234 3049 εν.
260 2989 352 3069 βητού
366 2989 435 3062 τοῦ,
460 2980 525 3047 Ούκ
541 2985 665 3063 ἐκλείψει
681 2980 776 3067 άρχων
796 2983 825 3057 ἐξ
837 2978 948 3058 Ἰούδα,
971 2982 1027 3055 ἕως
1045 2979 1081 3044 άν
1098 2983 1173 3069 ἐλθη
1198 2973 1222 3069 ηδ
1238 2978 1397 3048 άπόκειται

255 3085 308 3164 Ὡς
327 3083 401 3152 είναι
424 3091 511 3149 τοῦτο
536 3082 605 3169 παρ’
627 3081 727 3158 αύτοῖς
750 3084 886 3166 νοητέον,
915 3081 962 3148 ότι
982 3080 1076 3170 τούτῳ
1098 3080 1249 3160 άπέκειτο,
1274 3088 1397 3163 ’φασίν

255 3187 403 3268 Ἐξέλιπον
423 3184 478 3273 γάρ
500 3189 624 3266 ἐκεῖνοι,
653 3188 705 3251 καλ
727 3177 815 3260 οὗτος
837 3182 893 3251 ούκ
913 3181 972 3248 άπδ
998 3185 1100 3268 γένους
1122 3191 1175 3250 τοῦ
1193 3183 1311 3264 Ἰούδα,
1341 3183 1399 3250 ἄλλ’

258 3291 325 3359 ούτε
339 3290 414 3366 ὅλως
427 3296 479 3356 τοῦ
495 3286 614 3374 Ἰσραήλ
628 3286 758 3373 ύπάρχει.
806 3286 906 3375 Τούτῳ
925 3287 957 3350 δέ
978 3282 1112 3352 άπέκειτο
1128 3283 1202 3352 εἶναι
1219 3285 1356 3372 Χριστόν.

125 3413 191 3481 Κεφ.
210 3412 241 3484 μ’,
341 3391 412 3459 Ἀλλ’
424 3394 528 3478 ἐλέγχει
540 3388 647 3466 αύτούς
661 3387 683 3472 ή
697 3387 860 3455 άκολουθία
872 3386 1029 3469 φάσκουσα
1042 3388 1103 3468 ὅτι,
1126 3386 1225 3465 Αύτδς
1238 3390 1397 3471 προςδοκία

259 3498 366 3575 ἐθνῶν,
387 3498 438 3562 καί
453 3491 498 3562 ἐπ’
515 3491 595 3583 αύτῷ
608 3495 684 3574 ἐθνη
699 3495 839 3558 ἐλπιοῦσι.
869 3498 967 3556 Ποῖον
983 3492 1014 3555 δέ
1030 3498 1088 3556 τών
1105 3493 1205 3557 ἐθνῶν
1221 3491 1268 3555 lul
1281 3485 1398 3578 Ἡρώδη

258 3592 375 3677 ήλπισε,
404 3608 476 3666 ποῖα
500 3581 532 3662 δέ
553 3597 715 3682 προςδοκία
737 3596 835 3660 ἐθνών
849 3591 983 3678 Ἡρώδην
1005 3597 1181 3678 καραδοκεῖς
1211 3597 1275 3666 πώς
1299 3590 1332 3656 δέ
1352 3589 1398 3672 τό,

258 3693 430 3782 Ἐκοιμήθη
445 3698 513 3786 παρ’
528 3697 644 3778 αύτοῖς,
666 3699 843 3782 ἐπληροῦτο,
873 3693 913 3771 ώς
929 3696 1018 3770 λέων,
1046 3696 1096 3759 καλ
1119 3692 1160 3770 ώς
1178 3691 1306 3776 σκύμνος
1321 3695 1399 3761 λέον-

259 3823 324 3876 τος,
346 3802 390 3872 τίς
407 3803 529 3886 ἐξεγερεῖ
543 3799 648 3878 αύτόν;
677 3805 737 3864 ποῦ
753 3801 787 3864 δέ
801 3802 923 3863 έπλυνεν
946 3799 980 3863 ἐν
995 3798 1094 3878 αἵματι
1116 3794 1169 3879 τήν
1185 3795 1288 3879 στολήν
1308 3794 1399 3862 αύτοί

260 3897 279 3965 ό
294 3896 441 3983 Ἡρώδης,
462 3901 483 3983 ή
497 3906 529 3968 ἐν
547 3908 648 3987 αἵματι
662 3907 812 3983 σταφυλῆς
827 3897 860 3965 τό
875 3896 1063 3984 περιβόλαιον
1079 3894 1186 3978 αύτοῦ,
1209 3895 1249 3976 ώς
1266 3896 1285 3965 o‘
1298 3897 1401 3985 κύριος

259 3998 345 4085 ήμῶν
354 3995 473 4081 Ἰησοῦς
489 4003 616 4087 Χριστός
627 4002 661 4069 τό
677 4009 760 4084 σώμα
776 3997 869 4066 αύτού
883 4004 1020 4084 βαντίσας
1035 4003 1134 4082 αίματι
1149 4007 1190 4088 τῳ
1203 4002 1279 4090 ίδίῳ,
1299 4002 1351 4065 καλ
1369 4003 1401 4065 ἐν

261 4107 360 4188 αίμοιτι
378 4108 527 4184 σταφυλῆς
543 4105 575 4169 τό
590 4101 777 4192 περιβόλαιον
790 4099 897 4181 αύτούς
918 4100 1001 4167 ’Λλλά
1016 4101 1079 4167 νόει
1092 4102 1111 4166 δ
1126 4103 1208 4188 λέγω.
1252 4100 1325 4187 Δρίη
1342 4098 1398 4185 γάρ

261 4227 310 4272 σοι
321 4204 340 4272 ό
350 4203 454 4290 κύριος
472 4200 589 4270 σύνεσιν
605 4209 636 4271 ἐν
648 4212 749 4271 πᾶσιν.
781 4203 855 4270 Ἵνα
868 4203 924 4290 γάρ
944 4208 1023 4294 δείξῃ
1038 4202 1071 4270 τό
1087 4202 1253 4288 καθάρσων
1272 4208 1326 4284 τῆς
1345 4206 1400 4266 τοῦ

261 4314 335 4373 λαοῦ
352 4314 406 4373 τοῦ
419 4308 524 4391 κνρίον
539 4305 755 4385 καταστάσεως,
775 4298 850 4389 ήλθε
866 4305 916 4372 διά
936 4313 990 4373 τοῦ
1013 4309 1090 4373 ίδίον
1111 4310 1233 4389 αἵματος
1251 4310 1305 4387 τῆς
1319 4304 1400 4367 διδα-

263 4412 381 4485 σκαλίας
397 4414 531 4493 καθᾶραι
548 4403 618 4482 τούς
636 4405 760 4483 ὀδόντας
776 4414 836 4474 τών
851 4405 1038 4495 ύνδρώπων,
1067 4405 1138 4484 τούς
1154 4408 1196 4481 είς
1211 4401 1283 4488 αἷμα
1299 4410 1401 4490 κνίσης

281 4541 749 4617 οιε.Ι,-1.βασιλεύεινιδλλμτίτιτ.
783 4544 809 4597 2
827 4548 993 4614 Υιιλροφητα,
1007 4548 1399 4612 mmmmm.
