3046 5084
256 287 314 347 118
677 297 797 347 εεειοτι
817 297 984 347 Εειεειεειιε

252 421 316 488 τοῖς
334 409 432 487 όίλλοις
449 413 587 476 έπιτελεῖν
602 412 674 487 τοῦς
689 409 782 476 αῦτοῦ
797 409 933 494 μαθητός
949 413 1076 488 ἐδίδαξε,
1098 411 1150 474 καί
1167 412 1235 492 περὶ
1252 417 1305 475 τοῦ
1323 411 1407 476 Καό-

253 520 355 595 λακαχ,
377 516 427 577 καί
442 516 626 598 Προυνίκου,
648 514 698 578 καὶ
713 511 807 577 ἄλλων
820 516 1011 598 βαρβαρικῶν
1025 509 1187 593 όνομότων,
1211 509 1230 575 δῖ
1245 518 1286 599 τῷ
1302 510 1406 602 κόσμῳ

255 622 394 697 μυσαροῖς
415 613 593 699 εἰςηγήσατο.

145 746 195 790 pag.
208 733 241 778 σε.
338 714 371 790 ς’.
394 718 564 793 Γναστικοὶ,
587 718 619 780 οί
630 714 682 791 τοίς
699 712 790 790 αῦτός
805 715 929 798 αἱρέσεις
942 713 1152 796 διαδεξόμενοι,
1175 714 1263 778 πλέον
1280 714 1312 779 δέ
1328 713 1407 778 θαῦ-

254 825 314 882 τῶν
338 816 457 882 πόντων
480 815 534 898 την
559 814 733 902 αἰσχρότητα
758 817 896 897 έμμανῦς
919 815 1123 900 ἐργαζόμενοι,
1153 817 1184 880 ἒν
1208 814 1353 904 Αίγόπτφ
1374 818 1408 882 δέ

258 921 471 1005 Στρατιοιτικοί
484 917 662 1000 καλούμενοι
676 919 727 982 καί
745 921 927 997 Φιβιοινῑται.
968 915 1018 981 Ἐν
1032 917 1063 980 δὲ
1078 925 1140 991 τοῖς
1156 914 1344 1000 οἶνοοτερικοῖς
1359 919 1408 999 μέ·

258 1042 321 1104 ρεσι
337 1021 565 1096 Σεκουνδιανοί,
589 1021 620 1083 έν
641 1016 737 1093 όλλοις
759 1017 791 1080 δὲ
811 1018 909 1101 μέρεσι
928 1023 1172 1102 10Σοοκρατῐται,
1194 1017 1274 1101 παρὰ
1298 1020 1330 1084 δέ
1348 1020 1406 1083 ἑτέ-

257 1144 321 1206 ροις
340 1128 497 1202 Ζακχαῖοι·
520 1117 599 1183 όλλοι
621 1119 653 1182 δέ
673 1115 861 1193 Κοδδιανοῦς
881 1115 990 1194 οῦτοῦς
1010 1120 1159 1202 λέγουσιν,
1181 1117 1262 1184 ἄλλοι
1283 1120 1315 1184 δέ
1331 1127 1407 1205 Βορ·

257 1225 377 1306 βορίτας
394 1218 503 1295 αότοός
519 1225 666 1284 καλοῦσιν.
714 1211 805 1283 Οῦτοι
821 1217 874 1301 την
890 1217 1029 1305 Βαρβελοδ
1047 1221 1098 1285 καί
1118 1219 1261 1304 Βαρβεριό
1276 1218 1408 1303 αόχοῦσι.

343 1317 372 1399 ξ.
396 1321 666 1406 Καρποκρατιανοί,
682 1317 741 1384 οἷπό
755 1318 991 1405 Καρποκρότους
1001 1319 1079 1395 τινός
1093 1328 1152 1385 τοῦν
1169 1322 1200 1385 έν
1213 1328 1250 1410 τῇ
1260 1319 1352 1410 Ἁσίμ,
1375 1321 1410 1398 δς

259 1427 394 1490 ἐδίδασκε
416 1429 514 1486 πᾶσαν
531 1423 738 1506 αἰσχρουργίαν
759 1421 897 1500 έκτελεῖν,
919 1424 970 1487 καὶ
987 1429 1048 1487 πᾶν
1064 1421 1242 1505 ἐπιτήδευμα
1257 1421 1408 1505 ἁμαρτίας.

259 1528 321 1589 Καί
339 1528 366 1589 εἰ
384 1522 425 1606 μη
443 1550 500 1601 τις,
523 1525 613 1604 φησί,
636 1522 686 1586 διό
703 1522 822 1587 πάντων
841 1526 1001 1605 παρέλθοι,
1023 1525 1074 1587 καλ
1096 1522 1127 1589 τό
1153 1526 1269 1606 θέλημα
1290 1523 1411 1589 πόντιον

258 1634 318 1692 τῶν
340 1624 490 1706 δαιμόνων
507 1627 557 1689 καί
580 1621 708 1709 όγγέλοιν
726 1626 877 1714 ἐκτελέσῃ,
906 1623 944 1690 οῦ
965 1624 1087 1690 δύναται
1108 1622 1275 1711 ῦπερβῦγναι
1296 1629 1338 1701 είς
1357 1625 1410 1692 τόν

259 1726 412 1793 οίνοίτατον
426 1724 563 1811 οόρανόν,
586 1724 655 1790 οὐδὲ
670 1724 722 1801 τοίς
737 1724 827 1809 οίρχός
842 1729 894 1791 καὶ
907 1724 961 1802 τοίς
975 1729 1108 1803 ἔξουσίας
1123 1736 1289 1810 παρελθεῖν.
1310 1725 1411 1813 Ἔλεγε

261 1830 293 1895 δέ
315 1828 367 1894 τόν
384 1825 500 1910 Ἰησοῦν
520 1826 621 1910 φυχην
643 1826 750 1913 νοερόν
770 1829 934 1909 εἰληφέναι,
961 1827 1061 1893 εἰδότα
1084 1829 1116 1893 δέ
1138 1827 1174 1893 τοί
1194 1827 1256 1895 όινοι
1278 1831 1412 1894 ἐνταῦθα

260 1932 476 2016 καταγγέλλειν,
497 1931 548 1994 καὶ
572 1926 613 2004 οἱς
631 1933 660 1993 εί
683 1937 770 2005 ιιτις
791 1929 927 2011 πρόξειεν
944 1928 1034 2011 δ’μοια
1051 1937 1093 2017 τῷ
1107 1927 1220 2012 Ἰησοῦ,
1241 1927 1304 1995 κατ’
1319 1926 1412 1995 αότόν

262 2030 350 2097 είναι·
372 2032 425 2098 τόν
440 2057 471 2096 τε
489 2031 582 2114 νόμον
599 2029 654 2096 σῦν
669 2038 705 2120 τῇ
720 2038 778 2095 τῶν
794 2039 906 2113 νεκρῶν
923 2029 1079 2097 α’ναστοίσει
1095 2029 1294 2118 όπηγόρευεν,
1316 2028 1357 2106 οἷς
1379 2034 1413 2095 αί

262 2133 321 2200 οίπό
338 2140 476 2216 Σίμωνος
495 2136 546 2198 καί
566 2138 652 2218 δεῦρο
672 2135 805 2218 αίρέσεις.
854 2131 968 2198 Τοότου
990 2135 1107 2218 γέγονεν
1124 2132 1146 2216 ἦ
1161 2136 1192 2199 έν
1207 2131 1303 2223 Ῥσίμη
1321 2140 1412 2218 Μαρ-

260 2241 380 2302 κελλίνα.
415 2235 547 2310 Εἰκόνας
562 2237 593 2300 δέ
608 2233 734 2317 ποιήσας
749 2237 781 2300 έν
794 2243 897 2323 κρυφῇ
910 2231 1017 2317 Ἰησοῦ,
1035 2235 1085 2299 καί
1102 2234 1238 2312 Παῦλον,
1259 2237 1311 2301 καί
1322 2231 1410 2318 Ὁμή-

263 2366 334 2423 ρου,
356 2341 408 2403 καὶ
425 2336 630 2423 Πυθαγόρου,
652 2335 773 2412 ταύταις
789 2338 901 2417 έθυμία
921 2339 972 2401 καί
990 2335 1172 2419 προςεκόνει.

345 2643 382 2725 η’.
413 2644 629 2726 Κηρινθιανοί,
651 2643 682 2706 οί
695 2643 747 2705 καί
762 2646 985 2727 Μηρινθιανοί·
1008 2636 1092 2707 οῦτοι
1108 2639 1167 2707 όπό
1186 2644 1345 2727 Κηρίνθου
1360 2642 1413 2707 καί

264 2749 432 2829 Μηρίνθου
450 2741 589 2808 Ἰουδαῖοί
610 2768 702 2820 τινες,
724 2741 778 2825 την
800 2742 961 2827 περιτομὴν
981 2742 1153 2826 αῦγοῦντες,
1175 2741 1226 2808 τόν
1245 2745 1278 2809 δέ
1299 2743 1412 2826 κόσμον

263 2843 313 2909 ὑπ’
330 2843 457 2929 όγγέλων
474 2852 648 2930 γεγενῆσθαι
662 2846 808 2930 λέγοντες,
829 2844 945 2928 Ἰησοῦν
964 2846 996 2910 δέ
1013 2844 1087 2912 κατό
1105 2842 1263 2931 προκοπὴν
1284 2843 1413 2931 Χριστόν

268 2953 301 2992 ¹2
312 2953 481 3028 κεκλῆσθαι.

346 3046 388 3113 θ’.
422 3054 606 3133 Ναζωραῖον,
632 3053 708 3114 1θοῖ
732 3047 861 3135 Χριστόν
884 3046 1078 3135 όμολογοῦσιν
1098 3046 1213 3132 Ἰησοῦν
1235 3048 1303 3115 υἱόν
1324 3054 1413 3127 θεοῦ,

264 3148 360 3217 πόντα
383 3152 415 3214 δέ
436 3149 511 3215 κατό
531 3147 625 3232 νόμον
646 3151 872 3235 πολιτευόμενοι.

349 3252 376 3319 ι’.
410 3249 593 3335 Ἐβιαναῖοι,
616 3257 648 3318 οί
665 3253 865 3339 παραπλήσιοι
882 3261 943 3318 τῶν
963 3252 1183 3338 προειρημένων
1201 3256 1414 3335 Κηρινθιανοῖν

265 3358 316 3421 καί
331 3359 523 3439 Ναζωραίων,
544 3351 591 3430 οίς
605 3354 748 3439 συνήφθη
765 3354 882 3420 κατότι
899 3353 920 3438 η
934 3363 993 3421 τῶν
1015 3357 1227 3436 14Σαμψαίαν
1244 3378 1274 3417 τε
1288 3353 1338 3416 καί
1353 3348 1412 3414 Ἑλ·

264 3463 389 3523 κεσαίων
404 3460 528 3543 αἵρεσις·
556 3462 627 3521 ¹⁶02·
643 3457 773 3542 Χριστόν
789 3480 881 3538 φασιν
894 3463 1046 3551 κεκτίσθαι
1061 3460 1092 3523 ἰν
1108 3463 1149 3544 τῷ
1164 3454 1291 3541 οὐρανῷ,
1313 3454 1365 3518 καί
1379 3450 1413 3519 τό

265 3555 350 3641 ῦγιον
365 3559 457 3626 αὐτοῦ
470 3566 601 3640 πνεῦμα,
624 3558 828 3643 ένδημὴσαντα
846 3561 878 3624 δέ
894 3557 948 3625 τόν
968 3556 1098 3644 Χριστόν
1117 3560 1150 3623 έν
1166 3564 1206 3646 τῷ
1220 3554 1314 3638 Ἀδόμ
1331 3561 1414 3640 πρῶ·

266 3682 332 3736 τον,
354 3664 405 3725 καί
420 3660 494 3728 κατὰ
510 3659 616 3746 καιρόν
632 3661 811 3744 ἐκδυόμενον
826 3659 915 3727 αὐτόν
930 3659 982 3728 τόν
996 3658 1090 3742 Ἀδόμ
1106 3663 1157 3726 καί
1173 3655 1261 3724 πόλιν
1277 3656 1417 3741 ένδυόμε·

266 3784 327 3824 νον.
376 3761 415 3826 Τό
432 3762 503 3829 αῦτό
520 3762 608 3829 τοῦτό
628 3786 718 3844 φασιν
738 3766 944 3829 έκτετελεκέναι
963 3760 1055 3828 αῦτόν
1072 3765 1104 3827 έν
1119 3768 1156 3851 τῇ
1171 3758 1416 3850 ένσόρκφ·αῦτοῦ

266 3864 424 3948 παρουσίᾳ.
466 3862 603 3931 Ἰουδαῖοι
632 3867 664 3931 δέ
693 3863 775 3941 ὄντες
804 3863 981 3951 εὐαγγελίοις
1008 3868 1180 3948 κέχρηνται,
1211 3869 1417 3950 σαρκοφαγίαν

265 3961 484 4045 βδελύττονται,
506 3964 538 4030 τό
559 3965 641 4052 ῦδοορ
660 3965 725 4031 όντί
744 3974 821 4032 θεοῦ
843 3970 956 4050 έχουσι,
977 3963 1031 4032 τόν
1051 3967 1082 4031 δέ
1102 3963 1232 4052 Χριστόν
1251 3965 1417 4050 ἄνθρωπον

267 4069 298 4132 ἰν
319 4073 356 4155 τῇ
377 4063 508 4154 ένσοίρκφ
531 4073 680 4156 παρουσία
698 4068 893 4149 ἐνδεδύσθαι,
917 4065 958 4145 οἷς
978 4070 1064 4150 έφην.
1107 4074 1245 4151 Συνεχῦς
1263 4068 1296 4131 δέ
1312 4068 1415 4148 βαπτί-

159 4210 211 4253 m.
223 4195 255 4239 τι.
269 4174 364 4246 ζονται
388 4170 421 4234 έν
440 4176 503 4242 τοῖς
520 4167 624 4248 ῦδασι,
645 4172 758 4256 θέρους
774 4195 805 4235 τε
826 4172 879 4237 καί
897 4177 1054 4254 χειμῶνος,
1081 4172 1124 4246 εἰς
1146 4164 1290 4255 ἆγνισμόν
1311 4168 1417 4247 δῆθεν,

266 4267 362 4355 όίςπερ
384 4273 416 4335 οί
435 4277 623 4354 Σαμαρεῖται.

299 4440 323 4494 9.
342 4440 414 4496 αὐτοὶ
428 4450 493 4495 επιστ
508 4448 534 4494 λιι
546 4446 688 4504 λκαιερλολ.
856 4450 932 4498 ficano
945 4449 990 4496 λλ.
1005 4447 1138 4498 annotavit:
1156 4438 1322 4507 ,περικείσεται
1337 4441 1361 4495 οἰ
1375 4442 1419 4495 νῦν

302 4510 342 4562 10.
360 4513 445 4564 franc.
462 4513 551 4564 δαδολλλ
565 4526 650 4563 πονοι
662 4515 690 4564 δι
705 4515 756 4565 cod.
776 4514 821 4565 Va·
855 4520 953 4568 κανῖται
963 4516 1015 4583 (sic)
1024 4515 1048 4566 in
1058 4508 1168 4578 margine
1176 4517 1230 4561 erat
1236 4507 1418 4578 εδιοτίφιυιυ.“
