3046 5084
259 356 319 416 224
681 362 801 414 ειΝοτι
820 360 989 412 εΡιΡΗιΝιι

252 506 299 547 σιν
320 481 366 546 ότι
390 484 422 547 οἱ
441 481 589 563 μέλλοντες
611 487 761 557 τελευτᾶν,
789 476 842 544 ἐάν
863 469 917 542 ὦσι
934 473 1160 558 κατηχοῦμενοι,
1190 478 1240 541 ἐπὶ
1255 476 1349 566 ταῦτη
1369 484 1408 567 τῇ

179 636 182 641 .
254 587 349 648 ἐλπίδι
366 579 424 666 πρό
440 589 493 662 τῆς
507 587 639 661 τελευτῆς
653 586 778 663 λουτροῦ
794 583 1013 657 καταξιοῦνται,
1042 576 1204 653 δεικνύντες
1222 577 1267 643 ότι
1280 576 1299 643 ό
1312 588 1407 644 τελευ-

252 684 342 767 τήσας
362 685 414 747 καλ
432 681 637 763 άναστήσεται,
668 684 718 745 καὶ
737 679 787 745 διά
806 687 892 745 τοῦτο
913 682 1058 744 ἐπιδέεται
1074 687 1125 762 τῆς
1143 678 1192 743 διά
1209 688 1263 745 τοῦ
1279 689 1407 764 λουτροῦ

254 784 385 866 άφέσεως
405 781 627 868 ἁμαρτημάτων.
676 781 794 848 Τούτων
812 783 844 846 δέ
862 785 893 847 οί
911 783 964 863 μέν
981 779 1033 846 τόν
1053 780 1182 868 Χριστόν
1199 786 1320 864 μηδέπω
1340 786 1407 868 ἐγη·

252 889 357 973 γέρθαι
380 883 588 969 κεκηρόχασιν,
619 882 794 949 οίνίστασθαι
817 884 848 948 δέ
873 881 943 965 μετά
968 881 1103 961 πάντων,
1134 888 1165 948 οἱ
1184 886 1232 963 δὲ,
1262 884 1308 950 ότι
1329 884 1407 961 ὅλως

252 991 352 1072 νεκροὶ
370 986 425 1052 οῦκ
443 986 662 1069 α’ναστήσονται.
706 985 762 1050 Διό
780 987 868 1067 μέσος
884 982 1019 1069 χωρήσας
1037 983 1056 1050 ό
1074 983 1237 1061 α’πόστολος
1255 986 1331 1072 πρός
1350 985 1406 1069 άμ·

253 1093 399 1171 φοτέρους
419 1087 543 1162 τούτους
563 1089 613 1152 καί
631 1085 683 1162 τάς
697 1085 801 1162 λοιπάς
818 1088 942 1169 αἱρέσεις
958 1089 990 1151 ἐν
1007 1094 1044 1176 τῇ
1062 1095 1115 1174 μιᾷ
1131 1090 1250 1174 ἐργασίᾳ
1266 1086 1320 1170 τήν
1336 1086 1406 1153 οίνοι-

252 1189 366 1274 τροπήν
381 1193 536 1271 πεποίηται
552 1192 582 1254 ἐν
597 1196 633 1277 τῇ
649 1190 716 1272 περὶ
729 1193 839 1271 νεκρῶν
856 1184 1021 1265 άναστάσει,
1041 1190 1092 1251 καὶ
1109 1190 1140 1253 ἐν
1155 1199 1219 1264 ταῖς
1232 1195 1406 1275 μαρτυρίαις

253 1290 302 1367 αἷς
325 1289 399 1355 κατά
421 1289 582 1371 λεπτότητα
604 1287 719 1366 διεξιόν
735 1287 787 1371 τήν
806 1293 928 1370 βεβαίαν
947 1288 1083 1354 σύστασιν
1102 1289 1260 1371 ἐποιήσατο
1279 1296 1331 1373 τῆς
1348 1297 1407 1357 τοῖν

251 1398 363 1477 νεκρῶν
379 1389 564 1466 άναστάσεως
579 1393 629 1455 καὶ
644 1396 786 1474 σωτηρίας
802 1393 852 1455 καὶ
869 1393 999 1469 ἐλπίδος,
1022 1390 1161 1471 φάσκων,
1185 1401 1242 1456 Δεῖ
1254 1391 1287 1457 τό
1304 1404 1405 1480 φθαρ-

252 1492 304 1558 τόν
323 1498 410 1558 τοῦτο
433 1492 614 1558 ἐνδύσασθαι
637 1490 822 1575 άφθαρσίαν,
851 1495 903 1556 καλ
924 1490 957 1557 τό
977 1491 1091 1574 θνητόν
1112 1499 1199 1558 τοῦτο
1222 1492 1406 1561 ἐνδύσασθαι

253 1593 434 1659 οίθανασίαν·
465 1596 516 1658 καὶ
536 1593 639 1673 πάλιν,
661 1593 730 1658 Ὅτι
749 1592 876 1676 Χριστός
894 1593 1043 1679 ἐγήγερται
1062 1592 1176 1679 άπαρχή
1194 1600 1251 1660 τῶν
1269 1622 1405 1680 κεκοιμη·

253 1699 364 1778 μένων·
391 1699 441 1760 ἵνα
462 1693 515 1771 τάς
537 1694 729 1779 2οίμφοτέρας
745 1701 850 1778 σχίσεις
870 1700 928 1760 τῶν
945 1699 1084 1777 αἱρέσεων
1101 1699 1214 1782 ἐλέγξας
1230 1696 1263 1762 τό
1279 1695 1406 1780 άμόλυν-

253 1825 304 1863 τον
323 1804 376 1881 τῆς
398 1802 587 1873 διδασκαλίας
608 1796 744 1882 κήρυγμα
768 1801 797 1874 ἐξ
823 1796 963 1880 άληθείας
986 1798 1090 1886 διδάξῃ
1114 1796 1184 1873 τοῦς
1207 1801 1405 1883 βουλομένους

255 1903 362 1965 εἰδέναι
382 1898 437 1982 τήν
458 1905 512 1964 τοῦ
533 1908 609 1964 θεοῦ
631 1898 773 1982 άλήθειαν
793 1901 842 1963 καὶ
865 1900 1037 1984 σωτηριοίδη
1059 1904 1255 1966 διδασκαλίαν.

121 2112 188 2179 Κεφ.
209 2109 238 2175 ζ.
342 2103 535 2187 Πανταχόθεν
550 2108 650 2168 τοίνυν
668 2102 805 2189 φωρατός
820 2102 859 2167 άν
874 2107 918 2185 είη
936 2103 1104 2187 Κήρινθος,
1134 2107 1185 2169 καλ
1202 2109 1233 2169 οἱ
1245 2102 1295 2169 ἄπ’
1310 2103 1404 2172 αῦτοῦ

129 2194 236 2250 ¹¹⁸⁸·¹¹⁵·
252 2204 467 2288 οίπατήθέντες,
498 2209 529 2271 οί
545 2205 678 2285 τάλανες,
708 2207 757 2270 καί
776 2204 871 2279 άλλοις
889 2209 976 2270 α’ίτιοι
992 2205 1142 2291 γεγονότες
1158 2205 1316 2284 άπωλείας,
1346 2213 1405 2272 τῶν

254 2314 346 2373 θείων
364 2313 485 2393 γραφῶν
500 2313 603 2387 σαφῶς
618 2306 688 2389 ήμῖν
704 2305 777 2372 κατά
794 2306 951 2387 λεπτότητα
969 2309 1036 2391 περί
1056 2306 1176 2373 πάντων
1193 2309 1400 2394 διηγουμένων.

258 2409 332 2475 Οίίτε
346 2410 401 2495 γάρ
419 2413 450 2474 ἐκ
465 2410 629 2492 σπέρματος
643 2408 750 2490 Ἰωσήφ
766 2406 783 2472 ό
801 2407 942 2491 Χριστός,
965 2411 1028 2474 ἐπεὶ
1043 2414 1105 2484 πῶς
1122 2413 1164 2475 έτι
1179 2420 1296 2492 σημεῖον
1310 2413 1354 2493 είη
1366 2409 1401 2475 τό

170 2531 172 2536 ’
254 2515 381 2598 γένημα,·
403 2514 454 2575 καὶ
468 2509 500 2575 τό
517 2510 597 2594 παρά
613 2515 653 2597 τῷ
670 2509 773 2595 Ἠσαίᾳ
788 2512 953 2591 εἰρημένον,
975 2518 1040 2586 πῶς
1052 2514 1094 2576 έτι
1110 2511 1340 2594 συσταθήσεται,
1362 2510 1403 2589 ὥς

255 2611 335 2678 εἶπεν
349 2611 438 2687 ου’τός
451 2611 468 2678 ό
483 2610 595 2694 κύριος,
618 2612 715 2676 Δοίσεε
731 2610 801 2694 ῦμῖν
818 2621 947 2692 σημεῖον,
971 2611 1038 2678 ίδοῦ
1054 2611 1073 2694 ή
1088 2616 1240 2697 παρθένος
1254 2616 1286 2679 ἐν
1301 2617 1402 2700 γαστρί

254 2718 325 2792 ἕξει,
356 2716 407 2778 καὶ
428 2715 535 2789 τέξεται
556 2712 636 2792 υἱόν,
665 2715 716 2777 καλ
737 2715 773 2775 τά
794 2715 869 2795 έξής.
914 2720 987 2790 Πῦς
1008 2716 1040 2779 δέ
1062 2718 1104 2780 έτι
1121 2713 1346 2801 πληρωθήσεται
1367 2715 1402 2782 εδ

256 2819 408 2898 εἰρημένον
428 2813 509 2899 παρά
530 2822 582 2897 τής
603 2813 688 2900 άγίας
709 2818 863 2900 παρθένου
883 2815 959 2900 πρός
982 2815 1036 2897 τήν
1055 2817 1197 2901 Γαβριήλ,
1230 2823 1302 2893 Πως
1323 2820 1404 2883 ἐσται

254 2923 353 2996 τοῦτο,
374 2916 420 2982 ὅτι
434 2915 528 3001 άνδρα
544 2915 580 2982 οῦ
593 2915 741 3001 γινωσκως
763 2919 813 2982 καλ
830 2915 921 2982 αὐτοῦ
936 2920 1077 3003 λέγοντος,
1101 2925 1225 3001 Πνεῦμα
1239 2918 1323 3004 δίγεον
1338 2922 1404 2986 ἐπε·

254 3017 383 3083 λεῦσεται
396 3020 444 3084 ἐπί
458 3020 500 3095 σέ,
515 3021 564 3083 καλ
581 3021 706 3100 δύναμις
719 3016 847 3100 ῦψίστου
861 3019 1021 3085 ἐπισκιάσει
1034 3042 1091 3099 σοι,
1107 3023 1157 3085 καλ
1172 3021 1208 3086 τά
1223 3023 1296 3104 έξής.
1332 3026 1405 3098 Πῶς

256 3122 288 3186 δέ
303 3119 391 3185 πάλιν
405 3116 460 3185 οῦκ
476 3120 678 3205 ἐλεγχθήσεται
691 3118 789 3185 αὐτῶν
803 3117 823 3203 ή
838 3119 924 3186 άνοια
939 3127 992 3187 τοῦ
1009 3119 1175 3207 εῦαγγελίου
1189 3131 1292 3203 σαφοῦς
1305 3125 1402 3208 λέγον-

255 3250 306 3299 τος
324 3222 384 3298 ότι,
407 3219 532 3306 λίπ’ρέθη
552 3226 583 3288 ἐν
598 3227 699 3308 γαστρὶ
717 3226 831 3305 έχουσα,
854 3226 924 3306 πρὶν
939 3222 960 3306 ή
976 3233 1129 3290 συνελθεῖν
1147 3223 1270 3298 αῦτοῦς·
1293 3227 1351 3288 ἐστι
1370 3226 1403 3290 δέ

254 3334 365 3411 γνῶναι
381 3331 485 3404 σαφοῦς
498 3323 542 3389 ότι
558 3321 627 3388 οῦδὲ
643 3324 717 3400 ὅλως
731 3330 888 3407 συνῆλθον.
932 3325 989 3408 Μή
1003 3329 1114 3411 γένοιτο
1127 3325 1182 3412 γάρ
1199 3330 1283 3391 τοῦτο
1298 3328 1400 3404 εἰπεῖν,

257 3431 320 3493 ἐπεὶ
335 3426 390 3494 οῦκ
405 3425 442 3492 άν
456 3424 527 3508 μετά
542 3424 669 3509 σταυρόν
681 3426 816 3510 προενόει
830 3430 1022 3508 παραθέσθαι
1036 3427 1128 3511 αῦτήν
1139 3426 1258 3515 ’Ῑωάννη
1272 3431 1313 3515 τῷ
1327 3423 1401 3515 άγίῳ

256 3532 414 3625 παρθένῳ,
444 3528 484 3605 οίς
497 3530 586 3614 λέγει,
605 3525 668 3591 Ἴδε
684 3525 705 3611 ή
719 3528 812 3614 μήτηρ
830 3551 899 3608 σου,
928 3533 976 3595 καί
990 3537 1027 3620 τή
1042 3529 1131 3621 αῦτή,
1151 3529 1210 3593 Ἴδε
1225 3526 1243 3594 ό
1257 3526 1322 3604 υἱός
1337 3550 1402 3595 σου.

247 3625 331 3694 Ἔδει
348 3630 404 3716 γάρ
423 3630 513 3698 αῦτόν
529 3635 716 3716 παραδοῦναι
733 3629 827 3715 αῦτήν
844 3641 907 3706 τοῖς
924 3630 1016 3714 αῦτης
1033 3633 1213 3718 συγγενέσιν,
1241 3629 1262 3713 ἢ
1280 3640 1342 3707 τοῖς
1359 3632 1404 3697 τέ·

257 3754 338 3804 κνοις
356 3741 408 3797 τοῦ
422 3732 547 3818 Ἰωσήφ,
576 3737 656 3818 είπερ
674 3725 749 3817 ἦσαν
765 3737 794 3811 ἐξ
811 3732 916 3824 αῦτής,
944 3731 1074 3823 Ἰακώβῳ
1091 3736 1167 3817 φημί
1185 3735 1235 3798 καί
1250 3729 1335 3822 Ἰωσή
1354 3734 1405 3799 καλ

255 3827 352 3894 ’ίοῦδα
371 3835 421 3895 καὶ
444 3844 595 3918 Συμεῦνι,
625 3840 701 3912 υίοῖς
722 3829 787 3901 οὖσι
798 3843 862 3901 Ιτοῦ
877 3833 983 3916 Ἰωσήφ
1003 3833 1062 3901 ιίπό
1081 3843 1133 3918 τῆς
1149 3835 1236 3917 άλλης
1253 3835 1403 3922 γυναικός.

260 3929 339 3995 Οῦδέ
354 3931 409 4016 γάρ
425 3933 470 3999 ὅτι
485 3940 617 4019 κέχρηται
630 3945 665 4026 τή
679 3940 820 4026 παρθένῳ
835 3936 910 4013 ὅλως
926 3933 1088 4021 εῦρίσκεται
1104 3934 1175 4020 μετά
1188 3936 1221 4005 τό
1239 3939 1406 4024 γεγεννηκέ·

258 4060 308 4099 ναι
330 4030 350 4116 ή
371 4038 521 4117 παρθένος
537 4037 685 4122 άχραντος.
727 4036 810 4103 Ἀλλῦ
829 4042 896 4125 περλ
913 4037 1027 4104 τοότων
1045 4038 1102 4122 ήδη
1120 4042 1152 4105 ἐν
1168 4037 1244 4128 άλλῳ
1261 4066 1311 4122 μοι
1327 4039 1405 4127 λόγῳ

258 4143 361 4217 σαφῶς
383 4138 653 4219 πεπραγμάτευται,
684 4142 735 4206 καὶ
757 4141 1057 4226 πραγματευθήσεται.
1094 4135 1179 4206 Ὦιδε
1203 4141 1235 4205 δέ
1257 4144 1289 4206 έν
1312 4144 1403 4224 μέρει,

259 4235 300 4312 οἷς
314 4240 345 4303 ἐν
360 4239 567 4325 παρεκδρομή,
596 4244 663 4325 περὶ
679 4250 732 4325 τῆς
749 4243 862 4309 τοῦτον
879 4241 1050 4319 ῦποθέσεως
1066 4246 1194 4325 είρηται,
1222 4245 1274 4307 ’ίνα
1290 4241 1331 4324 μή
1346 4242 1404 4307 &5-

182 4421 185 4425 ⁷
259 4365 319 4425 ρον
333 4339 489 4425 δηγμάτων
504 4338 682 4421 βουλόμενος
695 4353 818 4428 ποιήσαι
834 4348 922 4427 ἴασιν,
943 4349 994 4414 καί
1012 4338 1122 4432 ἐτέρων
1135 4347 1318 4429 δηλητηρίων
1333 4342 1407 4420 ἅκθθ

290 4563 314 4614 2.
334 4566 398 4616 λίθοι·
413 4568 496 4618 habent
512 4557 669 4632 α’μφοτέρους
687 4569 793 4638 σχέσεις.
