3046 5084
275 327 333 388 130
536 382 539 387 .
689 335 810 385 ειιιστι
830 334 999 385 mmmm

273 457 346 536 ἐμοῦ
373 454 491 537 ἔγραψε.
535 453 597 516 Καὶ
622 449 694 515 άλλα
715 448 807 515 πολλά
833 452 894 515 ἐστι
912 448 989 534 πρός
1011 446 1161 514 ἀντίθεσιν
1178 456 1232 532 τῆς
1250 456 1305 515 τοῦ
1319 448 1433 536 γόητος

275 553 445 639 άντιλογίας.
491 559 564 629 Πῶς
580 556 611 618 δέ
632 556 712 619 ἐσται
727 550 763 617 τά
787 550 891 636 αίσχρά
908 548 1029 631 ζωτικά,
1060 554 1088 615 εί
1110 550 1151 634 μή
1170 578 1197 616 τι
1220 551 1257 616 άν
1276 553 1432 634 δαιμόνων

277 661 321 738 είη
342 654 375 721 τό
397 654 552 739 φρόνημα,Ι
583 654 675 722 όπότε
700 652 790 730 αότός
808 651 825 719 ό
841 653 946 738 πόριος
961 655 1034 738 λέγει
1056 656 1086 718 ἐν
1109 661 1150 741 τῷ
1174 652 1329 744 εὐαγγελίῳ
1351 655 1432 741 πρός

275 758 346 834 τοῦς
360 759 494 842 λέγοντας
513 756 610 846 αὐτῷ,
640 761 683 821 Et
701 756 796 831 οὕτως
812 753 832 838 ἡ
848 759 926 820 αἰτία
945 763 998 820 τοῦ
1017 753 1124 838 άυδρός
1140 757 1260 836 καὶτῆς
1276 757 1430 841 γυναικός,

277 858 313 925 οῦ
331 861 473 944 συμφέρει
489 868 632 945 γαμῆσαι·
661 857 678 924 6
698 859 731 923 δέ
750 855 825 942 πρός
842 854 950 931 αότοῦς
964 861 1041 939 ἐφη,
1073 855 1117 920 Οῦ
1139 855 1247 932 πάντες
1264 866 1351 924 τοῦτο
1373 886 1430 942 χω«

279 968 397 1047 ροῦσιν·
421 964 477 1025 είσί
494 961 549 1046 γάρ
573 959 722 1042 εόυοῦχοι,
744 963 850 1033 οἵτινες
870 956 1042 1040 εὐνούχισαν
1058 957 1181 1033 έαυτοῦς
1204 956 1253 1023 διά
1273 959 1327 1042 τὴν
1345 965 1429 1042 βασι-

278 1067 356 1128 λείαν
371 1069 430 1126 τῶν
446 1061 593 1147 οὐρανῶν·
622 1063 673 1126 καί
693 1063 799 1136 έδειξεν
816 1057 857 1134 ῶς
875 1059 908 1123 τό
929 1059 1018 1138 φύσει
1035 1058 1197 1141 άπέχεσθαι
1218 1065 1354 1146 συζυγίας
1375 1067 1429 1144 βα·

280 1163 536 1247 σιλείαςιοόρανῶν
551 1166 607 1228 ἐστι
625 1166 736 1246 δῶρον,·
768 1160 864 1225 Πάλιν
880 1162 912 1225 δέ
930 1163 962 1226 έν
983 1159 1058 1249 άλλῳ
1079 1161 1162 1251 τόπῳ
1187 1165 1262 1247 λέγει
1282 1162 1357 1228 κατά
1377 1163 1430 1229 τόν

280 1262 386 1347 σεμνόν
400 1263 505 1348 γόμον,
529 1263 564 1328 δν
580 1261 669 1338 αότός
683 1260 701 1327 6
715 1267 818 1343 Σίμων
830 1268 1049 1347 παραφθείρων
1064 1266 1189 1347 αἰσχρῶς
1203 1264 1359 1345 μεθοδεῦει
1375 1265 1431 1348 τὴν

280 1369 388 1432 ἐαυτοῦ
407 1369 583 1448 ἐπιθυμίαν,
614 1364 675 1444 ὅτι,
708 1362 771 1439 Οῦς
792 1361 810 1428 6
833 1362 906 1439 θεός
926 1368 1102 1446 συνέζευξεν,
1126 1364 1289 1450 άνθρωπος
1311 1366 1353 1450 μή
1375 1394 1431 1451 χω-

281 1470 387 1553 ριζέτω.

146 1588 212 1651 Κεφ.
232 1574 259 1643 ς’.
367 1575 439 1643 Πῶς
460 1569 493 1633 δέ
509 1567 596 1633 πάλιν
614 1565 632 1632 6
650 1566 758 1642 πλάνος
775 1566 988 1649 ἐπιλαθόμενος
1003 1576 1056 1650 τῆς
1072 1571 1149 1646 ἰδίας
1162 1574 1310 1653 ληρωδίας
1323 1569 1432 1636 ἔαυτόν

174 1713 224 1758 pag.
238 1700 270 1742 ιιι.
284 1673 401 1757 ἐλέγχει,
431 1668 526 1752 ῶςπερ
543 1667 658 1754 άγνοῶν
675 1668 694 1732 ἃ
708 1672 854 1752 προλέγει,
885 1668 988 1751 Φήσας
1005 1670 1061 1754 γάρ
1076 1669 1122 1736 ότι
1137 1669 1188 1736 ὕπ’
1204 1671 1296 1738 αότσῦ
1311 1671 1431 1758 γεγόνα.

282 1796 329 1838 σιν
343 1776 375 1838 οί
386 1770 500 1857 άγγελοι
513 1771 562 1836 διά
576 1779 627 1852 τῆς
639 1769 731 1835 αῦτοῦ
743 1768 875 1846 Ἐννοίας
887 1771 976 1836 πάλιν
990 1775 1066 1857 έλεγε
1080 1780 1346 1857 μεταμορφοῦσθαι
1358 1772 1433 1839 καθ’

280 1878 402 1941 ἕκαστον
419 1871 560 1959 οῦραυόν,
590 1873 673 1947 ὅπως
686 1872 777 1937 λάθοι
791 1871 861 1948 τοῦς
879 1870 988 1948 αότοῦς
1009 1877 1041 1939 ἐν
1061 1881 1103 1963 τῶ
1119 1877 1256 1941 κατιέναι.
1289 1873 1368 1958 ’Ἆρα
1384 1879 1433 1940 δι·

281 1974 353 2053 διῶς
368 1975 520 2040 ἐλάνθανε.
565 1976 625 2040 Καὶ
640 1981 703 2050 πῶς
718 1977 813 2039 δέδιεν
826 1972 843 2039 6
856 1974 1014 2060 ληρολόγος
1027 1975 1081 2051 οῦς
1094 1973 1184 2052 αότός
1199 1979 1334 2059 ἐποίησεν
1346 1973 1433 2061 άγγέ-

280 2087 363 2155 λαως,
383 2084 446 2153 πῶς
460 2078 492 2142 δέ
506 2074 544 2142 οιί
558 2079 646 2141 παντί
663 2074 896 2161 1εόθυέλεγιιτος
910 2074 1078 2151 αὐτοῦτοῖς
1092 2089 1224 2155 συνετοῖς
1239 2076 1259 2162 ἡ
1272 2076 1432 2162 ῦπυσπορά

281 2188 334 2263 τῆς
351 2178 464 2261 πλάνης
479 2176 687 2262 εὑρεθήσεται,
716 2176 806 2244 όπότε
822 2182 853 2243 έν
870 2176 943 2267 άρχῇ
961 2181 1097 2261 ἐποίησεν
1113 2176 1132 2244 6
1146 2179 1220 2256 θεός
1234 2178 1288 2245 τόν
1304 2178 1433 2264 οῦρανόν

280 2286 331 2347 καί
346 2279 399 2363 τὴν
414 2289 478 2364 γῆν,
501 2284 593 2362 φησίν
607 2279 628 2363 ἦ
642 2278 753 2367 γραφὴ,
774 2282 824 2344 καί
839 2278 1026 2366 συνγδόντως
1040 2279 1136 2370 τοότρι
1148 2289 1190 2369 τῷ
1205 2282 1283 2372 λόγῳ
1298 2279 1433 2367 όιιῦριος

282 2387 313 2449 ἐν
332 2390 373 2472 τῶ
390 2380 544 2471 εὐαγγελίῳ
561 2385 669 2464 φησίν,
699 2379 740 2457 ῶς
754 2379 831 2466 πρός
845 2379 896 2446 τόν
910 2380 984 2446 θεόν
999 2384 1111 2468 πατέρα
1127 2381 1179 2448 τόν
1194 2387 1288 2465 ίδων,
1319 2382 1432 2469 Πάτερ,

280 2483 364 2570 ιιόριε
385 2492 437 2550 τοῦ
459 2482 589 2568 οῦρανοῦ
610 2484 661 2548 καὶ
681 2489 735 2564 τῆς
751 2490 821 2568 γῆςς
853 2486 896 2547 Εἰ
908 2488 1010 2550 τοίνυν
1024 2483 1149 2567 ποιητὴς
1163 2483 1296 2571 οῦραναῦ
1310 2487 1361 2552 ιιαλ
1377 2492 1434 2572 γῆς

281 2585 404 2671 ὑπάρχει
424 2584 441 2651 6
461 2584 533 2660 θεός
549 2581 567 2650 6
583 2583 679 2668 πατὴρ
695 2592 748 2650 τοῦ
765 2587 871 2669 κυρίου
887 2582 972 2668 ἡμῶν
987 2583 1084 2668 Ἰησοῦ
1106 2593 1253 2673 Χριστοῦ,
1284 2586 1378 2671 μάτην
1394 2586 1432 2653 τά

281 2686 378 2752 πάντα
396 2693 437 2775 τῷ
456 2685 630 2775 συκοφάντῃ
647 2691 761 2768 Σίμωνι
784 2690 910 2770 είρηται,
939 2685 972 2751 τό
989 2685 1040 2752 ὕπ’
1056 2685 1186 2774 άγγέλων
1201 2687 1253 2755 τόν
1266 2688 1381 2772 ιιόσμον
1399 2691 1433 2755 έν

283 2788 458 2870 έλαττῶματι
471 2794 656 2873 γεγενῆσθαι,
672 2790 724 2854 καί
745 2785 781 2853 τά
796 2787 868 2853 άλλα
884 2787 981 2854 πάντα
997 2789 1053 2855 ὅσα
1068 2795 1219 2874 δαιμονῶν
1236 2789 1254 2857 ό
1267 2790 1378 2868 πλάνος
1389 2798 1432 2880 τῷ

281 2888 383 2979 ιιόσμῳ
408 2896 582 2973 παραλαλῶν
604 2888 782 2976 ἐξηγήσατο,
814 2893 865 2956 ιιαί
888 2888 1004 2973 άπάτην
1024 2893 1101 2957 τισὶν
1125 2895 1277 2977 ἐνεποίησε
1297 2900 1356 2959 τῶν
1380 2889 1432 2959 ὁπ’

284 2988 376 3057 αὐτοῦ
398 2989 602 3074 ἠπατημένων.

150 3112 218 3180 Κεφ.
239 3107 267 3174 ξ,
370 3096 431 3157 Χαί
442 3091 535 3157 ταῦτά
550 3119 599 3174 μοι
612 3097 643 3160 ἐν
657 3096 780 3183 ἐπιτομῇ
795 3093 871 3178 πρός
883 3093 938 3178 τὴν
951 3094 1059 3161 τοῦτον
1072 3099 1184 3185 αἵρεσιν
1196 3098 1333 3184 εἰρημένα
1347 3094 1434 3183 άριιέ-

282 3219 327 3263 σει
341 3203 405 3271 τοῖς
421 3195 648 3280 ἐντυγχάνουσιν
664 3200 706 3272 είς
719 3194 871 3279 πρόφασιν
889 3194 1030 3279 άληθείας
1050 3223 1081 3262 τε
1104 3200 1156 3263 ιιαλ
1173 3200 1293 3278 ἰάσεως,
1321 3200 1371 3263 ιιαί
1389 3202 1434 3273 είς

282 3303 398 3385 ἔλεγχον
418 3305 477 3362 τῶν
498 3296 548 3362 διά
568 3304 622 3380 τῆς
638 3297 775 3380 τοιαότης
790 3298 961 3383 θηριάδους
978 3307 1099 3382 φθορᾶς
1116 3302 1304 3385 πειρωμένων
1318 3296 1434 3364 άδιιιεῖν

282 3399 353 3478 τοῦς
371 3399 557 3487 άγνοοῦντας.
598 3397 820 3485 ’Τπερβήσομαι
841 3402 887 3480 δέ,
917 3403 968 3464 ιιαλ
990 3398 1036 3481 έφ’
1050 3403 1149 3487 ἐτέρας
1169 3400 1255 3466 πάλιν
1269 3404 1431 3484 βαδιοῦμαι

284 3506 422 3589 αἱρέσεως
435 3505 557 3588 έλεγχον.
592 3499 675 3567 Ἔστι
690 3500 745 3587 γάρ
760 3504 792 3567 έν
806 3499 884 3590 αὐτῶ
901 3501 1112 3586 μεταβολαίκαὶ
1126 3500 1296 3584 ένδυασμδς,
1314 3499 1432 3568 πλάνου

284 3605 337 3686 μέν
357 3604 442 3683 όντος
463 3603 556 3671 αὐτοῦ
563 3655 571 3684 ,
602 3602 721 3687 μορφὴν
743 3604 774 3668 δέ
796 3600 941 3686 όνόματος
959 3611 1091 3689 Χριστοῦ
1109 3605 1320 3686 ένδυσιιμίνου,
1350 3602 1393 3682 ῶς
1412 3603 1433 3689 ἡ

285 3713 344 3770 τῶν
361 3709 555 3793 ἐκτρωμάτων
572 3705 739 3792 έρπετῶδης
754 3708 783 3782 ἐξ
799 3703 909 3791 οῦρίων
926 3705 993 3772 ῶῶν
1009 3704 1142 3772 άσπίδων
1156 3708 1336 3791 ιιυϊσιιυμίνη
1353 3717 1434 3790 φθο·

286 3804 340 3890 ρά,
360 3811 410 3871 καί
428 3807 521 3876 άλλων
536 3812 674 3892 ἐχιδνῶν,
697 3807 738 3884 ῶς
752 3829 843 3890 φησιν
859 3806 877 3874 6
892 3807 1059 3894 προφήτης,
1079 3805 1134 3874 ’ἐλά
1152 3805 1284 3874 άσιιίδων
1299 3811 1434 3895 έρρηξαν,

287 3908 340 3972 ιιαί
355 3904 372 3972 ό
387 3911 495 3989 μέλλων
510 3919 569 3976 τῶν
586 3909 655 3976 οίῶν
671 3907 770 3976 αότῶν
786 3920 893 3997 φαγεῖν
908 3904 990 3998 εῦρεν
1005 3909 1124 3996 οῦριον,
1145 3913 1196 3976 ιιαλ
1211 3913 1244 3977 ἐν
1257 3909 1336 3999 αὐτῷ
1350 3915 1433 3992 βασι-

287 4013 395 4075 λίσκον.
436 4008 519 4075 Ἀλλά
539 4020 575 4101 τῇ
591 4012 731 4096 δυνάμει,
760 4010 802 4090 οές
816 4016 909 4094 έφην,
937 4020 990 4078 τοῦ
1010 4017 1141 4098 Χριστοῦ
1155 4019 1262 4078 τοῦτον
1279 4014 1434 4086 παίσαντες

289 4109 339 4178 διά
355 4118 416 4176 τῶν
430 4118 484 4193 τῆς
498 4111 639 4196 άληθείας
654 4113 764 4200 λόγων,
793 4117 845 4180 ιιαλ
860 4112 914 4197 τὴν
930 4112 1022 4180 αῦτοῦ
1036 4113 1132 4198 λόμην
1145 4112 1351 4199 άφανίσσντες,
1382 4113 1435 4178 έπλ

289 4212 342 4291 τάς
363 4215 429 4295 ἑξῆς
449 4216 540 4297 ἴωμεν
562 4214 713 4301 ἀγαπητοί

324 4352 383 4404 Ωιι.
397 4353 440 4406 Vl.
458 4381 491 4391 —
510 4355 532 4406 1.
549 4356 613 4405 Εσιιί
629 4358 682 4407 λίθω·
698 4358 804 4408 mendose
821 4350 1010 4423 εῦδυέλιγχδος.
