3046 5084
298 353 947 409 raunnnnte.t.ron.trt.rtann.xxx1v.
1129 345 1191 409 sot

53 472 190 537 uidelicet
211 492 246 535 ac
264 471 367 536 dulcis.
411 469 489 535 Nam
511 480 603 536 totum
624 472 718 558 ipsum
741 473 884 537 hominem
902 475 1068 538 nniversam
1088 474 1194 541 Trice-

51 574 127 638 narii
152 573 366 637 similitudinem
390 573 465 637 ltnoc
488 572 518 636 in
540 574 655 638 modum
679 576 856 661 exprimere.
901 573 1029 639 Primum
1048 579 1078 641 in
1098 579 1194 662 digitis

51 673 200 740 Oecadcm
216 676 415 740 circumlerre.
461 675 538 739 Turn
556 675 586 738 ic
603 698 726 761 corpore
742 688 802 740 toto
817 676 1020 757 Dodecadem,
1045 681 1118 762 quod
1132 677 1195 742 Xll

52 779 82 841 in
101 778 231 841 membra
246 776 394 842 dividitur.
439 775 483 841 lta
498 779 574 842 enim
591 778 646 843 hoc
664 779 854 858 distribuunt,
880 790 910 842 nt
925 791 953 842 et
973 777 1113 844 Veritatis
1130 803 1195 844 cor·

52 901 123 966 pus,
153 880 190 943 de
211 901 269 964 qno
287 890 372 944 antea
392 880 530 945 diximus.
576 877 745 965 Ogdoadem
765 882 904 965 deniqne,
935 903 1008 966 qnae
1031 903 1085 946 nec
1103 883 1196 968 expli-

53 983 113 1046 cari
137 1001 274 1046 sermone
297 1003 351 1046 uec
373 983 464 1046 oculis
487 992 582 1068 potest
605 983 731 1068 percipi,
764 983 793 1046 in
812 983 973 1049 visceribus
993 985 1130 1049 latentem
1152 986 1196 1048 in-

54 1084 157 1170 telligi.

137 1183 263 1251 Praeter
284 1187 356 1251 ltaec
377 1187 487 1266 solem,
520 1178 662 1251 luminare
683 1188 752 1251 illud
773 1209 925 1272 magnum,
957 1191 992 1252 ad
1013 1189 1196 1253 indicandum
1212 1204 1269 1271 cap.
1280 1203 1348 1253 xvt.

55 1287 197 1353 Tetradis
215 1310 366 1353 nnmerum
381 1299 484 1373 quarto
501 1289 547 1353 dic
566 1301 747 1375 procreatum
762 1301 873 1375 putant.
920 1290 1005 1375 Quod
1023 1291 1116 1375 ipsum
1131 1289 1197 1356 lllo·
1211 1303 1278 1347 aron.
1288 1304 1349 1399 gut

54 1391 125 1457 saici
144 1392 321 1455 tabernaculi
337 1391 438 1455 aulaea
454 1403 709 1477 repraesentasse,
740 1413 779 1456 ex
795 1393 902 1477 bysso,
934 1392 1105 1478 hyacintho,
1130 1417 1197 1480 pnr-
1254 1363 1307 1400 aa.

54 1515 127 1580 pura
142 1514 288 1578 coccoque
303 1505 454 1558 contexta.
500 1492 660 1579 Itidemque
675 1494 836 1559 sacerdotis
851 1495 970 1558 talarem
987 1497 1113 1560 tunicam
1129 1519 1198 1580 qna·
1208 1501 1350 1558 excussu.

54 1607 124 1661 tuor
138 1597 301 1682 lapillorum
319 1597 467 1660 ordinibus
485 1596 661 1661 distinctam.
705 1597 752 1660 Ac
774 1597 873 1681 siqua
892 1609 959 1661 snut
978 1597 1197 1679 eiusdemmodi,

55 1700 180 1786 quaein
204 1699 296 1762 sacris
317 1698 411 1762 literis
433 1699 467 1762 ad
490 1701 704 1784 quaternarium
725 1720 876 1762 nnmerum
900 1701 1110 1764 accommodari
1134 1723 1200 1786 pos-

55 1814 141 1881 sunt,
174 1822 255 1866 snam
276 1801 312 1864 ad
330 1801 490 1864 Tetradem
512 1800 659 1886 pertinere
682 1801 863 1864 confirmant.
910 1798 1077 1886 Ogdoadem
1097 1825 1199 1867 rursus

55 1903 112 1968 ltoc
129 1906 191 1968 lere
209 1905 294 1967 modo
311 1903 516 1967 demonstrari.
562 1901 678 1966 Etenim
696 1913 800 1966 octavo
819 1903 864 1964 die
883 1904 1037 1966 formatum
1055 1906 1200 1969 hominem

57 2015 205 2086 asserunt,
223 2027 307 2089 quem
322 2005 393 2069 alias
409 2015 496 2069 sexto
512 2005 607 2091 potins
623 2006 791 2090 productum
807 2004 922 2067 volunt:
948 2006 1003 2068 uisi
1020 2008 1093 2070 lorte
1109 2018 1201 2070 terrc-

56 2118 146 2175 strem
172 2108 317 2172 hominem
337 2119 441 2187 sexto,
473 2108 617 2171 carnalem
641 2117 744 2171 octavo
767 2107 813 2170 die
834 2106 1002 2170 fabricatum
1025 2109 1199 2191 intelligunt.

56 2208 141 2274 llaec
162 2210 240 2274 enim
263 2211 338 2295 apud
360 2210 425 2273 illos
444 2209 580 2274 distincta
601 2219 680 2273 snut.
726 2205 786 2272 Sed
807 2209 937 2272 nonnulli
956 2210 1102 2274 diversum
1122 2211 1201 2273 illum

56 2312 168 2377 iaciunt
184 2314 232 2397 qui
248 2313 284 2376 ad
302 2309 457 2397 imaginem
471 2311 745 2395 similitudinemque
762 2323 878 2374 creatus
894 2323 939 2375 est
956 2313 1018 2392 dei,
1050 2333 1134 2397 quem
1152 2332 1203 2375 an-

56 2415 219 2500 drogynum
236 2416 434 2494 constituunt,
464 2415 500 2478 ab
517 2415 574 2478 alio
593 2414 640 2499 qui
658 2433 696 2477 ex
713 2413 799 2476 homo
819 2415 959 2477 formatus
977 2425 1033 2478 est.
1079 2413 1157 2498 Quin
1175 2426 1205 2478 et
1220 2434 1276 2479 cer.
1289 2437 1308 2479 a.

55 2537 147 2581 arcae
168 2517 245 2581 illins
261 2514 362 2580 diluvii
380 2528 511 2602 tempore
527 2515 761 2602 dispositionem,
785 2515 814 2579 in
833 2537 889 2600 qua
906 2517 1037 2580 homines
1052 2526 1119 2579 octo
1132 2516 1204 2580 lihe-

57 2618 112 2683 rati
132 2630 216 2699 sont,
249 2619 404 2683 manifeste
424 2621 581 2683 salutarem
604 2619 640 2682 ad
659 2614 827 2702 Ogdoadem
850 2630 982 2703 spectare
1004 2621 1201 2704 pronuntiant,
1215 2641 1300 2736 etseq.
1313 2643 1345 2699 tc,

58 2732 91 2786 nt
107 2733 137 2786 et
153 2721 294 2786 Davidem
313 2721 425 2807 ipsum,
450 2721 499 2806 qni
515 2732 618 2785 octavo
634 2731 700 2806 post
718 2723 824 2783 iratres
841 2721 905 2783 loco
923 2721 952 2783 in
969 2721 1062 2784 lucem
1080 2733 1126 2785 est
1143 2723 1203 2786 edi·
1242 2695 1274 2751 ω’
1301 2693 1319 2737 ι’

60 2836 118 2888 tus.
149 2823 271 2888 Addunt
284 2835 314 2888 et
328 2824 578 2888 circumcisionem
593 2835 698 2887 octauo
712 2823 758 2886 die
773 2835 937 2908 susceptam
954 2825 1089 2889 coelestis
1106 2821 1206 2909 Ogdo-
1220 2839 1356 2897 cenante

59 2925 123 2992 adis
138 2926 389 2991 circumcisionem
407 2927 574 2991 ostendere.
618 2926 736 3010 Atque,
759 2936 792 2991 ut
805 2948 863 2990 nno
878 2927 969 2991 verbo
985 2928 1095 3006 dicam,
1119 2948 1207 3012 qnae·

60 3049 183 3115 eumque
205 3029 298 3093 sacris
320 3030 350 3092 in
375 3028 455 3093 liltris
474 3029 675 3114 reperiuntur,
706 3049 780 3112 quae
800 3030 834 3091 ad
856 3029 1036 3093 octonarium
1057 3051 1207 3094 nnmerum

60 3131 136 3197 tralti
152 3142 306 3217 utcumque
323 3143 462 3215 possunt,
486 3133 521 3195 ad
539 3131 748 3195 conficiendum
770 3126 919 3215 Ogdoadis
936 3133 1105 3217 mysterium
1125 3154 1208 3195 nsnr·

59 3244 140 3322 pant.
185 3232 348 3298 Enimvero
362 3232 508 3297 Decadem
526 3234 694 3318 perdecem
711 3233 776 3296 illas
792 3233 927 3297 nationes
943 3234 1064 3297 indicari
1083 3257 1140 3297 uon
1157 3235 1208 3297 du·
1222 3251 1357 3308 centana.

58 3338 169 3417 ditant,
200 3358 321 3422 quarum
341 3335 559 3421 possessionem
578 3336 649 3399 dens
666 3334 835 3399 Abrahamo
853 3337 1037 3421 promiserat.
1082 3334 1209 3399 Eodem-

60 3462 116 3527 que
136 3437 248 3506 Sarrae
265 3437 417 3502 consilinm
437 3439 597 3525 applicant,
629 3459 693 3502 cnm
713 3449 778 3523 post
793 3460 886 3501 annos
902 3440 1000 3501 decem
1019 3438 1151 3501 ancillam
1168 3438 1349 3515 illicenter·

59 3563 141 3607 snam
156 3542 286 3627 algorem
301 3541 458 3621 concessit,
480 3541 588 3604 liberos
604 3550 635 3604 nt
648 3561 688 3604 ex
701 3561 736 3604 ea
752 3541 927 3625 susciperet.
973 3539 1051 3624 Quin
1068 3551 1097 3603 et
1112 3540 1208 3605 Abra·
1222 3561 1358 3618 cenaeus.

60 3645 117 3710 ami
141 3665 246 3708 seruus
268 3646 302 3707 ad
323 3643 489 3708 Rebeccam
513 3642 636 3722 missus,
669 3643 719 3727 qni
736 3643 864 3706 armillas
886 3643 911 3705 ei
933 3644 1032 3706 decem
1049 3663 1153 3707 aureas
1171 3645 1208 3708 ad
1275 3615 1307 3658 ⁶⁵⁴

59 3758 177 3832 puteum
196 3747 316 3825 obtolit,
347 3767 402 3809 nec
420 3768 478 3810 non
496 3747 601 3809 iratres
618 3745 713 3824 illins,
742 3745 789 3828 qni
807 3746 905 3807 decem
923 3745 985 3808 dies
1001 3766 1065 3808 eam
1081 3746 1209 3810 retinue-

58 3859 138 3914 runt.
184 3845 314 3934 ltemqne
333 3846 540 3927 leroboamus,
572 3848 619 3910 cni
640 3849 739 3911 decem
760 3845 851 3909 tribus
870 3846 1046 3929 assignatae.
1092 3848 1308 3949 Tader-³5¹2·

60 3951 155 4016 uacoli
179 3971 292 4036 qnoque
314 3950 444 4014 cortinae
468 3951 587 4029 decem,
618 3950 825 4032 columnaeque
842 3948 1002 4011 cubitorum
1021 3951 1139 4029 decem,
1172 3972 1206 4014 ac
1219 3932 1288 4053 Brigg-
1298 3934 1330 4053 lg,
1340 3959 1358 4004 ¹·

62 4044 163 4118 lacobi
184 4053 301 4117 totidem
326 4053 373 4117 filii
391 4053 541 4116 coemendi
561 4052 697 4116 lrnmenti
715 4070 818 4114 caussa
841 4051 870 4113 iu
887 4052 1052 4136 Aegyptum
1072 4053 1205 4139 profecti.
1221 4043 1337 4157 Equ’pt'.

1219 4166 1345 4222 cauma.

94 4189 119 4241 2
135 4187 243 4258 στοίχοις
256 4191 338 4240 Billtau
350 4192 500 4241 uranum.
526 4187 620 4258 στίχοις
652 4191 705 4249 tie,
721 4192 742 4236 et
757 4189 781 4236 ta
798 4189 851 4238 edit.
864 4191 939 4250 peirn.

60 4261 199 4310 llusmttttt.
686 4256 710 4308 6.
728 4253 772 4306 καὶ
788 4251 834 4319 τὴν
850 4257 899 4323 τῆς
916 4259 966 4308 cod.
982 4259 1057 4309 Vocet.

94 4326 119 4378 3.
137 4325 200 4394 μήτι
216 4322 259 4380 τὸν
275 4328 343 4378 codd.
360 4329 414 4379 Vra.
433 4326 505 4375 Velie.
521 4326 619 4388 ltiediq.
686 4322 710 4377 t.
730 4317 819 4386 euitat,
836 4327 871 4374 ott
882 4339 970 4389 supro,
987 4328 1055 4377 codd.
1067 4330 1120 4378 t'eu.
1134 4329 1207 4379 Votis.

60 4396 136 4458 vulpe
154 4391 191 4460 μή
209 4391 259 4449 edo.
653 4393 749 4454 aarum.
766 4393 855 4455 Parce,
872 4398 893 4443 et
906 4395 942 4443 ed.
952 4397 1043 4458 princ,
1059 4400 1080 4444 et
1093 4395 1156 4445 atriu
1171 4396 1208 4446 lu'c

93 4461 120 4516 d.
138 4463 225 4514 turm
236 4464 272 4514 ed.
281 4466 358 4527 price.
393 4457 462 4515 elada
477 4459 535 4528 μίαν
550 4463 620 4512 Petu-
651 4473 741 4522 quoque
755 4463 823 4510 uertit
839 4462 884 4511 Vct.
899 4463 1020 4525 luterprm.
1053 4459 1155 4517 adletae
1170 4466 1209 4516 ed.

59 4534 115 4583 cto
131 4531 439 4595 cenomanorum.
652 4529 751 4580 Peuce.

96 4601 120 4650 5.
135 4595 193 4666 περὶ
205 4599 349 4650 &matur
361 4601 387 4648 ta
399 4599 468 4650 codd.
480 4600 531 4651 Vsa.
542 4603 563 4648 et
572 4599 619 4648 Vu-

937 4668 1006 4735 30*
