3046 5084
398 363 534 416 ranauu
551 363 646 416 mun
663 364 743 417 roro.
757 367 789 418 ιι.
805 366 904 418 naun.
919 367 1020 417 xxxa.
1221 354 1281 417 325

133 485 281 572 apostolus
295 484 439 570 loquitur,
462 503 548 568 quam
564 481 793 548 aedilicetiouem
811 484 874 563 dei,
899 505 972 569 quae
990 487 1080 550 estin
1097 487 1168 566 lide,
1192 496 1278 570 atque
1293 497 1433 554 tuimet·

133 588 218 652 iidem
235 586 277 651 illi
292 587 395 651 callida
411 585 626 668 artificiosaque
643 583 776 647 oratione
791 584 989 670 imperitorum
1006 587 1118 650 animos
1135 590 1280 673 decipiant

134 711 168 754 ac
183 690 263 755 velut
277 688 409 774 cepticos
423 686 586 771 abripiant,
610 686 677 749 dum
694 695 724 748 et
737 687 855 749 oracula
873 687 969 752 diviua
983 689 1142 772 depravant
1156 701 1186 754 et
1199 704 1279 753 recte

134 794 209 857 dicta
234 812 387 878 perperam
411 790 659 874 interpretantur,
692 798 752 851 tum
776 810 846 852 vero
871 810 954 873 quum
977 790 1116 875 plurimos
1139 791 1174 854 ab
1197 790 1280 854 huius

134 895 264 960 universi
289 893 439 957 conditore
466 901 495 954 et
516 889 684 953 ordinatore
706 892 761 954 deo
783 892 854 955 laisa
878 893 998 976 quadam
1022 892 1162 956 abductos
1183 893 1281 978 specie

134 996 310 1082 cognitionis
334 995 363 1057 in
384 992 541 1079 perniciem
565 992 696 1071 trubuut3
726 993 809 1077 quasi
831 994 981 1058 sublimius
1003 994 1110 1078 aliquid
1134 1016 1167 1057 ac
1188 995 1280 1058 maius

133 1122 169 1165 eo
191 1101 393 1163 demonstrare
412 1096 541 1181 possint,
572 1095 621 1179 qui
640 1094 754 1158 coelum
775 1106 956 1182 terramque,
988 1118 1021 1160 ac
1039 1117 1113 1182 quae
1129 1096 1166 1160 iis
1186 1097 1279 1160 couti-

133 1213 240 1266 ueutur
253 1200 367 1278 omuiu,
390 1195 567 1283 procrearit=
592 1197 665 1260 udeo
682 1207 714 1260 ιιι
725 1197 871 1283 simplices
889 1199 1064 1284 minimeque
1080 1200 1172 1262 malus
1188 1199 1279 1262 bomi-

133 1326 186 1369 nes
212 1301 316 1367 lucetis
339 1299 520 1365 sermonibus
542 1299 578 1363 ud
601 1299 733 1363 veritatis
759 1300 971 1385 indagationem
998 1301 1102 1365 blande
1125 1302 1278 1365 admodum

133 1406 269 1484 illiciant,
293 1424 386 1489 neque
400 1414 497 1467 temen
515 1402 619 1465 blande
636 1400 702 1465 illos
718 1402 749 1465 iu
766 1403 887 1467 exitium
905 1404 1068 1489 impediant,
1093 1405 1159 1468 dum
1174 1405 1278 1467 adver-

135 1530 185 1574 sus
203 1527 299 1571 rerum
316 1506 445 1591 opificem
463 1525 584 1591 prouem
601 1504 638 1567 ad
656 1504 881 1569 maledicendum
899 1506 1073 1592 impiamque
1090 1517 1216 1570 mentem
1232 1507 1277 1569 iu·

134 1609 253 1687 iioiuut,
287 1608 360 1693 quod
382 1628 483 1671 verum
506 1628 524 1670 e
546 1605 621 1669 lalso
638 1606 807 1671 discernere
824 1608 991 1692 quibuscum
1012 1619 1100 1693 agunt
1118 1621 1274 1694 nequeant.

134 1710 203 1776 Nou
221 1710 296 1774 euim
315 1709 426 1773 lelsitas
445 1709 522 1772 uuda
538 1728 573 1772 ac
592 1706 717 1793 simplex
731 1710 918 1794 proponitur,
943 1731 978 1772 ue
994 1712 1054 1774 suis
1071 1712 1276 1796 integumentis

133 1812 249 1877 evoluta
267 1812 442 1898 deprehendi
462 1811 546 1874 lacile
564 1810 672 1896 possit,
706 1811 758 1874 sed
777 1811 918 1896 speciosis
934 1813 1093 1877 involucris
1115 1814 1189 1877 miro
1207 1814 1277 1877 arti·

131 1916 196 1980 licio
216 1914 376 2002 perpolita,
406 1923 438 1976 ut
456 1923 582 1977 externe
599 1934 702 1998 pompa
719 1923 806 1997 atque
825 1914 903 1977 cultu
919 1915 1043 1978 veritate
1060 1916 1122 2001 ipsa
1139 1917 1276 2000 quodam-

131 2019 216 2082 modo
231 2016 378 2082 veriorem
392 2035 459 2080 sese
473 2017 622 2080 rudiorum
640 2014 733 2079 oculis
747 2015 895 2095 subiiciat3
920 2019 1158 2100 quemadmodum
1174 2018 1209 2080 ab
1225 2017 1277 2081 ali-

132 2142 188 2206 quo
210 2121 297 2204 louge
321 2140 407 2204 quam
430 2138 484 2182 uos
508 2117 720 2203 praestantiore
747 2118 783 2181 de
807 2119 947 2181 eiusmodi
969 2120 1189 2202 pronunciatum
1213 2131 1273 2183 est:

131 2221 306 2308 Exquisitae
321 2242 453 2307 gemmae
467 2241 501 2284 ac
515 2220 744 2306 pretiosissimae
758 2221 912 2303 smaragdo
928 2220 1050 2284 similem
1066 2223 1101 2285 ab
1118 2222 1276 2286 artilieibus

132 2327 194 2390 heri
213 2326 338 2389 vitreum
358 2324 503 2407 lapillum,
534 2344 592 2387 non
614 2324 678 2388 siue
697 2324 818 2409 quadam
838 2322 914 2387 illius
933 2322 1055 2402 iniuria,
1086 2325 1141 2388 nisi
1159 2335 1275 2410 praesto

131 2429 170 2492 sit
184 2428 231 2512 qui
247 2427 431 2491 discerucudi
449 2426 551 2512 peritia
568 2425 682 2506 valeat,
706 2427 811 2510 quique
829 2437 891 2489 arte
909 2445 961 2489 sua
978 2428 1069 2491 iretus
1087 2428 1275 2491 adulterinam

131 2531 209 2595 illam
224 2550 365 2615 gemmam
383 2529 602 2612 simulatamque
617 2528 780 2612 dignoscat.
817 2525 876 2593 Sed
892 2549 956 2591 cum
973 2550 1024 2593 aes
1037 2541 1159 2614 argento
1173 2531 1276 2594 misce·

132 2644 191 2713 tur,
217 2634 281 2718 quis
299 2631 354 2695 boc
371 2632 456 2695 lacile
471 2632 643 2716 sincereque
657 2631 821 2696 discernat?
864 2629 1059 2714 Quamobrem
1077 2655 1113 2697 ne
1130 2634 1177 2719 qui
1193 2633 1276 2719 culpa

134 2747 235 2800 nostre
257 2746 391 2820 teuqnem
414 2754 486 2798 oves
510 2755 526 2798 a
548 2734 639 2820 lupis,
671 2733 714 2797 sic
732 2733 768 2796 ab
785 2733 841 2797 illis
859 2734 1055 2819 abripiantur,
1089 2757 1160 2821 quos
1178 2737 1425 2804 octonusque.

133 2838 255 2926 pellibus
272 2848 367 2901 tectos
384 2837 564 2922 ignorarint,
587 2835 748 2900 cuiusmodi
765 2838 912 2901 cavendos
930 2859 997 2902 esse
1014 2838 1147 2904 dominus
1165 2840 1277 2927 praeci-

133 2941 192 3028 pit,
222 2960 344 3027 quorum
362 2939 465 3004 similis
481 2959 596 3019 sermo,
622 2938 770 3002 dissimilis
787 2950 833 3003 est
847 2939 977 3021 animus,
1010 2942 1207 3007 necessarium
1226 2967 1277 3030 pu-

135 3045 210 3124 tavi,
234 3064 299 3107 cum
315 3042 345 3106 in
361 3040 529 3121 Valentini,
552 3051 585 3105 ut
599 3051 750 3121 asserunt,
774 3043 978 3128 discipulorum
994 3045 1218 3109 commentarios
1234 3048 1279 3109 iu·

133 3146 270 3226 ciderim,
303 3167 367 3209 eum
391 3145 501 3230 aliquot
521 3145 608 3209 etiam
631 3165 670 3208 ex
691 3144 804 3207 illorum
824 3166 945 3209 numero
963 3168 1140 3232 congressus
1160 3149 1276 3226 luerim,

133 3249 200 3329 tibi,
231 3270 249 3312 o
267 3248 436 3328 carissime,
466 3258 637 3334 portentosa
658 3247 707 3310 illa
729 3267 764 3310 ac
783 3249 922 3332 proluuda
942 3250 1105 3333 significare
1125 3251 1275 3336 mysteria,

134 3371 207 3438 quae
224 3351 339 3437 quidem
356 3371 414 3414 uou
433 3350 468 3414 ed
485 3360 599 3436 captum
617 3349 745 3414 omnium
761 3350 886 3429 iaciunt,
910 3353 985 3435 quod
1002 3374 1059 3414 uon
1078 3373 1179 3416 omnes
1196 3371 1277 3415 cerc-

133 3456 215 3520 brum
233 3453 416 3540 exspuerint,
439 3463 472 3516 ut
482 3463 512 3517 et
527 3464 557 3516 tu
571 3453 696 3538 cognitis
711 3452 746 3516 iis
760 3453 904 3516 universis
920 3455 967 3538 qui
985 3465 1078 3518 tecum
1094 3465 1163 3518 sunt
1176 3456 1276 3518 eadem

134 3558 266 3624 declures
283 3578 317 3622 uc
332 3576 464 3636 moneas,
489 3555 530 3619 uti
546 3555 718 3620 altissimum
733 3553 812 3619 illum
828 3557 967 3620 stultitiae
983 3568 1067 3642 atque
1084 3557 1113 3619 in
1128 3552 1276 3620 Christum

134 3659 330 3748 blasphemiae
345 3659 490 3745 gurgitem
504 3658 646 3723 devitent.
678 3655 780 3743 ltaque
797 3661 889 3743 quoad
903 3660 933 3722 iu
947 3680 993 3724 me
1008 3660 1093 3723 situm
1109 3659 1166 3723 erit
1178 3679 1277 3724 eorum

134 3765 182 3849 qui
198 3762 309 3829 erroris
327 3762 411 3826 bodie
429 3760 562 3847 magistri
580 3771 665 3841 suut,
690 3760 823 3825 nimirum
838 3759 998 3825 Ptolemaei
1017 3763 1137 3847 eiusque
1153 3774 1277 3827 sectato-

133 3888 196 3932 rum
220 3866 270 3952 qui
292 3886 332 3930 ex
353 3863 503 3930 Valentini
526 3863 627 3929 schola
649 3864 854 3943 effloruerunt,
889 3865 1061 3929 senteutiam
1084 3878 1220 3930 accurate
1243 3888 1277 3931 ac

132 3971 263 4035 breviter
278 3988 436 4055 exponam,
460 3977 490 4029 et
506 3967 541 4030 ad
558 3987 622 4032 eam
638 3969 819 4031 relutaudam
837 3968 940 4032 idonea
958 3990 1009 4053 pro
1027 3968 1082 4032 mei
1100 3978 1198 4055 captus
1213 3969 1278 4033 cxi·

132 4073 243 4159 gnitate
258 4081 428 4157 argumenta
441 4090 608 4154 suggeram,
627 4070 730 4155 quibus
745 4091 818 4155 quae
832 4070 867 4133 ab
883 4071 940 4134 illis
956 4071 1089 4137 dicuutur
1100 4072 1278 4158 perabsurda

132 4174 306 4260 minimeque
328 4173 444 4236 veritati
464 4182 660 4236 consentanea
682 4193 749 4237 esse
772 4174 1026 4239 demonstrabitur.
1072 4174 1205 4238 Tametsi
1225 4196 1276 4239 ue-

133 4328 244 4381 facilest
261 4345 291 4379 ne
302 4327 446 4394 incorrupte
454 4325 482 4376 itt
493 4325 622 4393 explorare
632 4342 690 4393 pos·
760 4325 798 4381 ld.
817 4326 942 4399 ἐπιβολήν,
959 4332 1020 4393 quod
1034 4331 1123 4382 tnncet
1137 4333 1232 4392 interpr.
1247 4333 1278 4381 te·

130 4398 219 4450 sitiet
264 4395 516 4464 xspclocrestttueris,
528 4398 691 4459 psrquomso-
722 4400 766 4459 pit,
778 4399 882 4461 quodque
893 4401 1023 4462 suspicatus
1036 4403 1068 4449 est
1079 4401 1129 4448 tom
1139 4400 1229 4460 Petam,
1241 4413 1279 4449 se·

131 4468 172 4519 citt
185 4481 214 4518 eo
226 4468 334 4519 emuna
346 4466 446 4515 medrito
458 4466 563 4515 meto
576 4468 692 4527 receptum
724 4468 788 4517 ιιιιιιι
797 4481 826 4516 ee
835 4468 885 4517 cod.
897 4468 951 4517 ven.
977 4470 1051 4530 Vctpo
1061 4472 1124 4517 eetot
1137 4463 1277 4534 ἐπιβουλήν.

129 4537 280 4601 oulpotorsm
297 4536 409 4584 librorum
423 4535 590 4585 αιιοιοιιιιιιιιιι.
624 4535 691 4585 ltus-
760 4532 799 4585 ut.
815 4531 858 4588 riu
874 4531 984 4601 Χριστὸν
1001 4537 1052 4586 eod.
1067 4537 1120 4586 Vsu.

128 4609 210 4655 suetus
223 4603 382 4666 reponendum
397 4603 484 4652 ιιιιιιιιι
500 4594 625 4666 ἀκέραιος.
760 4603 799 4654 15.
820 4597 951 4656 dedecere
976 4602 1021 4656 καὶ
1045 4597 1188 4671 ἀνάρμοστα
1211 4609 1279 4669 capet

168 4672 208 4725 1¹2.
225 4666 295 4739 παρὰ
311 4685 357 4721 non
375 4672 472 4722 habetur
488 4672 513 4720 in
531 4672 606 4722 editis.
725 4673 775 4722 cod.
793 4675 845 4723 Vsu.
