3046 5084
379 348 516 402 statutt
533 350 608 404 sev.
625 350 795 403 nausees
811 351 873 402 Llli.
888 352 907 402 l.
923 351 1004 404 ΤΟΜ.
1019 353 1038 402 Ι.
1239 340 1275 400 41

132 468 164 535 ιι
179 467 349 535 limoniam.
393 466 455 533 Per
468 468 538 532 illud
553 478 668 554 tempus
683 468 783 534 Ninus
798 490 835 534 ac
849 467 1022 535 Semiramis
1038 467 1175 555 Assyriis
1188 467 1280 553 irnpe-

135 570 251 636 rabant.
295 568 429 653 Quorum
451 568 580 652 amosis
595 570 725 633 Αιιιιιι
746 570 812 633 luit.
857 572 942 656 Apud
960 570 1124 656 Aegyptios
1140 590 1215 634 veru
1230 570 1282 633 de·

133 672 209 736 ιίιι
225 684 330 737 oetan
347 670 482 756 dynastia
495 680 641 754 praeerat.
685 668 807 754 Solique
823 681 882 733 tour
899 693 939 735 ex
953 672 1087 736 omnibus
1103 671 1216 756 populis
1232 667 1281 735 Si-

133 773 232 859 cyonii
251 773 335 858 regio
353 771 501 835 dominatu
518 768 760 850 ιιιιιιιιιιιις
783 772 865 834 euius
884 772 997 837 initium
1016 773 1054 837 ali
1073 771 1193 858 Europe
1215 793 1282 857 pro·

133 876 320 939 factumest.

216 973 291 1040 Post
322 974 394 1037 liaeo
426 972 527 1037 eadem
556 994 612 1058 qua
642 972 814 1037 catholicam
847 984 878 1038 et
906 975 1094 1059 apostolicam
1125 973 1280 1038 eeclesiam
1297 989 1433 1057 capvltt.

133 1078 245 1160 figura,
274 1085 401 1160 uotaque
424 1075 603 1139 Αιιιιιιιι
628 1074 709 1158 eligit
732 1075 824 1154 deas,
855 1076 948 1140 virum
974 1077 1004 1140 iu
1034 1075 1185 1161 praeputio
1212 1076 1282 1139 lide-

134 1180 191 1241 lem
209 1196 244 1239 ac
257 1175 400 1260 religione
413 1174 577 1260 pietateque
592 1176 848 1262 perlectissimom,
873 1189 959 1262 atque
975 1189 1008 1241 nt
1021 1178 1145 1241 scientia
1159 1176 1282 1262 prophe-

134 1280 173 1341 tis
189 1297 301 1361 parem,
324 1278 367 1341 sic
385 1278 422 1341 ιι
438 1277 638 1362 evangelicam
654 1277 834 1362 disciplinam
854 1278 930 1343 ritae
948 1279 1081 1343 instituto
1096 1289 1278 1363 proveetum.

132 1377 210 1443 Erat
223 1388 282 1442 tom
298 1378 375 1442 ιοιι
391 1389 503 1464 patrem
519 1378 699 1459 observans,
722 1401 787 1443 cnm
804 1380 852 1444 dei
869 1381 988 1444 oraculo
1003 1391 1124 1445 vocatus
1142 1380 1281 1443 domesti·
1393 1415 1399 1426 ·

134 1480 178 1543 cis
193 1480 394 1559 manuducit,
419 1490 451 1544 et
465 1501 531 1545 eum
549 1501 567 1543 a
584 1501 642 1564 quo
658 1492 781 1545 vocatus
799 1493 861 1545 erat
877 1493 997 1546 secutus
1014 1493 1071 1560 est,
1095 1482 1281 1566 quemadmo-

133 1583 199 1646 dum
213 1579 338 1658 Petrus,
360 1580 509 1660 Andreas,
531 1579 657 1645 lacobus
676 1592 707 1645 et
721 1580 850 1647 loannes
867 1595 969 1668 postea
985 1585 1128 1647 iecerunt.
1174 1585 1220 1647 Ac
1241 1605 1279 1647 ne
1292 1597 1349 1640 oen
1363 1597 1394 1639 ιι.

134 1684 231 1748 ιιιιι
247 1684 301 1746 sim
320 1682 448 1767 longior,
472 1683 571 1768 paneis
591 1683 690 1748 omnia
704 1685 892 1769 complectar.
937 1681 1013 1749 Cum
1031 1685 1120 1769 igitur
1138 1687 1174 1750 ad
1190 1707 1281 1749 nona·

132 1784 275 1869 gesimmu
291 1805 400 1848 nouum
414 1784 520 1848 aetatis
534 1804 641 1847 anuum
655 1784 818 1869 patriarcha
831 1785 880 1849 ille
894 1787 1088 1869 pervenisset,
1107 1787 1144 1852 de
1157 1787 1280 1852 circum·

130 1887 244 1951 cisione
263 1907 280 1949 a
296 1877 352 1949 deo
370 1906 543 1970 responsum
559 1885 683 1970 aceepit.
728 1884 799 1950 lnde
817 1885 954 1951 Iudaismi
974 1899 1041 1952 nota
1061 1900 1127 1974 post
1141 1889 1279 1974 gentilem

131 1986 370 2073 superstitionem
386 1987 530 2071 originem
547 1986 657 2050 habuit.
689 1987 843 2071 Agebatur
858 1999 917 2052 tum
934 2011 1028 2054 anuas
1044 1992 1142 2054 mundi
1159 2013 1233 2055 unus
1250 2001 1280 2054 et

131 2090 297 2154 tricesimus
322 2109 410 2175 sopra
434 2100 480 2152 ter
501 2089 684 2152 millesimam
707 2108 743 2151 ac
766 2091 1099 2172 quadringentesimum,
1124 2103 1219 2156 aetate
1242 2092 1278 2156 ab

131 2192 202 2256 orlie
223 2191 340 2255 condito
364 2190 457 2254 altere
479 2204 510 2255 et
528 2189 685 2269 vicesima,
709 2210 776 2253 eum
794 2188 957 2255 Iudaismus
981 2194 1116 2256 effloruit.
1160 2192 1239 2257 Nam
1261 2216 1279 2257 a

129 2293 240 2358 diluvio
261 2294 297 2357 ιι
315 2293 405 2357 tarsu
428 2293 658 2357 aedificationem
680 2312 715 2355 ac
733 2288 897 2357 Seruchum
916 2291 1084 2379 Scythicum
1101 2295 1219 2359 vivendi
1234 2296 1279 2359 iu-

130 2393 263 2458 stitulum
281 2396 385 2459 tenuit.
429 2393 457 2457 l
476 2391 609 2459 Sernelio
627 2395 664 2458 sd
677 2393 877 2473 Abraamum,
902 2407 930 2458 et
947 2395 976 2458 io
993 2396 1066 2459 hauc
1080 2418 1172 2481 usque
1188 2398 1276 2477 diem,

130 2495 249 2580 gentilis
264 2496 447 2580 superstitio.
483 2493 579 2560 Porro
596 2496 673 2560 nulla
688 2497 781 2561 adhuc
798 2497 835 2561 ali
850 2497 998 2561 Abraamo
1018 2509 1100 2561 secta
1115 2519 1278 2581 cognomen

130 2598 235 2682 adepta
252 2599 359 2662 luerat.
403 2594 465 2663 Sed
483 2597 503 2661 ii
520 2599 678 2677 duntaxat,
701 2599 749 2683 qui
766 2598 895 2662 eiusdem
918 2599 1069 2684 religionis
1086 2600 1279 2684 appellatione

131 2699 371 2780 continebantur,
399 2699 592 2765 Abraamitae
615 2700 652 2763 ιι
678 2702 781 2779 eodem
807 2701 968 2785 patriarcha
995 2702 1177 2766 dicebantur.
1222 2700 1278 2764 llic

130 2801 207 2865 enim
227 2812 295 2865 octo
311 2800 420 2866 liberos
436 2802 553 2881 habuit,
577 2802 736 2886 exquibus
757 2824 832 2866 unus
849 2800 931 2866 laroc
950 2804 1036 2867 heres
1052 2804 1202 2868 institutus
1219 2813 1276 2882 est,

129 2903 204 2986 quod
221 2913 251 2966 et
267 2902 367 2987 pietati
384 2904 499 2968 deditus
516 2904 603 2969 vitam
624 2924 707 2967 suom
726 2924 767 2967 ex
787 2905 879 2989 patris
897 2906 1045 2970 sententia
1063 2907 1276 2985 moderaretur,

129 3017 160 3067 et
178 3004 320 3088 singulari
335 3005 383 3068 dei
403 3005 597 3090 promissione
618 3005 712 3070 eidem
732 3007 837 3070 luisset
850 3008 964 3092 parenti
981 3030 1152 3073 concessus.
1196 3009 1276 3072 Ante

127 3127 213 3191 quem
227 3103 381 3171 lsmadlem
400 3127 442 3170 ex
455 3106 538 3191 Agar
552 3107 658 3171 ancilla
671 3119 853 3192 susceperat.
892 3106 953 3174 Sed
968 3120 999 3174 et
1014 3106 1145 3174 Chetura
1161 3130 1218 3173 sex
1233 3109 1273 3172 illi
1288 3125 1345 3169 een
1358 3126 1391 3170 ss.

127 3219 229 3290 postea
243 3208 367 3295 peperit.
397 3207 458 3292 Qui
475 3229 577 3273 omues
592 3229 644 3292 per
657 3209 771 3274 laticem
784 3211 923 3275 Arabiam
939 3212 1063 3297 dispersi
1077 3221 1156 3274 suut.
1189 3208 1276 3272 Zem-

126 3311 199 3375 bran
214 3311 340 3391 seilicet,
363 3309 467 3390 lezen,
490 3308 608 3388 lesbon,
627 3308 721 3391 Suae,
739 3310 914 3391 llmmaden,
939 3325 969 3376 et
981 3312 1113 3390 Madian,
1138 3331 1195 3373 una
1210 3332 1275 3374 cum

125 3413 248 3478 ansillae
265 3413 336 3493 lilio,
354 3434 440 3496 quem
453 3409 607 3478 lsmae‘lem
621 3422 758 3478 vocatum
774 3435 840 3478 esse
857 3416 943 3500 paulo
959 3425 1026 3478 aute
1042 3412 1182 3477 diximus.
1214 3408 1276 3478 Sed

126 3513 173 3579 hio
191 3525 357 3600 postrenus
375 3514 488 3579 delecto
506 3512 538 3579 iu
552 3514 709 3580 solitudine
729 3515 765 3581 ιι
783 3516 968 3581 habitandum
988 3515 1053 3577 loco
1068 3511 1183 3576 Pheres
1205 3535 1275 3578 eon-

126 3615 214 3696 didit,
236 3617 403 3703 liberosque
420 3637 543 3682 numero
564 3617 715 3681 duodecim
731 3619 877 3703 suscepit,
901 3615 1037 3699 aquibus
1052 3615 1269 3699 agarenorum,
1279 3635 1425 3691 sarusar.

126 3715 191 3782 sire
209 3715 439 3799 ismaelitarum,
462 3719 511 3804 qui
534 3718 621 3815 hodie
638 3717 781 3785 Saraceni
803 3720 954 3796 dicuutur,
983 3716 1075 3781 tribus
1099 3729 1272 3804 propagatae

127 3828 208 3883 suut.
250 3819 294 3883 At
308 3818 413 3886 lsaaoo
430 3822 487 3885 duo
506 3822 567 3886 uati
585 3831 653 3886 sunt
671 3821 739 3900 filii,
763 3820 844 3884 Esau
860 3829 891 3882 et
908 3815 1007 3882 iacob.
1053 3816 1124 3901 Quo.
1142 3830 1275 3906 tempore

127 3938 219 3983 verae
240 3919 356 4004 pietatis
376 3924 587 4008 religionisque
611 3922 772 3987 eultonibus
790 3919 1027 3985 Abraamitarum
1049 3932 1080 3984 et
1096 3918 1272 3986 lsacidaram

127 4040 234 4085 nomeu
254 4021 422 4087 attributum
440 4036 498 4090 est.
536 4022 704 4089 -Postbaea
718 4022 800 4087 Esau
813 4023 844 4086 in
861 4020 1026 4087 ldnmaean
1044 4023 1198 4087 discedens
1215 4028 1275 4106 (est

126 4121 198 4186 haee
218 4122 301 4209 regio
317 4119 560 4191 Chauauaeorum
578 4124 684 4189 tractui
701 4126 736 4189 ad
753 4126 900 4189 meridiem
925 4137 956 4190 et
971 4126 1113 4190 ouantem
1133 4126 1270 4210 obversa)
1284 4143 1376 4189 uena

159 4290 198 4344 ta.
214 4287 264 4347 dat
281 4295 333 4345 oo.
351 4296 424 4344 ama
459 4291 507 4349 tut
524 4299 608 4359 otuu
622 4296 683 4346 ιιι
719 4299 794 4347 ama.
827 4290 928 4383 'tepet
946 4299 1002 4349 mus
1016 4299 1077 4347 ιιι

158 4361 198 4413 13.
212 4361 346 4428 Χιττιῦρα
360 4363 445 4413 tutat
458 4365 512 4413 tert
523 4378 609 4414 amaea.
751 4363 789 4416 17.
812 4362 900 4431 Φιραι
924 4368 975 4417 eod.
1000 4368 1075 4415 Vocet.
1110 4361 1196 4432 Φιρις
1220 4369 1270 4418 eod.

158 4425 197 4479 ιι.
213 4427 364 4497 apameo
381 4430 439 4495 (ιιι
455 4432 507 4482 ou
527 4433 600 4481 ama.
715 4434 811 4497 unse.
826 4438 848 4483 a
861 4436 918 4484 ecca
931 4436 994 4483 roa.

157 4496 196 4548 ιι.
215 4495 281 4560 ledan
296 4500 349 4549 eod.
363 4499 460 4562 llledip.
749 4502 788 4551 lta
805 4501 856 4554 raia
872 4516 918 4551 om.
933 4502 985 4551 cod.
1003 4504 1057 4551 ιιι.

159 4562 196 4615 ιι.
212 4560 316 4635 'laepia
331 4566 488 4631 consata.
523 4565 612 4636 ἰισβιχ
628 4569 679 4620 σοι.
749 4566 787 4621 19.
803 4562 946 4637 ’Λβράμιιι
963 4570 1013 4621 cod.
1035 4572 1124 4635 leuet,
1140 4573 1174 4623 oti
1190 4585 1271 4635 supro.
