3046 5084
383 388 517 441 runnu
532 390 596 441 me.
607 390 626 441 r.
643 388 724 442 rou.
736 390 781 442 nr.
798 391 896 444 naen.
908 393 1001 444 xnrn.
1202 382 1260 446 691

127 510 198 575 haec
215 509 311 573 omniu
328 505 445 593 praeter
464 509 595 593 magistri
613 510 659 574 sui
675 510 810 597 dogmata
826 512 940 596 nuptias
955 511 1004 575 ille
1024 513 1212 592 condemnat,
1236 524 1267 577 et

128 611 327 676 castimoniam
342 610 504 696 profitetur,
524 632 582 675 non
599 612 683 676 buius
698 633 796 677 amore
811 614 940 692 virtutis,
960 615 1010 677 sed
1027 626 1057 677 ut
1074 635 1163 699 opera
1175 612 1267 680 Creu·

127 716 200 778 toris
216 724 340 778 evertat.
386 712 486 797 Quare
505 713 647 799 coniugiis
666 715 822 778 interdicit.
867 714 916 779 Ex
935 715 1049 800 quibus,
1072 717 1176 801 iuquit,
1200 740 1266 804 pro·

127 830 229 904 pagata
248 815 349 880 sobole
367 816 460 880 maior
478 817 507 879 in
530 816 636 881 mundo
656 814 809 882 Conditori
834 817 951 881 ubertas
971 839 1005 881 ac
1023 820 1105 903 eopia
1127 822 1264 904 suppetit.

128 918 192 982 Hoc
208 919 295 1003 igitur
310 920 339 982 in
356 915 475 1003 Opilicis
493 940 528 982 ac
544 915 712 984 Conditoris
728 920 823 983 odium
842 920 978 1005 suscipit,
1003 942 1039 985 ne
1057 943 1095 985 ex
1111 922 1268 986 liberorum

128 1021 329 1107 procreatione
345 1021 422 1084 illiue
438 1042 509 1106 opes
525 1033 697 1107 augeantur.
727 1019 838 1086 Verum
856 1023 939 1085 huius
956 1044 1041 1087 error
1056 1025 1135 1088 nullo
1149 1026 1267 1109 negotio

128 1126 281 1207 detegetur
296 1145 330 1187 ao
349 1123 498 1187 refelletur
520 1144 559 1187 ex
579 1145 613 1188 ea
631 1125 831 1188 contutatione
850 1146 933 1209 quam
959 1137 1060 1190 contra
1075 1126 1165 1212 ipsius
1185 1149 1268 1212 prae·

129 1236 274 1311 ceptorum
298 1237 366 1290 ante
389 1227 600 1311 proposuimus.
649 1223 741 1291 Cuius
766 1226 918 1313 opiniones
944 1228 1071 1314 pluribus
1098 1231 1269 1314 disputando

129 1329 325 1409 convicimus,
347 1329 434 1412 idque
450 1329 543 1414 ipsum
566 1330 744 1393 ostendimus
766 1330 925 1393 cuiusmodi
949 1351 983 1393 ac
1000 1353 1082 1414 qnam
1102 1332 1189 1395 multa
1211 1332 1270 1394 sint

129 1431 158 1494 iu
188 1431 292 1515 quibus
322 1452 434 1494 summa
461 1441 507 1495 est
538 1430 680 1516 evangelii
708 1432 874 1516 veterisque
906 1433 1072 1496 testamenti
1100 1435 1267 1497 consensio.

130 1532 377 1622 Quemadmodum
396 1534 482 1597 etiam
503 1534 635 1597 dominus
654 1532 716 1618 ipse
734 1535 859 1598 latentur
878 1556 960 1598 suam
979 1556 1044 1600 esse
1065 1537 1160 1599 mundi
1183 1536 1269 1599 labri-

130 1637 293 1715 cationem,
317 1657 351 1700 ao
374 1635 506 1721 quicquid
532 1635 675 1699 conditum
700 1646 747 1700 est
769 1637 841 1723 patri
869 1658 922 1700 suo
945 1638 1138 1702 tribuendum.
1184 1636 1270 1721 Quod
1324 1630 1327 1639 ⁴

131 1738 244 1821 quidem
264 1738 521 1823 praestantissimis
545 1739 625 1801 hisce
648 1737 746 1801 verbis
768 1740 932 1802 summatim
952 1737 1078 1804 loannes
1100 1741 1269 1826 complexus

131 1853 193 1912 estc
217 1846 250 1902 In
271 1845 412 1922 prencr'pe'o
431 1853 496 1902 erut
514 1842 641 1914 verdum,
667 1852 695 1901 et
718 1842 829 1902 verdum
854 1854 917 1903 eret
938 1847 1014 1923 apud
1033 1847 1129 1918 denne,
1154 1848 1418 1915 eunomiumne

131 1956 196 2005 erut
210 1945 330 2005 verdum.
377 1948 474 2004 Omneir
485 1966 540 2024 per
554 1948 642 2024 r'poum
650 1945 735 2025 fincta
749 1956 829 2018 soret,
855 1956 883 2005 et
895 1950 956 2007 seire
969 1951 1028 2026 ipso
1041 1949 1153 2029 sactum
1169 1959 1212 2008 eet
1227 1952 1270 2009 ne'-

131 2050 188 2120 tn,
213 2050 287 2127 quod
304 2049 410 2128 suctum
432 2058 476 2107 est
495 2059 548 2107 etc.

215 2148 304 2233 Atqui
323 2148 418 2212 statim
437 2148 485 2212 ille
504 2147 637 2213 facillime
656 2147 860 2212 confutabitur.
904 2147 980 2212 Nam
999 2151 1023 2212 si
1040 2152 1216 2236 respondere
1232 2152 1272 2215 ita
1291 2162 1350 2230 cap.
1370 2127 1421 2216 11.⁸

132 2251 219 2329 velit,
244 2272 277 2314 se
294 2263 324 2315 ut
344 2251 379 2315 iis
399 2272 472 2336 quac
489 2246 658 2314 Conditoris
681 2251 728 2314 bic
748 2271 815 2314 esse
834 2251 949 2336 propria
968 2253 1101 2316 dicuutur
1118 2253 1274 2317 obsisteret

133 2376 166 2418 ac
191 2354 357 2427 destrueret
376 2354 537 2439 nuptiarum
562 2352 699 2417 damnare
723 2353 857 2438 copulas,
891 2374 926 2416 ne
947 2330 1098 2417 conuiuii
1121 2356 1273 2439 suffragari

132 2457 282 2536 videatur,
313 2468 399 2541 atque
425 2465 457 2518 ut
483 2455 518 2519 ab
544 2455 608 2519 eius
634 2474 721 2540 opere
747 2476 813 2519 sese
842 2456 958 2519 omniuo
983 2467 1109 2541 praestet
1134 2457 1272 2540 alienum,

134 2580 230 2623 nonne
249 2581 265 2622 a
284 2557 397 2622 ratione
417 2578 537 2642 prorsus
560 2557 630 2621 baec
654 2558 791 2622 abhorret
813 2559 928 2644 opinio,
958 2558 1077 2643 eiusque
1100 2559 1274 2644 deprehensi

133 2662 245 2726 falsitas
263 2682 297 2725 ac
315 2661 450 2744 redargui
469 2660 552 2723 iacilc
570 2662 686 2744 potest?
727 2657 807 2725 Ecce
823 2661 873 2724 tibi
890 2660 1012 2725 conditis
1032 2682 1049 2724 a
1066 2658 1208 2726 Creatore
1228 2685 1274 2726 re·

134 2765 204 2844 hus,
228 2765 318 2830 veluti
335 2763 407 2828 cibis
426 2784 460 2826 ac
476 2763 623 2842 vestibus,
647 2772 677 2826 et
692 2763 864 2848 unguentis,
889 2785 923 2827 ac
945 2774 1029 2849 potu,
1054 2775 1083 2828 et
1100 2765 1202 2828 eduliis
1220 2766 1273 2829 mi-

134 2868 275 2932 serrimus
292 2868 347 2930 iste
364 2866 522 2929 circulator
537 2865 642 2944 utitur,
667 2885 721 2929 nec
739 2865 868 2950 effugere
888 2867 972 2929 aliter
987 2877 1083 2952 potest
1099 2867 1166 2952 quin
1183 2888 1217 2932 se
1237 2869 1274 2932 iis

135 2971 174 3033 uti
196 2971 332 3033 latentur.
378 2965 459 3032 Deus
478 2967 554 3032 enim
572 2978 618 3032 cst
632 2966 765 3032 dominus
784 2969 912 3032 omnium
931 2991 964 3033 ac
983 2970 1131 3052 conditor,
1155 2971 1203 3056 qni
1224 2992 1275 3035 cu·

133 3094 196 3136 ram
219 3073 346 3136 omnium
369 3071 510 3155 genitae,
534 3075 626 3133 Solam
641 3093 722 3133 sunm
745 3093 829 3152 anper
848 3074 931 3134 bonos
947 3085 977 3134 et
996 3077 1083 3135 mutos
1098 3079 1174 3135 orori
1182 3076 1270 3156 sunit.
1339 3108 1351 3137 a
1371 3126 1395 3159 ι.

135 3175 212 3240 Tum
232 3197 303 3239 vero
326 3176 356 3238 in
374 3195 427 3238 eos
445 3173 555 3260 pariter
577 3174 624 3258 qui
649 3195 681 3238 se
704 3175 887 3238 contumeliis
909 3175 1035 3239 afficiunt
1057 3187 1087 3239 et
1110 3177 1157 3260 qui
1181 3178 1275 3262 ipsum
1336 3181 1342 3202 ’
1370 3163 1386 3192 ὖ·

133 3280 252 3344 laudaut
271 3300 305 3342 ac
322 3278 490 3364 praedicant
506 3276 630 3362 pluviam
648 3276 781 3356 demittit,
805 3288 891 3362 atque
908 3278 960 3340 alit
977 3278 1142 3342 universos.
1189 3276 1276 3361 Quod

135 3403 192 3446 nou
210 3380 365 3445 temeraria
382 3381 477 3464 aliqua
495 3379 625 3464 citraque
640 3379 785 3444 rationem
803 3400 838 3444 ac
853 3401 969 3444 sensum
988 3381 1103 3444 delinita
1124 3381 1188 3466 lege
1206 3403 1275 3446 con·

134 3486 265 3550 stitutum
283 3496 346 3563 est,
370 3484 420 3547 sed
443 3483 510 3546 ideo
532 3483 682 3563 nimirum,
707 3483 782 3566 quod
804 3504 961 3568 poenarum
982 3483 1016 3546 ab
1039 3484 1087 3546 illo
1110 3493 1223 3569 tempus
1244 3486 1275 3549 iu

136 3590 260 3651 futurum
277 3587 413 3650 iudicium
433 3596 615 3650 reservatum
633 3595 689 3666 est,
714 3585 858 3671 patienter
873 3596 1021 3670 expectat,
1045 3607 1078 3650 ac
1096 3586 1216 3670 privatis
1233 3588 1275 3652 le·

134 3692 219 3776 gibus
232 3702 261 3754 et
278 3690 420 3775 sapientia
435 3698 539 3752 cuncta
555 3689 738 3768 moderatur,
761 3689 997 3774 quemadmodum
1016 3688 1174 3752 beneficam
1195 3691 1275 3754 illam

135 3814 204 3879 erga
221 3813 323 3857 omnes
341 3791 549 3877 providentiam
568 3791 668 3870 decet,
693 3802 725 3856 ut
743 3793 768 3855 si
784 3793 831 3876 qui
850 3792 1056 3877 poeniteutiam
1079 3794 1273 3878 susceperint,

134 3897 277 3961 scelerum
295 3895 422 3958 omnium
438 3894 613 3958 oblivionem
632 3894 667 3958 ab
684 3894 734 3959 ilio
751 3894 827 3959 nacti
842 3895 964 3958 salutem
980 3894 1187 3981 adipiscantur.
1221 3893 1276 3959 Sin

135 3999 353 4064 contumeliosis
376 3997 432 4061 illis
456 3997 583 4061 divinum
608 3997 638 4061 iu
662 4018 769 4062 numen
796 3997 979 4083 opinionibus
1004 4009 1090 4082 atque
1113 3998 1273 4080 erroribus,

135 4124 256 4187 quornm
279 4103 350 4165 deus
373 4109 475 4165 auctor
498 4121 556 4164 nou
581 4111 644 4180 est,
667 4100 821 4181 insistant,
846 4111 905 4164 tum
924 4101 1028 4164 merita
1049 4101 1188 4187 supplicia
1209 4112 1275 4188 post

136 4207 208 4270 hanc
228 4204 316 4269 vitam
342 4204 524 4288 expendant,
554 4223 618 4267 cum
638 4224 696 4267 non
716 4203 838 4290 amplius
859 4204 1014 4268 voluntatis
1036 4202 1066 4267 in
1091 4203 1134 4268 eis
1156 4203 1275 4270 libertas

135 4308 273 4374 manebit.
318 4303 430 4372 Verum
446 4320 540 4392 aeque
556 4305 643 4370 animi
660 4307 781 4392 quadam
795 4306 963 4393 impotentia
979 4308 1105 4371 futurum
1120 4307 1188 4372 illud
1202 4310 1274 4373 iudi-

135 4414 211 4479 cium
229 4410 373 4491 instituit,
396 4430 450 4474 uec
467 4421 592 4476 ventura
615 4409 664 4474 illa
686 4409 761 4474 mala
782 4409 931 4475 iracundia
955 4410 1012 4474 ulla
1035 4411 1136 4476 ductus
1156 4412 1271 4495 infligit.

169 4567 194 4622 d.
212 4560 260 4622 ὅλα
274 4564 322 4634 γὰρ
334 4563 366 4620 τὰ
382 4562 491 4632 ἐσόμενα
502 4580 552 4630 epo.
585 4561 617 4619 τὰ
631 4562 689 4618 coo·
722 4569 772 4629 ptnt
787 4567 913 4629 adscripto.
947 4562 978 4617 rol
992 4562 1101 4631 ἐσόμενα
1119 4559 1166 4619 ὅλα
1181 4563 1229 4635 γὰρ
1245 4570 1273 4616 u·-

137 4652 200 4703 μενα
220 4632 268 4701 γὰρ
287 4628 333 4687 ὅλα
351 4637 461 4688 Petentus
481 4638 506 4684 tn
528 4636 606 4685 adnot.
625 4649 690 4684 mnr-
723 4637 759 4685 dri
774 4640 823 4687 tom
837 4638 918 4698 scripti
933 4649 1004 4699 quom
1020 4637 1083 4687 editi.

1002 4719 1071 4787 44*
