3046 5084
386 346 522 397 samana
538 346 602 395 ιιε.
615 348 637 395 ι.
654 347 737 398 nont.
751 348 782 396 ιι.
799 347 898 396 naen.
914 347 1011 397 xxiv.
1211 336 1271 396 ι-ιιι

119 489 175 551 quo
193 488 257 530 cum
274 466 384 530 caeteri
403 464 573 527 nniversam
588 463 620 525 iu
634 462 817 546 Angelorum
834 464 1045 529 multitudinem
1061 466 1166 529 sortito
1187 489 1269 531 mun·

118 570 183 632 dnm
199 569 427 642 distribuerunt3
461 584 502 625 ex
523 584 581 645 quo
599 564 707 625 laetum
732 574 778 624 est
798 575 829 625 ιιι
846 564 887 625 illi
907 563 1081 627 ludaeorum
1101 587 1194 649 genus
1217 570 1267 631 ob-

116 670 241 734 veniret.
282 669 334 734 Sie
350 668 580 750 omnipotentem
597 663 648 725 ille
664 663 810 725 dominum
827 684 928 725 verum
947 687 982 726 ac
1002 666 1095 727 solnm
1113 669 1197 729 deum
1213 690 1268 731 nec

115 773 200 835 alium
222 768 436 835 contumeliose
460 774 601 850 appetens
624 766 695 845 (nos
717 764 793 827 enim
812 766 936 829 eundem
955 765 1062 828 domini
1086 769 1178 829 nostri
1201 767 1269 831 lesa

115 872 225 938 Christi
246 885 360 957 patrem
376 868 564 948 confitemur)
583 865 658 928 bnne
674 867 791 950 inquam
808 866 959 949 abnegans
974 887 1062 930 unum
1080 868 1174 931 exiis
1196 890 1269 953 qnos

114 978 241 1061 appellat
257 970 384 1053 Angelis
404 967 566 1048 constitnit,
590 978 621 1042 ut
638 978 684 1032 εει
701 988 718 1030 a
737 968 821 1031 uobis
839 979 1000 1032 ostensum.
1042 966 1124 1053 Ergo
1143 967 1269 1033 ludaeos

113 1079 218 1141 sortito
237 1075 280 1137 illi
304 1070 462 1154 contigisse
480 1070 583 1148 tradit,
607 1090 691 1154 quem
710 1081 739 1133 et
756 1070 842 1153 longe
859 1070 980 1154 reliquis
997 1069 1122 1154 Angelis
1138 1075 1269 1156 praelia-

114 1180 237 1241 ctiorem
255 1195 341 1252 esse,
374 1194 408 1236 ac
429 1171 533 1261 viuum
560 1193 677 1235 snamm
700 1171 821 1235 andacia
848 1174 953 1236 laetum
971 1170 1123 1235 lsra’e'litas
1148 1195 1188 1237 ex
1206 1175 1267 1238 Ae·

113 1288 204 1363 gypto
225 1277 385 1354 liberasse,
409 1275 484 1358 qnod
504 1273 631 1337 caeteris
651 1274 686 1336 ad
703 1273 865 1339 audendum
882 1275 1012 1358 paratior
1024 1276 1264 1361 pervicaciorque

115 1384 203 1443 toret.
247 1378 345 1462 Atque
363 1396 402 1440 ex
421 1376 522 1439 eadem
548 1376 715 1458 arrogantia
735 1377 905 1439 factumest
931 1376 971 1439 uti
995 1397 1048 1462 per
1071 1397 1212 1441 summam
1234 1380 1263 1441 in

114 1484 199 1545 deum
221 1478 450 1543 maledicentiam
476 1477 684 1562 praestigiator
706 1478 757 1542 ille
784 1489 901 1556 narrat,
933 1479 1008 1541 idem
1035 1488 1067 1540 ιιι
1090 1476 1264 1543 ludaeorum

114 1586 186 1647 deus
202 1582 329 1666 reliquas
347 1581 482 1644 nationes
505 1579 567 1642 sais
590 1579 662 1664 ipsis
678 1577 820 1643 lsradlitis
836 1581 927 1644 vellet
945 1581 1110 1660 subiicere,
1142 1603 1263 1667 eamque

114 1686 150 1748 ob
167 1705 299 1748 caussam
321 1683 396 1747 bella
413 1681 587 1744 concitaret.
633 1679 711 1745 Sunt
727 1692 759 1744 et
775 1683 833 1744 alia
850 1683 931 1767 plora
951 1704 1024 1766 qnae
1042 1683 1141 1746 laxata
1161 1695 1262 1748 contra

113 1789 196 1849 darum
213 1785 313 1869 lingna
328 1786 465 1867 elatoque
484 1802 537 1845 ore
554 1781 735 1845 miserrimus
756 1782 912 1846 homuncio
935 1784 1045 1847 iactare
1070 1806 1128 1847 non
1148 1797 1194 1849 est
1211 1808 1262 1850 ve-

110 1891 195 1951 ritus.
242 1885 340 1950 Veluti
363 1908 429 1949 eum
459 1885 539 1946 addit
560 1895 716 1968 propterea
743 1885 878 1947 nationes
901 1885 1028 1968 reliquas
1053 1907 1116 1948 cnm
1140 1886 1263 1951 ludaeo-

110 2012 172 2053 rum
194 1999 284 2072 gente
306 1989 380 2052 bella
397 1987 546 2072 gessisse,
571 2005 693 2068 eamque
708 1983 839 2068 piurimis
855 1986 992 2048 allecisse
1012 1987 1113 2064 malis,
1138 1988 1175 2050 ob
1193 1990 1263 2053 alio-

109 2114 173 2155 rum
192 2091 374 2175 Angelorum
400 2088 541 2151 videlieet.
559 2086 717 2164 invidiam,
750 2086 797 2168 qni
821 2086 897 2168 qnod
925 2084 1033 2148 abillo
1062 2091 1207 2151 contemni
1229 2113 1263 2154 sc

109 2194 244 2257 riderent
265 2191 403 2254 commoti
432 2211 514 2253 suam
538 2187 660 2273 quisque
691 2198 808 2270 gentem
839 2198 940 2249 contra
964 2183 1116 2249 lsratilitas
1143 2190 1263 2274 impule-

111 2307 188 2359 runt.
236 2293 366 2377 indeque
390 2294 568 2355 factumest
595 2302 627 2354 ut
654 2301 794 2376 perpetua
822 2289 852 2352 in
881 2289 935 2352 bos
963 2287 1038 2351 bella
1068 2291 1262 2376 tumultusque

109 2397 247 2462 concitati
269 2397 389 2458 inerint.

192 2496 346 2561 Eiusmodi
363 2506 409 2559 est
427 2507 495 2581 apta
512 2496 560 2559 illa
577 2498 612 2560 ad
630 2497 861 2580 persuadentium
879 2495 1049 2579 impostoris
1072 2497 1178 2558 oratio.
1204 2495 1261 2579 Qui
1281 2513 1342 2580 Cap.
1355 2520 1395 2569 ιιι.

109 2602 195 2664 etiam
221 2601 257 2662 de
276 2596 398 2662 Christo
417 2599 537 2683 perinde
560 2601 668 2676 sentit,
700 2599 798 2683 specie
821 2609 906 2660 tenus
924 2600 1067 2660 dundaxat
1091 2599 1262 2661 mortalibus

109 2701 292 2787 apparuisse.
339 2699 454 2786 Quippe
471 2702 546 2785 quod
566 2701 595 2762 in
616 2721 651 2763 eo
671 2701 863 2778 cernebatur,
888 2700 957 2762 nihil
973 2711 1090 2785 praeter
1107 2701 1261 2784 iitaaginem

109 2805 221 2882 luisse,
238 2824 333 2886 oeque
348 2825 420 2866 vero
436 2815 486 2866 ant
502 2802 647 2865 hominem
665 2802 802 2864 extitisse
818 2815 869 2864 ant.
884 2824 1000 2864 carneus
1018 2803 1159 2865 induisse.
1184 2803 1259 2867 Snb-

109 2905 173 2967 iioit
192 2914 223 2965 ει
239 2904 324 2966 aliam
340 2906 421 2967 velut
436 2904 465 2968 in
486 2927 576 2968 scena
595 2904 719 2967 fabulam
738 2905 884 2966 secundos
904 2906 1018 2982 bistrio,
1041 2927 1105 2967 oum
1123 2907 1159 2968 dc
1175 2905 1260 2971 Clui-

108 3007 147 3071 sti
167 3025 255 3068 cruce
273 3005 409 3090 disputat.
453 3005 554 3090 Negat
573 3007 650 3069 cuim
670 3003 769 3069 lesum
790 3027 857 3069 esse
880 3029 1014 3089 passum,
1044 3008 1095 3069 sed
1121 3007 1260 3071 ricarium

109 3110 136 3173 ei
158 3105 310 3172 Simonem
327 3103 513 3192 Cyrenaeum
533 3108 693 3171 substituit.
739 3106 807 3190 Quo
832 3109 908 3171 enim
935 3119 1065 3194 terripore
1086 3108 1261 3194 Hierosoly·

108 3212 163 3275 mis
184 3211 318 3274 dominns
335 3210 446 3275 eiectus
465 3223 528 3288 est,
560 3221 592 3274 ut
613 3210 643 3273 in
658 3210 812 3294 evangelio
836 3212 1057 3296 scriptumest,
1087 3212 1413 3294 angariare-marasan.

108 3324 177 3378 runt
194 3312 346 3378 Simonem
361 3313 504 3397 quendam
522 3309 709 3398 Cyrenaeum
728 3324 759 3375 nt
776 3315 867 3376 lerret
888 3335 1016 3377 crucem.
1063 3311 1112 3374 lix
1134 3333 1191 3394 qno
1215 3332 1262 3373 ea-

108 3415 226 3479 villandi
246 3415 499 3499 concinnandiqne
518 3415 642 3479 fabulam
660 3435 742 3479 snam
765 3416 950 3478 occasionem
968 3415 1102 3496 arripuit,
1127 3413 1261 3475 nimirum

108 3514 257 3580 Christum
276 3515 445 3595 Simonem,
471 3538 534 3581 cum
550 3518 577 3579 is
594 3537 710 3581 crucem
725 3528 872 3602 portaret,
897 3519 927 3580 in
946 3538 1028 3580 suam
1052 3525 1259 3593 commutasse,

106 3619 229 3704 eiusque
243 3619 373 3683 vicissim
390 3617 522 3682 induisse
544 3620 666 3681 lormam
688 3620 786 3703 itaque
803 3617 955 3682 Simonem
978 3618 1012 3678 ad
1037 3616 1133 3679 erucis
1154 3618 1261 3702 snppli-

107 3722 182 3785 cium
205 3742 261 3783 sno
283 3721 349 3783 loeo
371 3720 537 3785 tradidisse.
584 3716 644 3802 Qui
666 3723 732 3784 dnm
756 3723 785 3783 in
815 3741 903 3783 cruce
932 3717 1092 3799 suffigitur,
1125 3715 1259 3782 lesnma

106 3823 224 3888 nemine
252 3831 457 3904 conspectum,
489 3842 599 3907 eosque
622 3824 669 3907 qui
698 3820 848 3887 Simonem
878 3822 1047 3902 subigerent
1067 3821 1258 3899 deridentem,

106 3948 148 3989 ex
169 3923 296 3987 adverso
319 3922 498 3986 constitisse.
544 3923 622 3987 Tum
641 3925 676 3988 ad
692 3945 817 4010 superos
832 3943 899 4007 csse
917 3923 1100 4005 subrectum,
1125 3946 1189 3988 cnm
1208 3947 1260 4009 pro

106 4049 140 4091 se
155 4025 303 4112 figendum
315 4020 465 4087 Simonem
483 4024 695 4106 substituisset,
720 4025 849 4108 nihilque
867 4024 941 4088 adeo
959 4046 1127 4110 perpessum
1145 4028 1174 4089 in
1193 4046 1261 4089 coe-

107 4131 164 4192 lum
185 4128 334 4193 evolasse.
373 4121 491 4188 loterea
505 4124 621 4204 Simon,
645 4148 704 4190 uon
719 4124 856 4191 Christus
873 4127 902 4188 in
920 4149 1036 4191 crucem
1054 4129 1185 4192 sublatos
1202 4140 1259 4190 εει.

107 4229 299 4309 lesensium,
319 4229 371 4306 ait,
393 4226 422 4290 in
440 4227 553 4291 coelum
574 4240 695 4293 evectus
705 4227 839 4292 Virtutes
856 4251 957 4293 omnes
977 4232 1152 4316 penetravit,
1169 4231 1262 4294 donee

107 4410 198 4468 radron
215 4412 288 4470 ἰιεκα
304 4418 356 4467 coo.
372 4418 469 4479 Rbedip.
484 4421 505 4465 et
520 4416 577 4465 editi
591 4417 651 4465 tibri.
703 4432 789 4483 φασιν
805 4423 889 4482 reticui
904 4423 964 4472 libri.

145 4482 204 4532 Gar.
220 4484 264 4534 ιιι.
288 4512 323 4525 -
360 4487 383 4538 1.
410 4481 669 4552 μεταμεμαρφωκέεαι
735 4487 761 4537 ⁴2.
778 4488 983 4554 παραδεδωκέναι
1002 4491 1053 4539 cod.
1075 4492 1146 4538 l'atie.
1168 4496 1188 4539 at
1210 4492 1263 4537 edit.

107 4554 160 4605 aad.
181 4553 505 4606 venumducebatur.
538 4546 669 4620 μεταμόρ-
702 4557 804 4606 Patauii.
829 4557 1031 4624 espencaeum.
1050 4560 1145 4618 hhedtp.
