3046 5084
262 322 324 384 666
681 330 802 382 θλΝίίΤί
819 330 986 382 ΕΡΙΡΗΑΝΙΙ

261 448 315 513 ούκ
335 452 508 534 ἐγείρονται,
539 447 608 513 οῦδὲ
623 446 749 531 Χριστός
766 445 929 533 ἐγήγερται·
959 449 1011 513 καὶ
1028 449 1055 512 εί
1075 445 1205 533 Χριστός
1223 446 1281 515 οῦκ
1296 448 1414 535 ἐγήγερ·

261 579 324 630 ται,
354 551 479 633 μάταιον
500 549 532 617 τό
551 551 687 635 κήρυγμα
705 548 802 632 ἡμῶν·
831 552 880 614 καί
898 548 969 632 μετά
986 558 1077 614 ταῦτα
1092 550 1204 631 πάντα,
1236 559 1294 617 Δεῖ
1309 551 1365 637 γάρ
1379 552 1413 619 εδ

261 654 375 735 θνητόν
393 662 478 720 τοῦτο
499 653 679 719 ἐνδύσασθαι
695 651 877 729 ἀθανασίαν,
906 655 958 716 καί
977 651 1010 717 τό
1028 652 1169 737 φθαρτόν
1185 661 1274 720 τοῦτο
1293 654 1411 721 ἐνδύσα-

261 767 332 822 σθαι
350 754 530 839 ἀφθαρσίαν.
577 759 637 821 Καὶ
652 753 706 821 ούκ
724 752 801 833 εἷπε,
829 753 868 819 Τό
884 753 998 837 θνητόν
1013 763 1100 821 τοῦτο
1118 763 1251 839 χωρῆσαι
1265 756 1323 839 τήν
1337 754 1410 823 ἀθα-

137 923 140 928 ,
260 864 382 939 νασίαν,
412 857 448 940 ἢ,
481 858 520 924 Τό
543 858 681 939 φθαρτόν
702 865 788 923 τοῦτο
809 864 939 942 χωρῆσαι
959 855 1014 939 τήν
1036 855 1224 939 ἀφθαρσίαν,
1253 856 1342 939 ἀλλά,
1373 857 1412 925 λδ

261 960 374 1043 θνητόν
388 963 439 1026 καλ
458 969 491 1007 ⁶⁶
503 961 640 1046 φθαρτόν
655 959 836 1026 ἐνδύσασθαι
852 958 1026 1045 ἀφθαρσίαν
1039 961 1090 1024 καλ
1104 957 1283 1027 ἀθανασίαν.
1318 968 1414 1029 Ποῖον

260 1066 293 1129 δέ
309 1067 367 1130 ἐστι
382 1064 510 1147 θνητόν,
535 1063 593 1128 ἀλλ’
610 1062 630 1146 ἢ
645 1062 677 1127 τό
693 1071 777 1145 σῶμα
794 1062 827 1128 τδ
846 1060 882 1127 ού
895 1070 1030 1147 χωρῆσαν
1045 1065 1077 1128 ἐν
1093 1060 1172 1151 αύτῷ
1191 1060 1286 1144 μόνον
1299 1060 1413 1129 ἀθανα-

260 1171 340 1245 σίαν,
371 1165 441 1231 ἀλλά
454 1170 505 1231 καί
523 1170 706 1250 66οίκῆσαυ,
735 1168 785 1230 καί
803 1167 904 1247 μέλλον
920 1164 1077 1230 ἐνδύεσθαι
1092 1164 1147 1247 τὴν
1162 1163 1348 1245 ἀθανασίαν,
1377 1164 1414 1233 ού

259 1276 312 1332 τοῦ
329 1270 465 1351 σώματος
482 1267 720 1352 ἀποβαλλομένου
743 1270 793 1333 καὶ
814 1274 866 1348 τῆς
882 1274 995 1349 ψυχῆς,
1024 1275 1077 1349 τῆς
1092 1266 1132 1349 μή
1147 1265 1412 1351 ἀποθνησκούσας,

260 1373 439 1454 ἐνδυομένης
455 1370 633 1449 ἀθανασίαν,
665 1369 734 1434 ἀλλά
756 1378 810 1435 τοῦ
826 1378 941 1452 θνητοῦ
958 1372 1136 1452 ἐνδυομένου
1158 1368 1214 1453 τήν
1231 1368 1412 1451 ἀθανασίαν,

259 1475 309 1537 καὶ
328 1482 381 1538 τοῦ
401 1481 541 1558 φθαρτοῦ
558 1472 747 1554 ἀφθαρσίαν,
779 1474 907 1537 τουτέστι
925 1480 978 1538 τοῦ
995 1472 1144 1555 σῶματοςς
1174 1470 1267 1539 αύταῦ
1284 1472 1343 1559 γάρ
1361 1476 1412 1539 καλ

258 1575 392 1651 θάνατός
409 1579 468 1641 ἐστι
485 1578 534 1641 καί
555 1573 660 1659 φθορά
677 1574 869 1659 πρόςκαιρος,
900 1574 949 1640 διά
967 1574 1020 1657 τὴν
1033 1575 1116 1640 λύσιν
1133 1573 1187 1658 τὴν
1203 1578 1412 1659 ἐπενεχθεῖσαν

258 1676 337 1766 αύτῷ
355 1677 404 1742 διά
420 1687 473 1761 της
488 1686 540 1743 τοῦ
551 1676 643 1760 Ἀδάμ
658 1685 819 1760 παρακοῆς.
853 1676 921 1742 Ὅτι
937 1679 968 1742 δέ
982 1680 1049 1762 περὶ
1062 1684 1121 1742 τῶν
1134 1684 1304 1759 μελλουσῶν
1318 1701 1411 1761 φησιν

258 1784 289 1844 ἐν
311 1778 389 1868 αύτῷ
410 1788 591 1846 τελειοῦσθαι
614 1779 782 1865 εύεργεσιῶν
804 1779 852 1845 διά
872 1787 926 1862 τῆς
946 1778 1145 1863 ύποσχέσεως,
1173 1778 1205 1846 εδ
1221 1788 1410 1867 πληροῦσθαι

261 1886 472 1964 ὅῖἐνσιγμαίνει
493 1885 599 1968 λέγων,
636 1882 706 1948 Τότε
727 1882 876 1968 γενήσεται
896 1880 1016 1968 όλόγος
1035 1879 1053 1947 ό
1071 1884 1286 1968 γεγραμμένος,
1320 1888 1410 1949 Κατε-

258 1984 344 2069 πόθη
366 1983 384 2050 ό
406 1984 536 2061 θάνατος
558 1989 599 2061 είς
621 1995 716 2061 νῖκος·
746 1989 795 2050 ίνα
817 1984 932 2073 σημάνη
953 1983 1008 2068 τὴν
1028 1983 1093 2050 τότε
1111 1986 1274 2067 μέλλουσαν
1291 1988 1412 2053 luccam

258 2095 369 2173 νεκρῶν
383 2085 548 2152 ἀντίστασιν.
584 2086 703 2170 Ἐπειδὴ
718 2087 872 2169 κατεπόθη
887 2086 905 2152 0‘
918 2086 1050 2163 θάνατος
1064 2085 1123 2152 ἀπδ
1139 2088 1248 2172 μέρους
1261 2090 1295 2153 ἐν
1309 2092 1410 2179 τῇτοῦ

261 2196 391 2273 Χριστοῦ
405 2189 567 2269 ἀναστάσει,
583 2194 705 2254 καὶτῶν
720 2191 774 2254 σύν
789 2188 868 2278 αύτῷ
882 2188 1078 2255 ἀναστάντων.
1111 2188 1230 2273 Ἀνέστη
1246 2190 1302 2276 γάρ
1319 2188 1411 2259 πολλιί

257 2291 377 2375 σώματα
391 2299 449 2357 τῶν
464 2290 569 2377 ἀγίιον,
591 2291 633 2368 δίς
650 2314 724 2375 φησι
738 2290 772 2357 τό
790 2290 970 2377 εὐαγγέλιον,
993 2294 1044 2357 καὶ
1062 2300 1257 2376 συνειςῆλθον
1274 2290 1356 2383 αύτῷ
1371 2296 1412 2371 είς

256 2392 310 2476 τὴν
325 2392 410 2480 ἀγίαυ
426 2393 518 2458 πόλιν.
567 2393 637 2460 Τότε
652 2396 683 2459 δὲ
701 2397 741 2470 είς
756 2404 837 2470 νῖκος
855 2399 1057 2475 καταπίνεται,
1081 2396 1130 2461 ὅτε
1145 2393 1205 2461 ἀπδ
1222 2393 1347 2463 πάντων
1360 2422 1427 2485 τις,

257 2505 387 2573 θολικῶς
409 2496 599 2578 ἀφαντοῦται.
1437 2486 1440 2493 ’

135 2908 186 2954 1²¹1·
199 2898 244 2942 σσσ.
493 2893 570 2947 ΤΗΣ
595 2892 695 2947 ΠΡΟΣ
720 2890 944 2946 ΚΟΡΙΝΘΙΟΥΣ
969 2890 1166 2947 ΔΕΥΤΕΡΑΣ.

338 3010 423 3091 Αῦτη
445 3012 476 3075 δὲ
499 3016 579 3095 τρίτη
602 3020 694 3075 κεῖται
717 3008 797 3095 παρά
818 3016 859 3097 τῷ
876 3012 1046 3094 Μαρκίωνι.
1090 3010 1347 3097 Μετηλλαγμίνοις
1366 3010 1409 3090 δέ,

258 3113 308 3179 διά
330 3112 363 3178 τό
387 3111 505 3196 πρώτην
526 3111 594 3198 παρ’
616 3110 695 3201 αύτςῦ
716 3110 856 3195 τετύχθαι
877 3109 931 3194 τήν
954 3110 1031 3195 πρός
1053 3110 1194 3189 Γαλιίτας.

340 3215 367 3280 α’
385 3218 435 3280 καί
451 3213 491 3280 κε’
509 3215 596 3299 Σχόλ.
633 3221 775 3279 6λ’Πῦισαι
798 3213 853 3300 γάρ
880 3217 913 3278 αἱ
933 3216 1099 3299 ἐπαγγελίαι
1120 3222 1197 3281 θεοῦ
1219 3216 1254 3283 ἐν
1274 3212 1408 3307 αῦτᾷτδ

259 3325 335 3384 Ναί·
359 3317 404 3384 διδ
427 3321 477 3384 καί
499 3318 535 3383 δι’
558 3315 649 3383 αῦτοῦ
671 3317 704 3381 τό
726 3316 818 3400 Ἀμήν
839 3324 881 3404 τῷ
902 3323 975 3403 θεῷ.

340 3422 366 3486 α’
385 3423 435 3486 καλ
450 3420 489 3486 κε’
502 3420 618 3505 Ἔλεγχ.
653 3418 812 3498 Διάνοιξον
835 3418 905 3494 τούς
929 3417 1106 3503 ὀφθαλμούς
1129 3442 1187 3487 σου
1208 3422 1261 3487 καλ
1284 3418 1411 3505 σι’θηει,

256 3518 280 3590 ἀ
298 3530 455 3609 Μαρκίαν.
501 3527 542 3587 Εἰ
556 3525 588 3588 δέ
604 3521 640 3588 σύ
657 3521 754 3588 ούκέτι
771 3520 907 3601 δύνασαι,
929 3520 1130 3605 τετελεύτηκας
1144 3520 1213 3610 γάρ,
1234 3526 1269 3589 οί
1280 3520 1341 3591 ἀπό
1355 3530 1411 3591 σοῦ

256 3626 456 3709 ἀπατηθέντες
471 3625 670 3703 ἀνοιξάτοισαν
683 3624 753 3700 τοῦς
766 3622 945 3707 ὀφθαλμούς
958 3622 1072 3703 αὐτῶν,
1093 3628 1146 3691 καλ
1159 3626 1337 3711 φυγίεασαν
1349 3622 1410 3695 M

256 3738 312 3795 σοῦ
326 3728 367 3805 ῶς
382 3728 441 3795 ἀπδ
457 3732 579 3813 ἑρπετοῦ
592 3732 692 3794 δεινοῦ
707 3730 758 3792 καί
770 3729 988 3810 λυμαινομένου
1000 3726 1071 3805 τοῦς
1083 3729 1256 3813 ἐγγίζοντας.
1299 3730 1344 3795 Et
1353 3726 1411 3817 γδρ

257 3834 322 3899 λίσαι
339 3836 503 3918 ἐπαγγελίαι
517 3840 594 3897 θεοῦ
608 3835 639 3896 ἐν
655 3829 734 3918 αύτῷ
748 3828 781 3895 τύ
798 3832 869 3909 Ναί,
888 3832 1058 3916 ἐπαγγελίας
1073 3830 1106 3896 δέ
1118 3836 1196 3897 θεοῦ
1209 3826 1292 3897 σίδαν
1304 3826 1324 3897 ό
1336 3828 1412 3901 τίνα’-

256 3945 357 4015 στολος
376 3935 426 4000 διά
442 3942 494 3999 τοῦ
512 3934 608 4017 νόμου
624 3937 675 3999 καὶ
692 3941 750 3999 τῶν
767 3938 946 4018 προφητῶν,
977 3932 1035 4018 ἀρα
1053 3958 1086 4018 γε
1103 3934 1137 3999 έν
1154 3940 1274 4023 Χριστῷ
1295 3930 1412 4009 τάΝιλ

256 4047 315 4103 τῶν
337 4042 514 4123 ἐπαγγελιῶν
535 4045 588 4102 τοῦ
609 4035 803 4122 πληρώματος
826 4038 1007 4119 ἐβεβαιοῦτο.
1054 4033 1119 4101 Ούιι
1141 4032 1294 4121 ἀλλότριος
1314 4028 1412 4105 σῦνῦ

260 4141 388 4221 Χριστός
407 4148 460 4206 τοῦ
477 4148 606 4205 παλαιοῦ
624 4139 718 4222 νόμου
740 4142 791 4205 καί
813 4146 874 4204 τῶν
890 4144 1071 4225 προφητῶν,
1101 4134 1172 4205 οῦδέ
1191 4144 1245 4205 τοῦ
1260 4144 1341 4207 θεοῦ
1356 4148 1412 4209 τοῦ

256 4242 435 4325 λαλήσαντος
452 4246 484 4308 ἐν
499 4250 539 4332 τῷ
554 4241 652 4331 νόμῳ,
681 4244 732 4307 καλ
745 4245 783 4307 ἐν
801 4248 918 4330 Χριστῷ
936 4240 989 4317 τάς
1005 4238 1098 4307 αύτσῦ
1114 4242 1285 4329 ἐπαγγελίας
1300 4250 1412 4329 κηλη-

288 4434 329 4485 65.
347 4438 412 4485 Libri
428 4438 483 4486 editi
499 4437 605 4486 mendose
622 4428 757 4501 ἄφθαρτοι.
882 4431 924 4485 ῦῗ.
941 4431 1086 4500 ἐνσημαίνει
1108 4448 1158 4499 τρο.
1190 4434 1257 4485 md
1272 4436 1358 4487 ΜΗ
1377 4452 1413 4505 με

288 4500 329 4554 (56.
348 4506 475 4553 Carnarius
490 4508 572 4554 υετίίλε
588 4503 634 4552 sed
650 4503 725 4552 etiam
741 4501 814 4553 habi·
849 4500 974 4568 σημαίνει
1001 4505 1129 4553 commus
1141 4504 1225 4553 νιτίίίε
1237 4502 1413 4565 Quodam

257 4570 351 4623 tatione
368 4571 468 4637 excipit.
849 4569 881 4619 de
897 4568 1055 4636 perficiendi·
1069 4570 1096 4621 in
1108 4568 1165 4639 ἰμα
1179 4566 1354 4625 bacin&
1365 4588 1412 4643 μ
