3046 5084
399 372 534 426 PANARH
550 374 614 427 Iulii.
626 375 646 426 t.
663 373 745 428 TOM.
758 375 802 427 111.
818 375 918 429 1111111.
929 377 1010 430 xttt.
1220 370 1281 431 645

133 513 207 560 vero
222 493 250 558 si
268 514 387 561 caruem
407 515 490 559 suam
506 493 724 574 crucifixerint,
754 493 818 559 deri
836 517 894 560 non
910 508 1024 582 potest,
1058 499 1126 583 quio
1144 518 1213 562 caro
1229 520 1282 582 pro

134 591 254 662 Christo
277 617 414 683 perpessa
436 619 502 662 cum
522 593 650 662 Christo
660 597 770 682 pariter
786 609 907 680 regnet,
938 600 965 662 id
988 600 1063 683 quod
1085 600 1142 663 atio
1164 601 1193 662 io
1217 600 1281 665 ioco

133 699 179 762 his
197 699 296 763 verhis
313 700 494 764 demonstrat
510 699 677 784 apostotuss
710 703 795 761 Sicut
810 705 883 761 socii
892 706 1054 782 passionum
1074 705 1184 764 Chresti
1199 709 1278 778 estus,
1294 717 1374 761 nom¹
1384 720 1402 772 ι,
1413 721 1431 762 r.

132 806 172 865 ito
193 813 224 864 et
239 806 362 882 glomite.

216 901 319 969 Schoh
339 900 426 967 Vill.
460 907 557 986 Neque
577 909 649 966 entia
669 909 722 986 qui
739 909 979 968 cheamorduutur
1002 911 1059 986 ipsi
1078 910 1165 987 legem
1187 919 1279 969 eusto-
1294 923 1418 976 ostem.

131 1013 221 1072 dicut.

196 1104 317 1175 ‘Reium
337 1105 422 1173 Viii.
457 1106 528 1171 Non
549 1107 639 1192 igitur
660 1129 713 1172 suo
732 1118 864 1193 ternpore
882 1110 1026 1195 prohibita
1048 1122 1133 1175 retus
1155 1111 1204 1174 itta
1223 1111 1280 1174 cir·

131 1212 270 1277 conscisio
287 1211 350 1290 tuis,
375 1212 400 1274 si
418 1211 532 1294 quidem
546 1211 640 1295 legem
654 1212 825 1275 custodiret.
871 1209 966 1276 Porro
978 1214 1028 1277 tex
1043 1210 1191 1278 Christum
1207 1235 1280 1277 nuo·

130 1315 222 1379 daim
236 1314 345 1378 idcirco
364 1313 547 1392 venientem,
576 1323 608 1376 ut
623 1313 717 1398 iugem
733 1313 864 1377 liberatis
880 1315 1017 1394 afferret,
1046 1315 1128 1379 cuius
1144 1316 1194 1379 itta
1209 1317 1281 1400 figu-

131 1437 191 1483 ram
213 1416 372 1502 expressit.
418 1413 601 1500 Quicumque
625 1435 698 1479 vero
720 1416 813 1480 adhuc
837 1416 866 1479 io
891 1416 940 1480 itta
962 1417 1133 1502 signantur,
1165 1419 1280 1482 tametsi

129 1521 224 1606 legem
241 1540 356 1583 omnem
371 1518 547 1596 observent,
579 1538 638 1582 noo
658 1529 753 1582 tamen
776 1519 812 1582 iis
828 1518 996 1584 observatio
1017 1520 1074 1584 ista
1097 1520 1169 1606 tegis
1187 1521 1279 1607 impu-

130 1621 249 1688 tabitur.
296 1618 371 1686 Cum
385 1622 462 1685 enim
478 1619 527 1684 tex
543 1621 579 1684 de
594 1615 714 1684 Christo
732 1612 929 1706 praedixerit:
953 1627 1117 1702 &mictum
1131 1627 1279 1686 suscitabit
1292 1639 1430 1694 uenerem.

130 1728 208 1789 uades
224 1729 351 1787 dommus
367 1728 435 1786 deus
449 1725 620 1806 efrstridus
636 1727 704 1785 meis
719 1728 865 1799 sucurram,-
898 1730 987 1804 ipsum
1002 1729 1140 1787 cudretus:
1176 1727 1224 1811 qui
1240 1747 1279 1790 ex

128 1828 188 1892 iltis
200 1823 349 1892 Christum
365 1847 422 1889 nou
439 1825 594 1904 audierint,
613 1825 715 1888 horum
729 1825 912 1888 circumcisio
928 1827 1067 1911 praeputii
1082 1829 1174 1891 instar
1190 1829 1278 1892 aesti-

128 1939 240 2008 metur,
271 1930 391 2013 ipsaque
407 1928 482 2012 iugis
499 1927 667 1991 observatio
686 1926 852 1993 observatio
870 1950 936 1992 esse
954 1929 1071 1993 desinit.
1117 1928 1173 1993 Est
1189 1931 1278 2014 igitur

128 2033 206 2098 hona
226 2031 341 2117 quidem
363 2031 429 2110 lex,
462 2031 596 2114 bonaque
619 2029 820 2110 circumcisio,
852 2053 923 2114 quas
943 2028 1092 2095 Christum
1110 2029 1278 2116 Christique

128 2135 332 2222 perfectiorem
353 2134 448 2217 legem
471 2154 505 2197 ao
526 2132 776 2197 circumcisionem
798 2133 1001 2217 cognovimus.

161 2444 209 2496 EX
234 2443 395 2496 EPISTOLA
420 2444 465 2494 AD
491 2440 707 2504 CORINTHIOS,
734 2441 832 2504 Qttstt
855 2442 920 2493 tsTt
944 2441 1088 2492 Ptttttrtnts
1112 2442 1154 2493 AC
1178 2443 1242 2494 NOS

459 2527 613 2579 SECUNDO
637 2526 723 2578 Loco
747 2527 946 2578 NUMERANT.

214 2645 315 2713 Schoi.
338 2645 399 2712 iet
416 2645 472 2712 ΙΧ.
506 2652 649 2728 Scriptum
670 2659 713 2709 est
733 2652 819 2721 euuiu,
852 2652 968 2709 Perdam
986 2653 1149 2729 sapientium
1166 2655 1276 2732 sapt'eu·
1288 2656 1428 2719 tcmluts.

129 2765 203 2828 tum,
227 2764 258 2814 ct
271 2757 451 2833 prudentium
469 2755 649 2833 prudentium
670 2751 834 2832 reprobabo.

212 2854 316 2920 Reiut.
335 2851 349 2917 1
366 2865 397 2918 et
413 2850 470 2917 1Χ.
508 2851 750 2937 Quandoquidem
767 2873 807 2916 ex
822 2853 858 2915 iis
877 2873 951 2937 quae
970 2875 987 2916 a
1005 2853 1152 2939 prophetis
1169 2855 1277 2941 scripta

128 2968 197 3023 suot
224 2957 374 3044 apostolus
399 2957 434 3020 ad
461 2956 594 3020 veritatis
616 2956 807 3039 sinceraeque
829 2955 979 3018 doetrinae
1004 2956 1165 3022 faciendam
1192 2959 1276 3022 tidem

127 3062 316 3125 auctoritates
333 3060 646 3144 arcessituequaquam
662 3080 681 3122 a
695 3058 831 3137 veritate,
857 3080 911 3122 nec
928 3081 944 3122 a
961 3058 1037 3122 hono
1053 3059 1184 3145 bonaque
1199 3061 1276 3125 iiiios

128 3162 294 3250 disciplina,
321 3162 479 3248 prophetae
501 3162 676 3246 segregandi
698 3171 777 3224 sunt.

210 3263 312 3331 Schol.
329 3261 359 3328 11
375 3277 404 3328 et
418 3261 461 3328 X.
499 3269 550 3340 tu,
574 3269 799 3346 queamdmodum
816 3271 951 3347 sortptum
970 3277 1027 3340 est,
1052 3270 1104 3346 qui
1116 3268 1272 3345 gloriatur,
1289 3279 1345 3323 thio.
1359 3282 1389 3325 ar.

127 3375 157 3432 iu
178 3373 288 3433 domium
307 3372 460 3449 glorr'etur.

211 3471 313 3535 Reiut.
330 3467 360 3533 11
374 3482 403 3533 et
417 3468 460 3533 X.
497 3466 572 3535 Cum
589 3470 613 3534 is
629 3469 677 3554 qui
693 3468 835 3554 gloriator
851 3470 879 3532 in
896 3469 1012 3532 domiuo
1031 3471 1105 3554 apud
1122 3471 1277 3556 prophetas

126 3577 210 3641 laude
229 3574 332 3659 dignos
351 3574 508 3653 habeatur,
540 3573 687 3636 domiuum
707 3594 794 3659 porro
811 3573 956 3657 scriptura
978 3594 1043 3635 eum
1064 3573 1207 3658 intelligat
1229 3573 1277 3659 qui

127 3680 201 3764 legis
216 3679 255 3742 sit
269 3679 358 3756 deus,
383 3698 467 3762 quem
484 3687 531 3756 tu,
553 3673 687 3756 Marcio,
712 3674 838 3740 iudicem
855 3687 884 3738 et
901 3672 1091 3756 Creatorem,
1116 3698 1149 3741 ac
1166 3673 1276 3742 lustum

126 3781 277 3860 nominas,
302 3802 360 3844 oon
376 3791 472 3866 potest
487 3780 533 3843 hic
552 3780 625 3844 alius
643 3799 812 3864 essequam
830 3776 940 3843 Christi
959 3790 1059 3864 pater,
1092 3780 1173 3844 cuius
1191 3781 1276 3844 disei-

126 3886 210 3971 pqus
227 3894 274 3948 est
290 3882 414 3966 Paolus3
439 3882 668 3968 quandoquidem
685 3904 702 3947 e
721 3883 878 3968 prophetae
898 3882 1029 3947 doctrina
1045 3883 1174 3967 gentium
1193 3884 1276 3947 iusti·

126 3999 207 4053 totos
229 3983 383 4052 aChristo
403 3987 543 4071 magister
557 3983 683 4066 Paulus,
716 4006 754 4049 ex
771 3985 872 4049 iisdem
891 3985 1007 4069 inquam
1023 3986 1172 4050 doctrinae
1191 3985 1276 4049 tonti-

127 4092 181 4156 bus
199 4090 279 4158 velot
293 4089 482 4155 clarissimam
498 4111 602 4174 aquam
617 4089 773 4167 hauriens,
797 4087 981 4152 commissam
996 4088 1050 4152 sihi
1068 4080 1214 4174 perfundit
1228 4109 1276 4153 ec-

127 4195 257 4259 alesiam.

212 4294 313 4362 Schol.
334 4292 381 4359 111
399 4305 428 4359 et
443 4292 501 4359 ΧΙ.
535 4300 694 4378 bohemum
714 4298 798 4358 hunus
819 4300 922 4372 seculi,
947 4301 998 4378 qui
1015 4307 1197 4360 moueantur.
1289 4320 1402 4381 capus.

160 4554 201 4608 ot.
218 4552 272 4607 stat
286 4559 341 4606 uate
355 4551 397 4607 isa
413 4557 476 4606 obest
491 4569 573 4618 supro.

159 4622 201 4675 tte.
217 4624 261 4675 roh
278 4625 545 4686 mastrucam.
580 4626 617 4675 Eu
629 4624 681 4675 cod.
697 4625 768 4680 tntu.
784 4626 882 4678 restituit
898 4626 1016 4677 Petoutus.
