3046 5084
247 325 307 389 300
660 336 781 388 SANGTI
799 337 967 387 EPIPHANII

247 457 297 520 καί
317 454 387 520 καθ’
406 452 517 538 ἡμέραν
538 452 769 538 προςφερομένη.
816 449 861 515 Οιί
879 450 972 534 μόνον
991 452 1023 516 δὲ
1041 449 1126 517 αὐτοὶ
1143 451 1348 536 προεφήτευον
1365 458 1399 519 οί

248 559 333 641 ἱερεῖς
346 555 532 638 λυθήσεσθαι
546 553 577 619 τό
597 553 762 636 σάββατον,
793 551 843 618 διά
860 560 915 619 τοῦ
931 552 971 636 μὴ
988 550 1103 639 άργεῖν,
1132 552 1203 620 άλλά
1217 557 1269 621 καλ
1285 553 1396 639 αιίτὴῆ

121 693 171 736 pag.
189 681 232 725 ιεο.
247 658 388 743 περιτομὴ
404 661 468 723 ἔλυε
486 657 519 722 τό
537 656 695 739 σάββατον.
739 657 929 738 Γεννωμένου
948 657 981 720 δὲ
996 655 1104 733 παιδός
1122 656 1261 734 πολλάκις
1275 660 1307 723 ἐν
1322 662 1395 739 σαβ-

247 759 327 849 βάτῳ
343 757 491 846 άναίρεσις
508 760 683 847 8σαββάτου
698 755 748 822 διά
762 765 919 842 περιτομῆς
934 761 1048 843 ἐγίνετο.
1092 759 1178 824 Οίίτω
1190 769 1254 836 ταῖς
1267 758 1396 843 άμφοεέ.

248 890 313 949 ραις
329 860 349 946 ἡ
363 862 447 938 λάσις
464 866 701 948 προεθεσπίζετο.
745 864 901 926 Δείκνυται
915 859 970 947 γάρ
986 860 1032 927 ἱίτι
1047 864 1078 926 σί
1090 863 1309 946 περιτέμνοντες
1322 861 1394 929 αιίτδ

247 963 279 1030 τό
294 966 435 1050 γεννηθὲν
448 968 481 1030 ἐν
495 963 632 1053 σαββάτῳ
640 1014 649 1041 ,
672 960 722 1027 ἐάν
734 960 899 1044 θελήσωσιν
913 959 1204 1047 άκριβολογήσασθαι
1215 963 1270 1048 τῆν
1284 962 1396 1051 άγδόην

247 1064 374 1151 ἡμέραν,
398 1064 579 1150 εὑρίσκοντες
595 1068 795 1147 ἐμπίπτουσαν
810 1066 842 1128 ἰν
856 1064 1008 1153 σαββάτῳ,
1030 1067 1081 1130 καὶ
1094 1064 1294 1151 περιτεμόντες
1308 1069 1396 1152 ἔργον

247 1168 433 1255 εἰργάσαντο,
462 1170 513 1232 καί
535 1166 568 1231 τιί
591 1166 739 1249 σάββατον
762 1168 879 1231 έλυσαν·
911 1165 963 1231 ἐάν
982 1168 1014 1232 δὲ
1031 1165 1222 1252 άπίρθωνται
1237 1167 1288 1234 διά
1304 1168 1337 1234 τδ
1354 1167 1396 1252 μή

246 1278 330 1336 λῦσαι
351 1272 384 1336 τό
409 1269 571 1352 σάββατον,
602 1267 689 1357 ἐνάτη
714 1265 818 1333 λοιπόν
838 1270 1040 1352 περιτέμνουσι
1061 1269 1116 1353 τὴν
1139 1269 1315 1356 περιτομὴν,
1343 1274 1396 1336 καί

247 1376 351 1438 ἔλυσαν
367 1373 420 1456 τήν
436 1370 606 1456 περιτομὴν,
628 1372 679 1435 καί
691 1369 743 1435 τόν
759 1371 825 1456 περί
840 1367 931 1453 αιίτῖγς
952 1380 1010 1437 τῶν
1032 1371 1109 1438 όκτιδ
1125 1370 1241 1459 ἡμερῶν
1255 1372 1327 1460 ὅρον
1340 1380 1395 1438 τοῦ

246 1475 473 1563 προςτάγματος.

112 1602 180 1670 Κεφ,
198 1600 244 1670 λγ,
330 1576 413 1642 Ἀλλά
430 1575 497 1642 οίίτε
516 1568 552 1658 ἦν
567 1578 657 1640 τελεία
674 1572 694 1657 ἡ
710 1573 812 1659 πρώτη
830 1575 981 1660 περιτομὴ,
1004 1574 1075 1642 άλλοί
1093 1581 1213 1660 σημείου
1230 1575 1315 1662 χάριν
1329 1576 1395 1644 ἐδό-

246 1692 305 1764 θη,
327 1685 370 1756 είς
383 1706 413 1745 τε
429 1678 594 1761 ὑπόμνησιν
611 1675 708 1743 αὐτῶν
734 1676 804 1760 μετά
824 1685 932 1758 ταῦτα,
954 1681 1005 1745 καί
1025 1679 1074 1745 διά
1097 1678 1149 1745 τόν
1165 1679 1323 1764 διοταγμὸν
1340 1687 1396 1746 τοῦ

251 1781 422 1871 1Ἀβραάμ,
445 1778 485 1856 τίς
497 1786 678 1866 προείρηται,
700 1783 939 1862 έπιτιμηθέντος·
962 1784 1013 1847 καὶ
1028 1780 1124 1848 τόπον
1141 1785 1226 1849 ἕνεκα
1240 1789 1293 1865 τῆς
1306 1781 1395 1868 μεγά-

247 1896 298 1969 λης
323 1893 376 1968 τῆς
396 1884 432 1950 τά
456 1883 554 1948 πάντα
579 1881 641 1949 κατ’
668 1882 785 1966 ἰσότητα
806 1881 974 1968 πληροάσης
999 1886 1030 1949 έν
1057 1894 1120 1961 τοῖς
1145 1887 1396 1968 καταξιουμίνοις.

246 1988 356 2070 Ἐκείνη
376 1988 427 2070 μέν
443 1985 499 2072 γάρ
517 1989 544 2051 εί
565 1979 603 2068 ἦν
620 1983 749 2071 άγιστίας
765 1988 864 2063 ἕνεκα,
885 1988 937 2051 καί
953 1990 1148 2071 κληρονομίας
1162 1985 1298 2073 οιίρανοῖν
1313 1991 1397 2070 βασι-

246 2096 322 2168 λείας
345 2089 444 2175 χάριν,
474 2087 532 2173 άρα
549 2091 696 2173 ἐστέρηται
711 2087 815 2174 Σάρρα
834 2095 885 2170 τῆς
907 2093 1067 2171 βασιλείας,
1095 2093 1146 2155 καί
1167 2088 1317 2173 Ῥεβέκκα,
1343 2093 1397 2157 καλ

246 2199 322 2274 Ata,
344 2195 395 2258 καὶ
411 2190 528 2275 Ῥαχὴλ,
549 2194 601 2257 καὶ
617 2190 773 2275 ’ίωχαβίθ,
795 2195 845 2256 καί
862 2195 969 2275 Μαρία
987 2189 1008 2274 ἡ
1024 2190 1136 2275 άδελφη
1152 2194 1323 2272 Μωυσέως,
1343 2197 1395 2260 καί

247 2305 338 2362 πᾶσαι
360 2300 394 2361 αί
417 2295 497 2380 άγιαι
521 2303 671 2380 γυναῖκες,
702 2296 752 2360 καί
778 2291 814 2359 οιί
836 2292 1013 2377 δυνήσονται
1036 2302 1226 2379 κληρονομεῖν
1248 2300 1396 2379 βασιλείαν

247 2398 399 2485 οὐρανῶν,
422 2397 462 2480 μή
481 2402 656 2479 δυνηθεῖσαι
669 2395 722 2479 τὴν
738 2395 898 2481 περιτομήν
913 2405 967 2462 τοῦ
988 2394 1123 2481 Ἁβραάμ
1143 2400 1234 2481 ἔχειν,
1263 2397 1302 2481 ἢν
1320 2397 1394 2475 θεάς

247 2501 327 2591 αὐτῷ
345 2500 521 2585 δεδώρηται,
543 2499 618 2565 κατά
631 2498 684 2565 τόν
701 2497 814 2564 τούτων
829 2497 925 2584 λόγον.
969 2503 1012 2564 Εἰ
1028 2501 1062 2565 δὲ
1081 2497 1137 2566 οὐκ
1159 2502 1324 2586 ἐστέρηνται
1337 2493 1392 2565 πά·

246 2633 293 2670 ται
309 2612 361 2687 τῆς
380 2607 525 2686 βασιλείας
546 2609 605 2667 τῶν
623 2600 776 2688 οιίρανῶν,
807 2605 856 2667 καί
879 2628 925 2667 τοι
946 2599 984 2668 σά
1003 2611 1205 2686 μετεσχηκυῖαι
1223 2610 1389 2690 πιριτομῆς,

248 2705 333 2773 οὐδὲν
355 2703 412 2788 άρα
432 2704 522 2787 ἰοχάει
543 2702 564 2787 ἦ
586 2712 639 2770 νῦν
662 2708 803 2789 ένσαρκος
827 2704 978 2790 περιτομή.
1026 2711 1061 2771 Τί
1076 2706 1107 2770 δὲ
1122 2713 1264 2789 κανχᾶται
1285 2703 1391 2790 Ἑβίνιν

247 2807 423 2893 περιτομὴν,
453 2804 542 2872 ὁπότε
565 2809 616 2873 καὶ
644 2811 675 2873 οί
699 2806 905 2894 εἰδωλολάτραι
931 2810 981 2874 καλ
1008 2811 1131 2896 ’μιαροὶ
1155 2812 1242 2893 ἱερεῖς
1263 2816 1322 2876 τοῖν
1338 2812 1394 2875 Αί-

247 2915 379 2997 γνπτίων
397 2908 557 2995 περιτομὴν
576 2913 700 2992 ἔχουσιν.
742 2908 826 2975 Ἀλλά
847 2912 898 2976 καί
914 2914 946 2976 οί
960 2913 1149 2997 Σαρακηνολ,
1171 2917 1203 2978 οἳ
1217 2914 1269 2977 καί
1280 2910 1394 2996 Ἰσμαη-

247 3023 338 3093 λῖται,
359 3010 520 3099 περιτομὴν
542 3016 654 3096 έχουσι,
683 3015 734 3078 καί
756 3020 952 3099 Σαμαρεῖται,
982 3017 1033 3079 καί
1048 3012 1200 3094 Ἰουδαῖοι,
1230 3016 1282 3080 καλ
1302 3011 1393 3083 Ἰδου-

248 3128 331 3202 μαῖον
338 3170 347 3197 ,
377 3119 427 3182 καί
449 3114 611 3201 Ὁμηρῖται.
667 3115 786 3181 Τούτων
809 3116 841 3180 δὲ
864 3120 895 3181 οί
916 3120 1033 3193 πλείους
1057 3114 1094 3183 σά
1118 3114 1167 3183 διά
1188 3115 1282 3201 νόμον
1304 3125 1394 3185 τοῦτο

245 3228 397 3301 ποιοῦσιν,
420 3216 490 3284 άλλά
512 3217 607 3307 άλόγιμ
628 3221 685 3285 τινί
707 3222 859 3308 συνηθείᾳ.

334 3534 395 3596 Καὶ
412 3527 512 3604 άπλῶς
527 3525 619 3593 πολδν
643 3525 748 3612 χρόνον
770 3524 910 3592 άναλσίσω
928 3526 1177 3615 κατατριβόμενος
1197 3530 1238 3604 εἰς
1254 3524 1307 3611 τὴν
1322 3526 1392 3593 τοό·

248 3660 302 3699 τσυ
319 3637 492 3723 ληρῳδίαν,·
512 3630 561 3698 διά
581 3629 614 3697 τδ
635 3633 837 3716 ἕπερείδεσθαι
855 3627 946 3695 αὐτόν
967 3629 1060 3714 μάτην
1081 3638 1122 3720 τῷ
1142 3622 1259 3721 βητῷςδ
1278 3632 1395 3717 εἰρηκεν

249 3734 266 3802 ὁ
284 3736 395 3822 σωτὴρ,
425 3735 547 3820 άρκετδν
565 3742 605 3824 τῷ
621 3741 741 3823 μαθητῇ
759 3731 833 3800 εἰναι
852 3731 892 3809 νίς
910 3730 928 3799 ὁ
946 3732 1137 3814 διδάσκαλος,
1165 3738 1217 3800 ίνα
1235 3736 1285 3800 καλ
1302 3730 1395 3813 αιίτδς

249 3838 424 3923 σεμνύνηται
438 3839 491 3923 τὴν
510 3843 587 3904 ἰδίαν
603 3836 778 3922 περιτομήν,
800 3835 851 3902 διά
866 3835 921 3920 τὴν
941 3842 994 3903 τοῦ
1012 3843 1142 3923 Χριστοῦ
1162 3835 1322 3923 περιτομὴν
1337 3836 1394 3921 τὴν

250 3940 378 4031 έναιίτῷ
398 3949 494 4018 καλῶς
510 3949 740 4028 περιτμηθεῖσαν
764 3941 837 4005 λκαλ
861 3937 898 4005 δι’
920 3936 1013 4007 αιίτοῦ
1034 3949 1256 4006 καταλυθεῖσαν.
1289 3938 1395 4023 Ὅμως

250 4044 350 4129 ἐπειδὴ
375 4044 509 4129 βούλεται
527 4043 545 4110 α’
562 4044 716 4128 κτηνοίδης
733 4042 784 4109 διά
802 4040 857 4127 τὴν
874 4040 951 4129 πρδς
964 4042 1018 4109 τόν
1034 4042 1164 4128 Χριστόν
1183 4048 1302 4127 μίμησιν
1320 4048 1393 4127 λαμ·

251 4150 351 4236 βάνειν
370 4156 475 4214 τοῦτον
488 4147 541 4215 τόν
556 4147 658 4234 λόγον,
681 4144 738 4213 οὐκ
753 4144 869 4230 ὀκνήσω
882 4150 975 4224 δεῖξαι
989 4145 1035 4213 ὅτι
1051 4143 1088 4212 ον’
1103 4144 1153 4213 διά
1167 4153 1254 4213 τοῦτο
1271 4149 1393 4231 εἴρηται.

136 4288 185 4338 μς.
197 4272 242 4318 m.
256 4251 366 4329 Εάθάς
382 4251 435 4339 γάρ
452 4251 555 4338 φράζει
571 4248 588 4316 ὁ
602 4251 706 4336 κύριος
721 4252 811 4337 λέγων
832 4249 877 4316 ι’ίτι
899 4247 937 4316 οιί
958 4247 1008 4315 διά
1029 4256 1115 4316 τοῦτο
1133 4246 1228 4328 εἶπεν,
1249 4246 1321 4313 άλλτλ
1341 4246 1395 4315 διά

251 4355 319 4435 τοάς
336 4355 493 4441 διωγμοάς,
515 4357 566 4420 καί
580 4352 634 4436 την
650 4361 708 4420 τῶν
719 4352 869 4420 Ἰουδαίων
886 4356 927 4430 είς
942 4350 1032 4419 αιίτιίν
1046 4356 1211 4439 παροινίαν,
1225 4354 1276 4417 καί
1289 4374 1393 4434 φησιν,

292 4511 460 4584 ἃσαββάταυ
474 4513 518 4568 καλ
538 4515 675 4580 περιτομῆς
693 4516 743 4565 τοο.
758 4517 805 4568 Va·
839 4512 1075 4633 ωὲιχχῆλξΧΧλλλ.
1097 4538 1131 4551 -
1161 4506 1184 4562 1.
1199 4503 1273 4576 ἁγίου
1286 4504 1396 4580 άβριιὰμ

253 4595 290 4644 tie.
972 4616 980 4632 0
