3046 5084
383 306 517 357 rausum
535 307 610 358 sur.
625 306 795 358 amasses
816 307 881 359 uta.
896 308 915 359 t.
932 308 1011 359 rora.
1025 309 1057 359 tt.
1234 299 1289 358 141

148 423 278 507 ignotum
303 424 359 489 sibi
382 435 463 489 esset
485 424 653 487 efficerent?
699 422 842 503 Minime,
873 425 982 509 inquit,
1014 427 1205 508 ignorabant,
1236 428 1295 491 imo

149 526 217 610 quid
236 526 327 591 acturi
346 538 449 591 assem
463 525 683 588 intellexerant.
728 525 790 588 Aut
805 525 894 607 igitur
909 529 943 590 ad
960 527 1028 590 illud
1047 528 1157 591 lacinus
1174 550 1296 612 aggres-

148 647 234 690 suros
256 629 329 691 istos
348 627 486 690 eoelestis
505 623 608 689 Virtus
625 624 753 701 sciebat,
783 635 835 686 aut
851 629 976 688 trundum
995 627 1118 689 sciebat.
1164 626 1295 692 Soivisse

147 730 317 812 respondet.
363 726 483 810 Quaero
499 726 598 807 itaque
616 746 684 788 uum
701 724 766 788 illos
785 745 821 787 eo
839 726 961 789 consilio
979 747 1034 789 nec
1050 748 1087 789 ne
1103 740 1134 789 ut
1151 727 1206 789 boc
1222 731 1297 792 laee-

147 839 216 894 reut
230 830 414 914 produxerit.
453 825 552 908 Negat
565 847 601 889 eo
615 826 738 889 consilio
753 827 921 910 productos.
959 825 1039 890 Nihil
1055 828 1131 890 enim
1147 828 1203 891 uisi
1220 831 1297 912 ipsos

150 931 291 994 condidit.
336 932 378 991 At
396 928 424 990 lti
440 928 603 991 inconsulta
621 927 742 991 coelesti
763 927 880 991 Virtute
896 948 929 991 se
944 930 978 990 ad
996 930 1138 1012 opificium
1155 930 1231 991 istud
1250 951 1298 990 aa·

148 1033 319 1096 cinxerunt.
364 1027 445 1114 Ergo
466 1033 539 1112 qnod
565 1028 671 1112 Arrgeli
695 1030 930 1112 cognoscebant,
964 1031 1100 1094 coelestis
1124 1028 1227 1094 Virtus
1248 1031 1297 1092 illa

148 1131 321 1195 nesciebat?
363 1127 390 1195 0
414 1131 575 1194 mortalium
598 1131 684 1213 louge
707 1133 834 1195 omnium
860 1133 1064 1196 stolidissime!
1109 1130 1150 1194 Et
1173 1133 1296 1194 hominis

147 1243 297 1295 structura
310 1234 461 1309 consistet,
485 1243 677 1317 auctoresque
695 1234 773 1296 illins
791 1235 899 1315 Angeli
918 1234 980 1296 eius
1000 1234 1042 1296 rai
1060 1235 1192 1296 notitiam
1211 1234 1297 1296 habe·

148 1334 240 1409 bunt,
263 1343 347 1416 atque
362 1335 476 1397 interim
493 1336 586 1399 virtus
605 1334 655 1398 illa
673 1356 746 1418 qnae
764 1337 897 1418 Angelos
915 1336 1052 1420 produxit
1066 1335 1095 1396 in
1112 1336 1296 1419 ignoratione

148 1434 332 1499 versabitur?
374 1433 453 1500 Sane
477 1457 613 1520 perquam
637 1437 691 1499 boc
711 1438 830 1501 stultum
853 1449 898 1501 est
923 1460 957 1501 aa
981 1438 1149 1515 ridiculum3
1182 1459 1245 1498 earm
1268 1446 1297 1499 et

150 1557 223 1622 opus
235 1536 344 1599 artilice
357 1559 411 1600 suo
426 1539 595 1620 perfectius,
615 1549 645 1600 et
658 1537 839 1622 Angelorum
856 1551 1004 1602 auctorem
1021 1539 1145 1622 Angelis
1162 1538 1232 1622 ipsis
1248 1538 1295 1621 qui

149 1637 292 1703 bominem
309 1639 471 1702 cortllarunt
484 1638 704 1702 imbecilliorem
718 1641 888 1703 constituat.
920 1638 1118 1722 Quamobrem
1138 1640 1192 1702 boc
1208 1662 1295 1703 unum

149 1738 316 1802 necessario
330 1752 478 1825 superest,
503 1751 534 1802 ut
550 1751 577 1801 te
594 1740 629 1802 ad
645 1761 733 1802 uuum
750 1742 846 1804 omnia
861 1744 1041 1825 eurtdemqne
1057 1743 1236 1805 conditorem
1253 1752 1297 1804 at-

147 1861 203 1924 que
224 1842 260 1904 ad
281 1841 459 1924 singularem
481 1840 672 1924 principatum
694 1843 806 1904 relerrc
829 1845 951 1905 lateare.

192 1990 195 1995 .
226 1939 346 2005 Etenim
368 1943 441 2005 deus
462 1952 546 2025 pater
563 1942 709 2005 homiuem
725 1962 790 2004 eum
811 1946 935 2006 caeteris
954 1945 1087 2007 omuibus
1105 1956 1209 2029 suopte
1226 1956 1297 2008 nutu
1315 1951 1375 2016 esp.
1391 1952 1420 2001 V·

145 2064 180 2106 ac
196 2043 346 2108 uoluntate
362 2043 545 2127 procreavit,
569 2064 628 2104 uon
644 2043 769 2127 Angeli,
795 2064 888 2126 neque
905 2065 946 2105 ex
963 2047 1144 2127 Angelorum
1161 2047 1294 2109 consilio.

145 2142 225 2208 Nam
249 2166 315 2208 cum
338 2146 410 2207 deus
434 2147 475 2208 ita
497 2145 612 2207 loeutus
635 2154 699 2207 esta
728 2148 877 2206 Faciamus
898 2149 1051 2218 bominem,
1082 2150 1133 2206 Ad
1151 2153 1297 2226 iungebam

145 2259 286 2321 ammam,
311 2247 404 2325 dixit,
428 2267 486 2309 nou
507 2250 559 2308 Aa
574 2251 722 2326 ainagt'uem
741 2247 893 2309 duntaxat.
941 2244 1055 2329 Quippe
1076 2247 1110 2308 ad
1132 2247 1215 2310 buius
1236 2248 1298 2332 opi-

145 2348 204 2411 ficii
225 2349 457 2411 communionem
479 2348 601 2411 verbum
623 2370 706 2411 suum
729 2350 910 2432 eundemque
932 2348 1020 2410 tilium
1043 2349 1158 2410 unicum
1181 2349 1298 2411 adbibe-

146 2450 212 2529 but,
244 2460 347 2533 estque
368 2450 528 2513 communis
549 2451 605 2514 istc
628 2450 754 2513 fidelium
771 2451 897 2512 omnium
917 2471 1022 2513 scansus
1045 2470 1061 2511 a
1085 2450 1209 2512 veritate
1232 2471 1299 2533 pro-

148 2554 260 2630 lectas,
291 2572 413 2636 quaeum
436 2552 655 2615 accuratissime
675 2552 829 2630 eonvenit3
862 2552 890 2614 id
915 2554 990 2635 quod
1013 2552 1078 2614 aliis
1103 2551 1298 2636 compluribus

147 2654 221 2719 locis
237 2653 392 2717 manileste
407 2676 441 2717 ae
456 2654 571 2737 prolixe
588 2673 689 2716 saurus
707 2654 847 2736 prolessi:
873 2654 1006 2717 nimirum
1023 2654 1110 2717 lilium
1131 2675 1146 2716 a
1164 2664 1245 2738 patre
1262 2655 1298 2715 ad

148 2756 342 2818 communiter
358 2757 568 2840 procreandum
588 2755 733 2818 bominem
752 2755 868 2832 vocari,
901 2777 953 2839 per
975 2777 1058 2839 quem
1081 2756 1168 2819 filium
1189 2756 1298 2839 reliqna

150 2856 246 2919 omnia
262 2857 444 2940 produxerit.
483 2855 543 2922 Sed
559 2878 654 2940 neque
670 2857 759 2919 lilium
777 2858 918 2920 duntaxat
933 2859 1069 2922 advocari
1086 2859 1222 2937 dixerim,
1239 2859 1298 2920 imo

149 2977 223 3020 vero
243 2968 373 3021 sanctum
392 2958 479 3021 etiam
499 2959 649 3043 spiritum:
684 2960 773 3020 Verba
795 2964 865 3020 entia
885 2965 991 3021 domiin·
1007 2964 1204 3041 coelistrmati
1217 2974 1293 3034 sunt,
1306 2973 1449 3028 Pactu-tud

150 3070 181 3120 et
193 3063 297 3139 sparr'tu
313 3063 372 3121 oria
387 3065 447 3121 eiras
465 3067 553 3122 omua's
570 3066 662 3122 cirues
678 3084 784 3122 aarum.
833 3059 989 3126 Caeterum
1008 3063 1070 3126 sivc
1088 3075 1210 3148 sponte,
1234 3063 1297 3124 sive

149 3162 254 3227 ualens
269 3160 325 3225 hoe
341 3158 507 3226 Saturnilns
523 3162 653 3227 haeresis
668 3174 771 3227 auctor
784 3165 935 3228 admittere
951 3176 1084 3248 cogetur,
1103 3187 1191 3227 unum
1207 3163 1300 3224 omni-

148 3286 187 3329 ue
202 3265 286 3328 deum
299 3284 334 3328 ac
346 3263 494 3327 domiuum
508 3284 575 3327 esse
591 3267 774 3338 cortditorem
784 3266 988 3330 universorum
1001 3278 1030 3329 et
1042 3268 1195 3340 artificem,
1211 3264 1299 3325 adeo-

148 3387 205 3450 que
226 3367 274 3430 vel
298 3366 423 3430 bominis
442 3366 545 3450 ipsius.
589 3364 714 3430 Pudebit
729 3367 850 3452 insuper
866 3368 944 3431 illum
961 3369 1043 3430 velut
1060 3368 1297 3430 calumniatorem

149 3490 249 3533 eornm
271 3489 346 3553 quae
368 3468 510 3532 adversus
535 3469 708 3553 propbetas,
739 3490 794 3534 nee
819 3492 877 3533 nou
897 3472 932 3533 ad
956 3466 1093 3532 honestas
1115 3467 1230 3550 nuptias
1247 3488 1298 3530 ne-

148 3570 287 3654 quissime
304 3571 482 3634 damnandas
501 3571 615 3634 effutiit.
661 3570 776 3657 Quippe
793 3573 926 3635 dominns
944 3580 1045 3632 noster
1063 3565 1146 3631 lesrrs
1163 3565 1298 3633 Christus

147 3673 178 3736 in
202 3673 356 3755 evangelio
380 3675 533 3758 perspicue
557 3673 714 3758 prophetae
740 3685 940 3737 consentanea
963 3671 1032 3732 dieit
1055 3689 1090 3732 aa
1113 3672 1296 3754 pronunciat,

150 3779 286 3853 Quoniam
309 3779 361 3854 qui
376 3797 431 3854 per
446 3779 601 3856 propbetas
616 3777 751 3857 loquebar
772 3798 835 3836 erae
851 3779 966 3835 adsum:
998 3792 1032 3834 ac
1048 3793 1183 3852 rursum,
1212 3778 1297 3835 Pater
1309 3790 1366 3832 urat
1382 3790 1415 3846 ca,
1429 3793 1448 3834 a.

149 3896 227 3937 meus
244 3895 331 3954 usque
345 3879 424 3936 mede
437 3889 581 3957 operatur,
604 3889 634 3939 et
647 3900 699 3957 ego
712 3900 823 3957 operor.
869 3873 910 3939 Ut
925 3884 1020 3936 autem
1038 3875 1103 3959 qnid
1122 3887 1223 3960 ageret
1241 3887 1298 3937 tam
1309 3857 1448 3913 ¹⁰³¹¹¹¹'⁵’¹²·

149 3986 235 4062 pater
256 3975 320 4037 eius
341 3996 426 4058 quam
444 3978 506 4061 ipse
523 3978 701 4058 declararet,
734 3978 788 4040 boe
807 3978 899 4062 ipsum
920 3975 1077 4061 explicavit
1098 3977 1133 4041 iis
1156 3999 1173 4041 a
1194 3977 1298 4060 quibus

149 4081 350 4162 interrogatus
366 4077 462 4141 luerat
477 4090 663 4163 oporteretne
681 4100 804 4143 uxorem
824 4098 1003 4162 quacumque
1022 4100 1060 4143 ex
1079 4101 1183 4143 caussa
1203 4080 1299 4142 dimit·

151 4192 231 4246 lere:
266 4185 406 4259 Quomodo
422 4185 556 4260 seriptum
576 4189 640 4242 est?
683 4185 818 4259 Quantum
835 4185 904 4242 deus
920 4185 1053 4244 barnabam
1069 4186 1156 4265 secel,
1191 4199 1450 4257 masau-Metaurus.

186 4385 211 4436 2·
228 4384 302 4454 μόνον
317 4389 465 4438 &adeatur
477 4387 503 4435 iu
516 4384 712 4448 acunumiae
778 4383 802 4438 3.
820 4382 896 4441 adrui
910 4389 960 4439 cod.
972 4390 1069 4452 Rbedtq.
1096 4390 1162 4438 Libri
1171 4389 1241 4450 eulpa
1254 4379 1299 4438 ud-

152 4453 208 4572 iiii
217 4457 438 4576 prmlppqmp’etauiue
451 4456 556 4516 primum
575 4454 661 4504 adurit
680 4468 709 4505 eu
740 4449 792 4507 aba.
