3046 5084
409 326 544 378 radoan
559 327 623 381 Lib.
634 330 656 383 1.
672 330 755 383 ΤΟΜ,
768 331 802 383 11.
818 331 917 383 nasa.
932 332 1028 384 xxvt.
1234 325 1294 389 189

146 446 207 512 anis
225 445 280 532 ipsi
298 445 433 512 manibus
448 445 671 511 abominandam
686 447 835 513 libidinem
851 461 1011 532 marcent,
1039 451 1087 536 qui
1108 473 1175 517 cnm
1191 455 1295 519 mulie·

145 548 226 612 ribos
246 570 280 613 se
300 547 508 624 commiscent,
540 547 659 611 aenum
683 548 798 613 illerum
821 570 876 613 usu
901 571 1081 636 nequaqnam
1100 556 1240 619 exsatiati
1260 555 1293 621 in

146 651 319 735 semetipsos
337 650 553 726 exardescunt,
583 652 660 722 Viri,
686 648 803 732 iuquam
821 655 850 711 r'n
871 656 962 727 onos,
986 653 1061 716 sicot
1076 653 1216 738 scriptum
1232 669 1290 737 est,
1304 677 1436 732 naman.

145 758 294 815 mercedem
311 755 421 814 erroris
437 754 487 810 sni
502 754 533 810 a‘n
548 754 702 830 mmenpn‘s
717 755 892 831 recipientes.
937 750 1054 814 Etenim
1074 754 1179 838 perditi
1197 758 1294 840 prodi·

145 853 264 937 gatique
281 853 414 916 homines
432 850 535 913 beatos
553 849 728 914 seinvicem
749 852 932 936 praedicant,
957 863 1091 937 tanquam
1106 856 1295 941 praecipuum

146 956 281 1038 quiddam
311 953 426 1017 facinus
451 973 486 1015 eo
509 951 657 1036 singulare
682 953 877 1036 susceperint.
923 952 1090 1038 Quinetiam
1116 955 1296 1023 mulierculis

146 1077 221 1140 quas
239 1054 297 1117 sibi
315 1052 478 1137 morigeras
494 1052 617 1132 babent,
639 1053 814 1133 illudentes,
846 1059 1041 1131 Mulr'erenlrt,
1065 1057 1203 1141 inquam,
1227 1078 1443 1135 ona-antuman.

145 1163 200 1218 cn's
221 1160 365 1236 peccans,
397 1175 432 1216 uc
453 1157 652 1234 mntn‘pd'crtus
667 1159 867 1236 cupiditatibus
879 1160 1022 1232 obductas,
1046 1158 1204 1223 identidem
1226 1182 1295 1225 nar·

145 1269 230 1336 rant,
255 1257 342 1334 banc,
365 1276 448 1340 quam
466 1255 604 1320 videlicet
616 1257 778 1334 nominant,
802 1279 870 1321 esse
885 1258 1041 1343 virgiuum,
1061 1281 1125 1323 cum
1139 1272 1208 1325 aute
1220 1263 1293 1326 mul-

146 1371 193 1424 tos
215 1360 274 1423 iam
292 1379 385 1423 annos
401 1359 500 1421 vitiata
523 1358 627 1436 fucrit,
657 1380 693 1423 ac
710 1360 838 1443 quotidie
855 1372 1072 1446 constupretur.
1116 1362 1203 1447 Apud
1226 1363 1292 1428 illos

146 1461 251 1546 quippe
272 1460 393 1525 satietas
409 1459 536 1524 libidinis
556 1460 651 1540 natta,
683 1472 714 1525 et
733 1484 790 1544 qno
811 1462 943 1525 foediore
961 1463 1083 1547 quisque
1103 1474 1291 1548 perpetrave-

146 1563 201 1640 rit,
225 1582 261 1625 eo
277 1561 379 1625 maiori
396 1561 524 1625 omnium
545 1561 629 1625 lande
645 1583 680 1626 ac
694 1563 912 1649 praedicatione
927 1563 1104 1628 celebratur.
1150 1563 1291 1650 Virgines

146 1685 234 1750 puero
251 1663 315 1728 ibas
330 1662 474 1748 appellant
491 1683 566 1746 quaa
584 1685 731 1748 nunqnam
747 1664 876 1749 legitimo
895 1665 1059 1750 nuptiarum
1077 1688 1132 1730 usu
1150 1689 1184 1730 rc
1206 1681 1290 1732 natu·

143 1766 197 1830 rali
213 1765 264 1829 illa
277 1764 488 1829 consuetudine
503 1764 543 1827 ita
559 1766 728 1849 perfunctae
747 1779 831 1844 sunt,
856 1777 888 1829 ut
903 1767 1029 1831 inlusum
1046 1789 1147 1832 semen
1171 1769 1289 1854 excipe-

141 1877 224 1946 rent,
248 1868 300 1930 sed
316 1886 391 1950 qnae
407 1865 477 1929 licet
494 1863 620 1928 assiduis
635 1886 668 1929 se
685 1868 792 1950 stupris
814 1866 989 1951 flagitiisque
1006 1871 1220 1951 contaminent,
1244 1881 1289 1934 ta-

141 1989 207 2032 mon
226 1977 381 2052 numquam
399 1966 488 2030 libido
510 1965 604 2029 omnis
622 1967 775 2052 impleatur
795 1968 1019 2051 perditissimum
1036 1991 1119 2034 sunm
1136 1971 1214 2034 illum
1238 1973 1289 2036 ad·

141 2069 307 2134 missorium
330 2067 501 2146 examinat,
533 2068 656 2151 illasque
678 2088 750 2151 quas
775 2067 901 2131 diximus
928 2069 1109 2153 turpissimas
1129 2073 1232 2136 sordes
1253 2074 1289 2136 ad

140 2172 318 2237 vescendum
334 2169 497 2254 excipiunt.
544 2167 578 2232 ln
595 2189 652 2252 qno
675 2169 802 2233 immane
821 2169 890 2232 illud
916 2169 1148 2255 horrendumque
1166 2169 1288 2236 Sellomi
1315 2180 1414 2226 Ger-³⁸·

141 2294 206 2337 cnm
223 2271 372 2336 Thamara
395 2271 509 2334 lacinus
529 2269 697 2352 imitentur,
718 2266 816 2356 utpote
834 2291 910 2354 quae
927 2271 1092 2334 servandae
1111 2272 1288 2356 virginitatis

141 2375 295 2438 artificium
318 2373 389 2437 illud
407 2371 606 2456 susceperint,
637 2382 668 2436 ut
690 2394 755 2437 cum
775 2372 892 2436 assidue
913 2384 1153 2457 corrumpantur,
1182 2374 1288 2438 nullam

140 2487 237 2540 umen
254 2497 296 2539 ex
312 2495 347 2537 ea
362 2474 528 2558 corruptela
547 2473 723 2539 inlusionem
743 2475 864 2538 seminis
880 2475 1043 2539 admittant.
1088 2473 1194 2559 Neque
1215 2497 1287 2539 vero

140 2576 190 2642 aul
203 2577 401 2654 Abraamum,
426 2575 586 2653 duntaxat,
609 2586 660 2641 aut
675 2574 802 2662 Moysen
826 2587 913 2660 atque
931 2574 1043 2656 Etiam,
1067 2578 1199 2661 adeoque
1220 2598 1288 2662 pro·

140 2680 242 2765 pbetas
261 2697 363 2742 omncs
380 2677 433 2741 sed
449 2687 479 2740 et
494 2677 578 2742 deum
594 2677 689 2763 ipsum
705 2700 723 2742 a
738 2700 795 2763 quo
812 2688 881 2742 snut
897 2677 984 2742 electi
1000 2678 1211 2743 contumeliose
1228 2689 1288 2743 tra·

140 2782 260 2844 ducunt.

211 2879 328 2945 induite
344 2903 432 2967 porro
446 2901 537 2966 penes
549 2882 616 2946 illos
630 2892 700 2945 sunt
713 2880 895 2967 supposititia
913 2893 999 2967 atque
1017 2882 1201 2969 impudenter
1215 2906 1286 2950 con·
1304 2895 1364 2964 esp.
1374 2897 1431 2947 ΧΗ.

140 2985 209 3048 licta
228 2994 423 3048 monumenta.
469 2980 642 3048 Cuiusmodi
662 2997 708 3047 est
726 2985 773 3068 qui
791 2982 838 3047 Ile
856 2981 1004 3068 Progenie
1023 2982 1140 3050 Mariae
1152 2987 1228 3051 liber
1242 2988 1288 3051 in·

139 3085 289 3165 scribitur,
312 3084 342 3149 in
360 3081 418 3168 quo
433 3084 584 3149 horribilia
599 3087 740 3168 quaedam
755 3105 790 3148 ac
810 3087 981 3149 detestanda
995 3087 1108 3150 illorum
1126 3087 1202 3152 dicta
1217 3110 1287 3152 con·

140 3186 281 3252 timentur.
326 3184 417 3251 Velut
431 3187 509 3250 inter
525 3185 594 3266 alia,
618 3208 682 3250 erm
698 3184 862 3251 Zachariae
880 3189 961 3252 necis
979 3187 1134 3274 intemplo
1152 3210 1287 3254 caussam

137 3289 292 3370 extitisse,
315 3289 392 3375 qnod
414 3309 480 3352 cum
498 3287 592 3351 visum
611 3289 752 3372 quoddam
770 3289 811 3353 illi
836 3301 917 3353 esset
933 3290 1078 3368 oblatum,
1109 3291 1193 3374 idque
1215 3312 1287 3374 prae

137 3404 217 3457 metu
231 3392 399 3478 significare
413 3391 522 3469 vellet,
545 3411 581 3453 os
597 3390 625 3455 ei
645 3389 737 3475 primo
753 3386 940 3476 praeclusum
951 3391 1002 3455 sit.
1036 3390 1158 3456 Viderat
1176 3401 1284 3471 antem,

137 3494 289 3578 inquiunt,
313 3514 379 3558 cnm
398 3491 514 3557 incensi
535 3492 607 3557 bora
625 3492 752 3571 sufficet,
783 3493 858 3558 asini
875 3495 968 3579 figura
985 3504 1110 3557 stantem
1126 3490 1284 3574 hominem,

138 3616 173 3660 ac
187 3618 251 3661 cum
271 3595 373 3682 egredi
388 3594 496 3676 vellet,
519 3595 618 3679 itaque
634 3593 784 3680 proloqui,
815 3594 880 3660 Vae
895 3596 997 3675 vobis,
1022 3615 1106 3679 quem
1122 3595 1199 3659 euim
1221 3604 1284 3661 tau·

137 3697 203 3763 dam
218 3699 369 3765 adoratis?
389 3697 425 3763 ab
441 3696 541 3782 coqui
558 3697 589 3761 in
605 3697 714 3782 templo
730 3697 809 3762 intus
825 3697 958 3782 apparuit
974 3696 1035 3759 oris
1052 3695 1105 3777 illi,
1124 3716 1161 3760 ne
1177 3699 1284 3764 efferre

136 3811 349 3891 posset,·usus
369 3800 546 3865 interclusus
564 3809 628 3880 est,
658 3810 724 3886 post
742 3812 840 3864 autem
861 3799 909 3863 nbi
926 3819 990 3861 vox
1011 3797 1104 3861 eidem
1128 3808 1173 3863 est
1195 3803 1283 3866 resti·

136 3912 212 3981 tuta,
235 3912 322 3988 atqua
338 3903 393 3967 boc
405 3901 438 3966 in
452 3897 579 3967 iudaeos
595 3923 732 3966 arcanum
747 3901 896 3984 evulgavit
913 3899 1020 3963 abillis
1036 3899 1208 3966 interiectus
1223 3912 1280 3966 est.

135 4001 238 4084 llaec,
260 4003 412 4089 inquiunt,
443 4000 606 4069 Zachariae
632 4004 735 4067 mortis
763 4000 881 4067 occasio
911 4001 975 4066 luit.
1020 4002 1140 4068 Addunt
1160 4004 1282 4067 eandem

133 4103 214 4171 illum
239 4105 276 4170 ob
297 4126 433 4171 caussam
458 4105 570 4169 iussum
591 4126 608 4169 a
632 4104 801 4188 legislatore
829 4103 991 4188 pontificem
1015 4104 1207 4170 tintinnabula
1231 4124 1283 4188 ge·

133 4217 248 4287 ause,
272 4219 305 4272 ut
321 4207 436 4293 quoties
453 4206 682 4272 adiunctionem
700 4226 782 4269 suam
801 4206 962 4271 obeundam
977 4207 1193 4293 ingrederetur,
1216 4226 1282 4270 cre·

166 4339 194 4463 t:
209 4342 438 4466 reaten
640 4346 651 4385 '
725 4337 976 4480 ¹⁹¹⁶,
990 4339 1131 4481 “tnta
1144 4339 1283 4462 tezen

167 4474 194 4530 d.
279 4476 478 4548 sdcnpocmdvq
496 4472 538 4532 u'n'
555 4471 693 4532 αὐτοῦτοῦ
726 4480 1085 4543 editprtnadrrn'drrotnrooc
1098 4476 1248 4546 προςοτάγη.

131 4544 355 4617 νομοθετήσαντος,
373 4547 450 4617 φασὶν
464 4549 534 4602 codd.
544 4549 617 4600 Votis.
631 4549 692 4601 nse-
