3046 5084
371 319 504 371 ransart
522 318 585 372 sta
595 322 616 372 a.
633 320 715 373 roae.
730 322 760 372 n.
776 320 875 373 nasa.
886 321 987 373 xxxa.
1189 310 1248 373 363

108 440 158 503 ἰΙΙο
180 439 263 505 exito
284 439 456 505 declararet.
508 436 624 504 Deinde
647 438 790 523 virginem
810 439 889 504 itiam
912 440 1136 527 archisynagogi
1160 442 1383 511 ttionemn.

108 542 256 607 duodecim
274 563 366 607 annos
385 552 499 620 natam,
531 562 616 625 qoam
634 540 767 605 dominos
782 541 956 605 accedecsa
976 553 1068 606 morte
1084 544 1247 619 revocavit,

107 644 297 709 Achamotbis
311 642 467 729 imaginem
482 644 608 720 reterre,
631 663 716 727 qnam
730 642 894 705 extendens
905 663 973 706 sese
985 643 1099 707 ittonam
1116 640 1251 708 Christos

108 747 230 826 effinxit,
253 757 284 812 et
300 746 429 824 dominis,
452 744 528 829 quod
546 764 609 808 eam
625 743 809 820 destituerat,
833 764 950 806 sensum
968 744 1081 809 indidit.
1125 744 1165 808 Et
1181 767 1252 829 quo·

109 847 186 911 niam
203 848 270 911 bnic
283 849 376 912 adbuc
392 857 478 911 extra
491 844 627 911 Pleroma
643 846 772 932 positae,
796 846 875 909 velut
889 845 1022 910 abortivo
1037 848 1163 926 cuidam,
1186 844 1252 911 sat-

107 961 194 1014 vator
210 950 359 1035 apparuit,
391 946 512 1013 Paulam
529 958 631 1035 patant
648 949 684 1013 ad
700 945 870 1013 Corinthios
886 948 1060 1013 scribentem
1079 950 1151 1012 baec
1167 969 1252 1013 usur-

108 1072 213 1137 passea
234 1056 391 1114 Noorbstiae
404 1063 496 1114 autem
509 1056 628 1114 omnium
643 1053 859 1113 veteratorem
872 1056 948 1113 orbas
964 1063 1050 1113 estet
1065 1056 1143 1113 ma'dr'.
1189 1048 1249 1115 Sed
1263 1062 1403 1117 scantat-

110 1164 140 1216 et
156 1154 256 1217 eadem
275 1153 306 1217 in
321 1152 444 1238 epistola
461 1150 625 1219 Salvatoris
642 1174 705 1217 enm
721 1153 890 1238 aequalibus
908 1152 970 1217 suis
989 1153 1023 1216 ad
1042 1153 1251 1218 Achamotbem

111 1275 262 1319 accessum
278 1254 469 1339 significasse,
492 1277 556 1319 cato
573 1255 664 1333 dixit,
688 1260 803 1337 Oportet
816 1259 957 1319 mulcerem
973 1260 1063 1319 celato
1076 1280 1136 1318 esse
1150 1261 1250 1337 capite,
1268 1268 1350 1362 bacid'

107 1361 362 1438 propternegeloe.
402 1355 533 1421 Eandem
546 1357 624 1421 iiiam
640 1355 850 1421 Achamotbem
864 1359 900 1421 ad
915 1359 1070 1422 adventum
1087 1356 1252 1423 Salvatoris
1300 1352 1307 1373 ’
1346 1347 1351 1358 ’

111 1459 220 1543 pudore
237 1458 368 1523 affectam
384 1460 450 1523 veto
465 1471 550 1544 caput
566 1458 742 1539 obduxisse,
772 1459 948 1525 deciaratum
965 1483 982 1525 a
997 1460 1102 1541 Mose,
1127 1482 1191 1525 cum
1210 1462 1401 1525 ia-smaatms.

112 1561 185 1625 ciem
206 1561 368 1645 obtegeret.
410 1560 487 1626 Nam
510 1562 575 1627 ittas
597 1584 668 1647 quas
689 1571 736 1625 est
753 1582 889 1648 perpessa
908 1561 1089 1628 calamitates
1106 1563 1251 1648 animique

109 1662 318 1729 commotiones
340 1663 486 1729 dominum
508 1666 603 1727 ierunt
628 1662 658 1727 in
683 1684 770 1727 cruce
792 1665 1021 1729 demonstrasse.
1075 1663 1165 1729 Velut
1185 1686 1251 1729 cam

108 1764 199 1845 dixit,
227 1771 305 1829 ltere
321 1788 398 1829 meas
412 1789 501 1849 quare
514 1769 691 1847 dereb'qua'sti
701 1772 766 1828 met
794 1768 958 1831 ostendisse
975 1765 1154 1853 Sapientiam
1173 1789 1190 1830 a
1207 1767 1249 1830 lo·
1263 1773 1347 1871 ξξαξξ-

108 1868 186 1931 atine
202 1868 387 1950 destitutam,
411 1879 441 1932 et
457 1868 494 1932 ob
512 1867 594 1933 Horo
612 1888 649 1931 oe
665 1867 740 1932 nitra
756 1879 891 1954 pergeret
909 1868 1098 1953 prohibitam:
1122 1869 1251 1933 eiusdem
1289 1859 1296 1880 '
1336 1856 1341 1867 ¹

110 1990 182 2034 vero
205 1971 352 2049 dolorem,
385 1992 449 2035 cum
473 1970 563 2048 dixit,
598 1974 699 2033 tratre
715 1975 867 2031 atenim
885 1993 944 2032 meo
963 1975 1104 2051 usquead
1120 1983 1250 2033 mortem:
1266 1978 1351 2024 Marta.

111 2073 256 2152 timorem,
276 2094 342 2137 cnm
357 2072 397 2137 ita
411 2085 523 2158 patrem
534 2072 677 2137 adlocatus
690 2082 753 2136 ests
775 2077 861 2134 Pater
871 2078 900 2135 si
906 2075 1040 2153 possibile
1051 2085 1103 2146 eat,
1128 2084 1256 2134 transeat
1270 2033 1304 2087 π’
1317 2032 1348 2073 ³⁸

109 2197 127 2237 a
142 2196 185 2237 ere
199 2178 277 2237 calba
290 2180 360 2238 iste.-
383 2176 424 2239 ita
440 2174 553 2239 consilii
570 2174 694 2260 inopiam
710 2173 755 2237 bis
770 2173 885 2239 verbis:
909 2179 949 2237 Et
962 2179 1030 2255 quid
1042 2180 1132 2237 dicam
1147 2179 1249 2236 nescio.
1268 2186 1344 2279 tpnpp

110 2275 196 2359 Quod
216 2277 250 2341 ad
274 2277 329 2341 tria
348 2288 462 2363 spectat
483 2276 629 2341 bominum
651 2296 778 2361 genera,
813 2276 855 2340 sic
874 2276 952 2339 iitcm
972 2276 1114 2340 indicasse
1132 2290 1253 2340 conten·
1267 2240 1299 2292 ι’
1339 2267 1345 2278 ’

109 2378 196 2443 dante
226 2378 365 2443 materiae
383 2380 497 2465 quidem
514 2381 648 2457 affixum,
679 2400 744 2442 cum
759 2380 970 2464 interroganti,
997 2383 1390 2460 contempnentes.

109 2482 278 2567 respondit,
311 2484 377 2545 Non
404 2485 489 2546 dedet
500 2484 587 2563 stirias
609 2484 728 2543 domabis
756 2483 807 2544 udi
827 2494 913 2563 ooput
933 2485 1067 2544 reclairet:
1100 2481 1252 2544 animalem

110 2593 225 2662 antem,
248 2606 313 2648 cum
330 2585 358 2649 ei
375 2585 422 2669 qni
436 2585 570 2663 dixerat,
593 2589 705 2667 Sequor
719 2596 760 2660 te,
784 2590 835 2647 sed
843 2590 974 2666 permitte
986 2588 1056 2647 matt
1063 2589 1147 2666 pratas
1164 2596 1197 2645 ut
1208 2606 1254 2645 re-

110 2691 237 2749 nsaoiem
253 2691 289 2749 ti's
301 2710 373 2769 quoe
387 2692 417 2750 tic
432 2690 512 2749 mmo
528 2708 588 2749 mea
602 2699 678 2761 sunt,
698 2686 739 2751 ite
752 2686 866 2751 iocatus
882 2698 944 2752 est:
967 2691 1056 2750 Nemo
1071 2693 1182 2751 mittens
1195 2708 1253 2748 mo·
1268 2699 1350 2765 mnam·

109 2812 176 2852 num
189 2793 229 2851 ad
238 2802 382 2865 nmmum,
407 2803 436 2852 et
448 2793 587 2872 aspictens
600 2802 695 2864 retro,
718 2802 801 2870 optus
816 2802 861 2851 est
873 2813 962 2871 regno
977 2796 1031 2854 dei.
1077 2789 1163 2855 Hunc
1178 2791 1254 2855 enim
1269 2755 1302 2810 ω’
1317 2754 1346 2796 ω’

110 2891 221 2956 mediae
235 2891 409 2957 conditionis
425 2912 491 2956 esse
505 2892 616 2956 dicant.
661 2888 804 2957 Similiter
816 2914 881 2956 eum
899 2893 947 2977 qni
962 2914 994 2957 se
1008 2894 1160 2979 plerasque
1173 2893 1255 2958 insti·

112 2994 170 3058 tiae
187 3005 286 3079 partes
302 2994 439 3079 implesse
458 2994 589 3072 dixerat,
612 2994 664 3058 scd
683 2995 765 3078 sequi
784 2995 935 3075 notuerat,
959 3007 988 3060 et
1004 3018 1061 3081 quo
1080 2996 1175 3060 minus
1191 3017 1255 3082 per·

111 3096 204 3161 iectus
219 3115 286 3161 esse
300 3095 406 3175 vellet,
430 3095 595 3163 divitiarum
610 3095 767 3182 cupiditate
782 3099 878 3161 tuerat
891 3098 1048 3179 intractus,
1072 3098 1147 3163 bunc
1162 3100 1255 3185 ipsnm

111 3221 152 3264 ex
173 3198 289 3265 animali
312 3219 423 3283 genere
445 3198 534 3263 inisse
554 3198 666 3263 volunt.
712 3195 879 3285 Spiritalem
899 3200 1012 3265 demum
1029 3224 1065 3265 ro
1083 3203 1160 3265 dicto
1176 3223 1255 3265 corn·

110 3302 303 3389 prehensum:
324 3306 393 3364 Sine
406 3313 530 3364 mortuos
542 3304 659 3384 repelare
672 3314 796 3365 mortuos
810 3326 876 3365 scos
883 3331 893 3380 ,·
914 3316 945 3365 tu
959 3318 1050 3367 cratem
1064 3308 1160 3366 abibas
1170 3325 1255 3384 prae-
1268 3310 1322 3355 cue.
1332 3308 1393 3362 ⁹³⁸⁰·

109 3410 173 3469 debe
188 3428 307 3487 regnum
321 3409 377 3468 dei·
422 3400 496 3468 item
514 3426 578 3468 eum
596 3402 734 3469 zachaeo
753 3405 905 3490 publicano
924 3407 1013 3485 dixit,
1043 3412 1192 3469 Fesniicns
1208 3409 1256 3467 de·
1268 3414 1323 3458 bue·
1331 3413 1363 3467 tt.
1373 3412 1393 3455 ⁵·

108 3512 224 3583 aceede,
246 3512 314 3590 qmir
326 3511 408 3571 dodae
420 3512 450 3571 ia
464 3512 543 3570 domo
558 3518 606 3569 tun
622 3520 731 3589 oportet
744 3530 786 3571 me
799 3531 919 3572 monere.
967 3508 1044 3574 istos
1061 3509 1138 3572 enim
1154 3529 1256 3572 omnes

108 3632 126 3675 e
142 3610 263 3697 spiritaii
279 3629 389 3695 genere
405 3610 538 3676 extitisse
554 3621 684 3675 narrant.
728 3608 807 3695 Quin
824 3612 909 3676 etiam
928 3611 1061 3676 tormenti
1075 3610 1254 3695 parabolam,

108 3714 185 3798 qnod
203 3712 391 3779 abscondisse
407 3713 512 3777 molier
528 3713 558 3777 in
577 3712 688 3777 sarincae
706 3715 778 3778 satis
797 3715 889 3778 tribus
906 3714 1028 3798 legitor,
1060 3712 1167 3798 triplex
1183 3714 1253 3779 iilud
1267 3729 1349 3777 mnas.
1364 3729 1396 3775 ra

108 3836 201 3900 panus
216 3815 358 3881 indicare.
404 3811 554 3900 Siquidem
570 3816 721 3881 moliorem
738 3816 823 3881 istam
842 3814 1037 3901 Sapientiam,
1062 3817 1176 3881 tarinae
1190 3829 1253 3882 sata

109 3918 165 3983 tria
178 3917 325 3983 bominum
343 3938 411 3983 csse
426 3937 549 4002 genera,
571 3919 713 4005 spiritale,
737 3920 873 3999 animate,
899 3929 1058 3983 terrenam.
1103 3916 1253 3985 Fermenti

106 4069 525 4205 ..t·t.¹t²⁹.ttbb²t..btt²².
538 4076 663 4192 {iffi
697 4071 1255 4206 ..tatt-tittttttttttbt't

106 4212 237 4271 memmio
252 4208 320 4276 qood
335 4206 492 4274 responderit
505 4206 598 4259 dicenti
613 4215 663 4261 cett.
695 4210 782 4260 mediis
798 4226 859 4259 esse.

108 4278 182 4341 Votpo
195 4282 260 4329 extet
273 4275 350 4330 cineta
363 4276 400 4346 τῷ
414 4270 578 4342 doma-tionem.
606 4278 662 4328 coc.
731 4278 769 4329 tt.
783 4275 870 4331 τούτου
882 4281 932 4330 cod.
944 4281 997 4331 Vera
1019 4282 1066 4331 Vct.
1076 4282 1253 4346 toterpmboec

108 4347 181 4397 Vetto.
196 4346 280 4397 bebere
292 4348 385 4397 ctdetcr
401 4342 427 4399 dc
443 4346 480 4397 roi
497 4340 660 4411 decessionem,
694 4349 766 4398 verbo
779 4350 851 4409 ptcae
866 4350 948 4398 amnt.

106 4415 197 4465 ocatur
212 4416 333 4465 coocbuttt
348 4412 425 4468 steen
441 4398 489 4481 spi.
729 4414 768 4466 tt.
785 4410 805 4481 ri
822 4430 867 4466 om.
884 4418 935 4467 eod
953 4420 1006 4469 Ven.

106 4550 125 4599 γ
137 4478 163 4532 9.
177 4485 232 4543 τοῖς
241 4478 349 4543 οἰκείοις,
363 4477 458 4541 Ου’διὶς
468 4486 518 4535 cett
532 4482 600 4533 babet
609 4484 661 4535 cod.
728 4480 767 4535 te.
784 4480 814 4537 db
836 4487 979 4546 perticulam
998 4488 1076 4538 odiret
1095 4490 1197 4551 manem
1220 4491 1249 4540 de

124 4562 159 4600 en
693 4556 828 4604 anctoritate
844 4555 895 4604 cod.
908 4554 964 4605 ten.
