3046 5084
306 359 442 414 runnan
460 360 977 415 ara.r.eosr.ru.11aan.xxxnu.
1157 352 1217 418 503

64 501 121 566 que
138 481 182 544 sie
199 480 347 546 immissus
368 478 459 544 Evam
478 480 592 545 feratur.
638 477 715 543 llnie
732 481 809 543 eninr
826 482 996 546 auscultans
1016 483 1065 547 illa
1082 493 1216 569 tanquam

66 584 112 647 dei
132 584 191 646 ulio
210 584 294 647 dauile
315 594 347 646 ot
364 584 399 645 de
419 582 525 646 arbore
545 581 687 646 seientiae
706 594 878 647 vesceretur
895 583 924 645 in
943 584 1070 648 animum
1090 585 1216 650 induxit.

150 784 264 850 Deinde
284 798 435 872 postquam
455 786 549 850 aniles
567 786 641 849 istas
660 807 753 870 nugas
773 807 807 849 ae
826 787 946 850 ridicule
965 788 1118 852 adeotatus
1138 788 1219 854 labu-
1239 793 1298 862 cap.
1315 796 1345 846 V·

64 891 109 954 las
125 889 179 952 troc
194 890 280 952 modo
294 899 521 974 proposuerunt,
542 888 682 971 tragicum
697 891 839 972 quendam
854 890 1015 952 istiusmodi
1030 903 1137 969 aetum,
1155 893 1219 957 sire

64 992 207 1056 ramirum
224 993 331 1076 potius,
356 989 543 1053 instituentes
560 989 698 1053 nonnulla
715 993 749 1052 ud
765 991 847 1054 lietars
861 992 925 1053 illes
942 992 1012 1055 deos
1027 995 1218 1079 comproban-

64 1095 118 1157 dos
133 1093 162 1157 in
181 1095 305 1156 medium
320 1093 456 1156 allerunt.
500 1091 627 1170 Nonne,
652 1092 797 1176 inquiunt,
821 1104 850 1154 et
865 1092 1002 1156 intestina
1017 1106 1129 1173 nostra,
1155 1097 1217 1179 qui-

64 1196 119 1259 bna
139 1196 264 1259 vivimus
281 1205 313 1258 et
329 1196 450 1271 alimur,
474 1196 620 1279 serpentis
638 1196 761 1277 effigiem
780 1197 933 1258 referunt?
976 1197 1096 1259 Addunt
1114 1209 1144 1261 et
1160 1200 1217 1278 alia

63 1300 219 1382 pleraque,
254 1318 328 1382 qnae
353 1298 389 1360 nd
414 1318 547 1360 errorum
570 1317 605 1359 aa
628 1297 794 1361 delitiarum
816 1319 934 1360 snorum
957 1299 1113 1362 sarciendam
1133 1303 1217 1366 tidem

63 1401 259 1465 sectatoribus
280 1401 343 1463 suis
365 1399 515 1462 obiieiont.
560 1395 722 1483 Propterea
746 1399 840 1476 enim,
871 1398 1020 1483 inquiunt,
1050 1415 1216 1487 serpentem

63 1502 203 1580 aelianus,
233 1506 308 1587 quod
327 1503 399 1564 deus
417 1501 473 1565 iste
491 1501 664 1564 multitudini
685 1501 830 1595 bominum
848 1502 989 1564 scientiae
1006 1524 1040 1566 uc
1056 1507 1217 1586 cognitioni

64 1627 198 1670 caussam
217 1604 325 1668 attulit.
370 1602 539 1668 laldabaetb
556 1623 710 1687 supremae
724 1601 833 1666 Matris
848 1626 881 1666 ae
897 1601 1032 1669 Parentis
1048 1608 1217 1670 memoriam

64 1709 224 1772 extinctam
246 1708 322 1770 iuter
343 1707 476 1769 hemines
498 1726 566 1768 esse
585 1703 731 1789 cupiebat.
777 1703 836 1768 Sed
858 1706 892 1767 iis
916 1709 1062 1791 persensit
1079 1729 1214 1794 serpeus,

62 1833 99 1874 ue
120 1810 272 1874 seientiam
295 1808 478 1894 importavit,
509 1818 655 1890 totamque
671 1807 744 1869 adeo
762 1808 925 1869 divinornm
944 1811 1148 1894 mysteriorum
1166 1834 1217 1875 eo·

62 1913 224 1998 guitinnem
245 1933 311 1974 enm
335 1912 399 1974 vire
422 1932 456 1973 ae
479 1909 600 1973 muliere
618 1909 853 1972 ennumonieavit.
900 1906 946 1972 Ob
968 1911 995 1972 id
1017 1910 1108 1974 iratus
1129 1911 1217 1977 l'ater

63 2013 251 2092 laldabaotb‚
284 2034 318 2076 ae
341 2013 502 2075 derivatam
523 2011 554 2074 in
575 2011 641 2074 illos
663 2010 803 2073 eiusmodi
826 2011 976 2074 seientiam
999 2012 1097 2096 inique
1119 2015 1216 2078 anima

64 2120 181 2194 terens,
214 2137 231 2178 e
253 2115 337 2178 eaelo
356 2115 435 2179 illum
455 2114 601 2179 deturbat.
648 2110 718 2175 lnde
736 2134 835 2194 regem
853 2133 869 2174 e
888 2113 971 2176 eoele
987 2115 1133 2199 delapsum
1152 2138 1216 2180 ser·

62 2231 179 2306 pentem
201 2239 269 2282 esse
290 2217 422 2281 dictitant
443 2217 463 2281 ii
487 2217 535 2300 qni
558 2237 616 2279 neu
635 2216 756 2278 alterius
774 2237 807 2277 se
826 2237 908 2300 qnam
925 2220 1070 2301 serpentis
1087 2220 1215 2303 partibas

63 2322 251 2387 addixerunt.
296 2318 391 2404 lgitur
409 2332 528 2405 propter
549 2319 624 2381 bane
646 2318 682 2381 ab
702 2318 751 2380 illo
769 2340 939 2380 concessam
956 2320 1106 2384 seientiam
1125 2343 1215 2385 vene·

62 2425 122 2489 rari
141 2445 175 2489 se
192 2434 358 2510 serpentem
375 2424 518 2500 intentur,
542 2422 626 2506 eique
644 2442 748 2506 panem
767 2421 887 2505 insuper
904 2421 1055 2486 obiiciunt.
1102 2421 1213 2488 Verum

62 2528 168 2614 quippe
185 2538 351 2612 serpentem
371 2527 401 2589 in
420 2526 493 2588 rista
512 2525 659 2601 nutriunt,
691 2544 775 2608 quem
794 2523 998 2609 mysteriorum
1017 2536 1146 2610 tempure
1162 2526 1214 2591 sti-

62 2631 137 2717 patis
151 2631 188 2693 ad
204 2629 267 2692 eius
285 2649 440 2693 earerrmm
457 2629 486 2691 iu
500 2648 601 2691 arensa
620 2627 741 2711 panibus
754 2627 895 2689 inuitant:
920 2626 1002 2710 isque
1019 2641 1120 2712 aperto
1138 2631 1214 2692 lora·

61 2734 141 2797 mine
156 2753 174 2796 e
190 2730 310 2796 latebris
326 2732 468 2816 erumpit,
492 2743 579 2815 atque
594 2729 642 2793 nbi
659 2749 712 2813 pro
728 2750 782 2792 saa
800 2730 956 2793 radiditate
973 2730 1160 2794 stoliditatem
1180 2733 1214 2796 it-

61 2836 156 2899 lorum
171 2835 302 2917 agnovit,
327 2854 455 2898 mensam
471 2833 673 2897 conscendens
688 2833 796 2895 cirrum
813 2853 902 2917 panes
918 2832 1092 2917 implicatur.
1127 2833 1213 2898 llane

62 2937 311 3002 absolutissimum
334 2957 401 2999 esse
423 2934 595 2999 sacrificinm
617 2945 750 2997 oerrsent.
797 2933 898 3014 Unde,
931 2946 962 2998 ut
983 2957 1000 2998 a
1023 2937 1145 3021 quodam
1166 2959 1214 3001 ae·

63 3039 144 3125 cepi,
175 3062 233 3103 non
257 3041 342 3103 medo
365 3059 455 3124 panes
477 3039 549 3100 istos
569 3037 672 3120 qnibns
690 3038 916 3100 eirenmvolutns
935 3049 980 3102 est
995 3060 1117 3124 serpens
1135 3042 1213 3102 dran-

62 3152 135 3228 gont
156 3164 190 3206 ae
212 3143 405 3219 distribuunt,
436 3141 488 3203 sed
510 3141 598 3203 etiam
622 3140 743 3223 quilibet
764 3141 879 3203 admeto
902 3163 953 3204 ere
972 3154 1137 3228 serpentem
1159 3164 1213 3206 ex·

62 3245 229 3324 oseulatur,
251 3246 316 3309 sire
332 3243 515 3307 cantionibus
532 3241 701 3326 quibusdam
717 3243 752 3305 ad
768 3245 1016 3307 mansuetudinem
1033 3245 1124 3308 bestia
1141 3245 1213 3307 mol·

61 3349 148 3427 litur,
177 3349 242 3412 slve
264 3348 321 3413 elio
344 3346 494 3410 daemonis
517 3345 640 3409 artifieio
659 3346 783 3409 innocua
806 3347 945 3410 redditur.
991 3345 1076 3409 Hane
1098 3347 1212 3430 quidem

62 3453 188 3516 adorant
202 3451 301 3515 miseri
317 3459 347 3513 et
361 3448 566 3513 eucharistiam
583 3460 701 3529 nocant,
724 3470 788 3511 euna
804 3449 952 3534 appositos
968 3470 1057 3534 panes
1074 3450 1212 3513 tortuosis

61 3553 187 3617 denibus
208 3574 244 3616 ae
262 3550 570 3618 circumvolutionibus
588 3552 734 3616 ambierit.
779 3553 825 3615 dr
843 3553 955 3614 demum
973 3573 1137 3636 supremum
1162 3575 1212 3638 pa·

61 3665 176 3721 rentem
198 3677 250 3742 per
269 3656 368 3734 illum,
393 3665 425 3718 ut
442 3655 551 3731 aiunt„
568 3654 751 3719 celebrantes
773 3654 911 3742 mysteria
934 3676 987 3718 sua
1009 3653 1173 3739 perbeiont.

147 3858 230 3946 Quas
252 3861 366 3946 quidem
390 3861 514 3947 ineptias
538 3863 714 3927 vanissimas
735 3881 802 3925 esse
824 3860 1004 3946 ludibrioque
1026 3861 1211 3947 dignissimas
1229 3867 1289 3936 rap.
1303 3869 1345 3918 vt.

62 3984 150 4029 nemo
167 3986 224 4029 nan
243 3964 368 4042 dixerit,
399 3985 494 4048 neque
511 3985 583 4031 vero
600 3964 707 4030 divinis
725 3985 765 4028 ex
780 3964 923 4048 scriptura
940 3966 1116 4051 depromptis
1131 3967 1211 4028 testi-

61 4067 169 4131 moniis
191 4067 288 4132 arrius
306 4067 500 4147 refellendas,
535 4087 601 4131 eum
623 4088 675 4153 per
696 4088 764 4132 sese
782 4067 917 4146 cuilibet,
950 4068 998 4152 qui
1016 4069 1055 4132 sit
1071 4069 1210 4132 narrando

61 4168 182 4254 ingenio
205 4171 353 4255 praeditus
376 4191 461 4253 quam
483 4169 635 4234 ridienlum
657 4170 697 4233 sit
719 4179 810 4233 totum
831 4169 901 4233 illud
923 4173 1069 4255 negotium
1091 4173 1210 4236 demon·

62 4273 149 4336 strari
167 4273 270 4357 pessit.
315 4271 398 4335 Nilril
416 4273 492 4336 enim
512 4283 628 4358 praeter
646 4273 907 4358 contemptissimas
927 4275 1090 4339 fabulosae
1109 4277 1209 4340 deliria

61 4458 209 4527 maerentes
222 4453 276 4527 ἤδη
287 4457 417 4528 γινώσκων
431 4458 477 4526 rulo
487 4463 621 4512 desiderau-
691 4460 749 4513 Car.
763 4462 805 4513 Vt.
823 4493 854 4502 -
879 4464 900 4516 1.
919 4467 1033 4529 descripsi·
1050 4466 1092 4520 δεῖ
1103 4480 1147 4530 pro
1164 4464 1209 4527 ele,

60 4531 312 4592 emercarentur.
345 4532 455 4594 deposuit
469 4545 498 4581 ea
512 4533 622 4583 ruamur
655 4533 717 4594 quand
732 4537 976 4595 macetranorum,
993 4537 1209 4598 sedpraetrratru·

62 4612 92 4648 ιε
109 4599 159 4648 aad
178 4600 296 4650 taurona.
655 4606 747 4653 staram
762 4607 830 4666 atque
845 4606 988 4654 ambatiam.
