3046 5084
143 980 209 1047 Κεφ.
226 980 259 1051 γ’.

278 328 339 391 696
700 339 1005 390 ειαοειεειεειιαιι

278 456 332 538 τήν
354 455 450 537 σάρκα
473 467 536 534 τοῖς
557 459 663 522 ἑαυτοῦ
685 466 849 539 μαθηταῖς,
872 460 922 521 καί
945 454 1105 535 α’ναλόσας,
1129 459 1239 541 φησίν,
1261 456 1354 541 ιιιῖτῆν
1373 457 1427 541 τήν

278 559 508 643 ένανθράπησιν
524 563 631 624 ἑαυτοῦ
649 558 803 643 ἀπεμέρισε
820 558 907 625 πάλιν
926 558 1036 648 έκάστςο
1054 566 1113 625 τοῖν
1130 564 1282 643 στοιχείων
1300 558 1332 627 τό
1349 564 1428 626 ῖδιον

279 658 428 740 α’ποδοδς,
450 661 483 726 τό
501 661 615 747 θερμόν
630 669 670 749 τῷ
686 669 805 749 θερμῷ,
827 662 860 727 τό
879 660 997 746 ψυχρόν
1017 669 1057 750 τῷ
1078 669 1199 750 ψυχρῷ,
1221 661 1256 727 τό
1279 660 1367 746 ξηρόν
1387 672 1427 751 τῷ

279 767 375 850 ξηρῷ,
398 763 431 828 τό
455 762 547 849 όγρόν
569 772 610 853 τῷ
634 762 728 852 όγρῷ·
750 767 800 829 καλ
825 764 919 840 οὕτως
942 763 1080 840 διαλύσας
1102 762 1151 829 ἄπ’
1171 761 1267 831 αότοῦ
1288 765 1374 831 πάλιν
1394 765 1426 832 τό

279 867 421 949 ένσαρκον
444 874 528 948 σῶμα
551 866 660 948 άνέτττη
682 869 724 941 είς
744 865 796 931 τόν
818 865 960 951 οὐρανόν,
982 865 1056 931 ὅθεν
1079 869 1128 932 καί
1150 860 1213 950 ήκε.

363 971 423 1032 Καὶ
440 962 463 1033 ὦ
479 976 588 1051 πολλῆς
601 973 834 1054 δραματουργίας
849 976 908 1034 τῶν
922 968 957 1033 τά
974 977 1095 1034 τοιαῦτα
1111 968 1264 1055 λεγόντων,
1287 968 1331 1047 οῖς
1344 976 1428 1036 παντί

277 1097 318 1159 τῷ
333 1071 425 1150 σαφές
440 1075 494 1153 εἴη,
517 1076 614 1154 μίμων
630 1079 737 1154 μᾶλλον
749 1072 938 1156 ἐργαστήριον
953 1070 1027 1157 ήπερ
1042 1074 1211 1158 ἐπαγγελίας
1223 1079 1301 1155 ζωῆς
1314 1072 1337 1156 ἦ
1350 1076 1428 1139 σννέ-

278 1195 351 1249 σεως
367 1182 534 1258 χαρακτῆρα
550 1176 740 1256 κεκτημένων.
774 1177 828 1259 ,El
849 1173 903 1258 γάρ
920 1173 994 1249 όλως
1010 1176 1091 1239 έλνεν
1106 1172 1177 1241 αιῖτό
1201 1173 1234 1241 τό
1253 1182 1339 1258 σῶμα
1357 1174 1428 1261 ὅπερ

278 1279 389 1357 εἴληφε,
407 1281 463 1341 τίνι
478 1285 518 1364 τῷ
535 1277 610 1366 λόγῳ
628 1275 678 1340 ἀπ’
693 1273 784 1359 άρχῆς
799 1275 871 1341 αότό
885 1279 977 1364 έαυτῷ
992 1276 1212 1356 κατεσκεύαζενς
1245 1280 1288 1341 Et
1304 1279 1337 1343 δέ
1350 1302 1430 1343 κατε-

279 1377 394 1455 σκεύαζε
412 1376 461 1442 διά
478 1406 543 1443 τινα
557 1387 674 1463 χρῆσιν,
705 1376 855 1443 ἀπετέλεσε
869 1379 901 1442 δέ
917 1377 949 1443 τό
968 1382 1054 1464 ἔργον
1069 1387 1121 1462 τῆς
1134 1378 1280 1464 χρήσεως,
1303 1384 1362 1446 ἔδει
1379 1408 1428 1445 κοι-

279 1489 414 1561 ταλεῖψαι
436 1478 506 1544 αότό
531 1484 561 1545 έν
583 1489 618 1570 τῆ
641 1489 695 1570 γῆ,
725 1480 847 1562 μάλιστα
864 1478 933 1546 καθ’
948 1478 1025 1562 όμῖις
1042 1488 1095 1563 τῆς
1111 1482 1185 1546 κατά
1202 1480 1257 1565 τῆν
1271 1480 1429 1549 όνιῖστασιν

277 1592 330 1665 τῆς
348 1581 456 1666 σαρκός
473 1585 589 1658 ἐλπίδος
604 1587 700 1658 εῖδους
722 1581 762 1665 μή
775 1589 874 1668 χρείαν
890 1586 1006 1665 έχοντος
1021 1592 1219 1666 τελειωθῆναι.
1262 1582 1348 1651 ’And
1364 1582 1428 1651 εῖνέ·

279 1707 382 1765 στησεν
400 1683 471 1749 ον’τό
489 1687 591 1763 πάλιν,
619 1689 669 1749 λ’να
688 1689 728 1761 είς
745 1684 873 1768 κάματον
892 1686 996 1751 έαντὸν
1011 1686 1063 1769 τήν
1079 1691 1193 1768 μείζονα
1213 1685 1352 1770 ἐμβάλοι,
1380 1691 1430 1753 1ι’νιι

281 1789 372 1870 μηδὲν
388 1785 526 1875 ω’φελήση
539 1787 775 1867 κατασκευάζων,
797 1792 846 1854 καὶ
862 1791 894 1854 έν
908 1787 1033 1871 μνήματι
1049 1786 1279 1873 άποτιθίμενος,
1302 1792 1356 1855 καλ
1370 1794 1431 1857 δικ·

278 1889 356 1955 λάων
372 1892 421 1955 καί
438 1896 559 1975 μερίζων
575 1889 687 1979 ἑκάστῳ
703 1898 763 1955 τῶν
777 1896 927 1973 στοιχείων
942 1890 1016 1975 ὅπερ
1033 1889 1100 1977 παρ’
1119 1890 1211 1957 αὐτοῦ
1228 1894 1364 1976 είληφεν,
1392 1890 1432 1970 σός

280 1992 441 2078 εόγνοέμων
462 1995 667 2077 χρεοφειλέτης.
713 1996 771 2057 Ka}
795 1997 822 2057 εί
842 1993 917 2069 ὅλως
934 1992 1045 2083 ἑκάστῳ
1063 1992 1221 2072 άπεδίδου,
1250 1996 1383 2061 τουτέστι
1399 1994 1431 2062 τό

280 2095 397 2179 ψυχρόν
414 2104 454 2184 τῷ
472 2102 594 2183 ψυχρῷ,
616 2098 665 2159 καί
684 2095 715 2160 τό
731 2096 846 2181 θερμόν
860 2104 900 2184 τῷ
914 2101 1033 2185 θερμῷ,
1055 2094 1184 2179 ήδάνατο
1199 2104 1291 2163 ταῦτα
1305 2096 1348 2180 μή
1364 2095 1432 2183 δρᾶ-

279 2211 351 2264 σθαι
370 2208 433 2274 τοῖς
450 2196 542 2263 αότού
559 2207 723 2280 μαθηταῖς,
753 2189 810 2263 ἄλλ’
826 2198 862 2263 οό
881 2199 938 2281 μῆν
956 2197 987 2263 τό
1005 2203 1090 2282 σῶμα
1108 2197 1140 2263 τό
1159 2200 1258 2284 ξηρόν.
1307 2198 1433 2277 Πάντως

159 2335 210 2379 pag.
223 2326 267 2371 ιω.
281 2302 336 2389 γάρ
352 2300 384 2366 τό
401 2299 490 2384 ξηρόν
506 2299 589 2381 σῶμά
606 2304 680 2379 ἔστι,
703 2300 775 2385 σάρξ
791 2304 841 2366 καὶ
857 2300 956 2380 όστέα,
978 2304 1029 2366 καλ
1043 2300 1076 2366 τό
1089 2298 1182 2386 όγρόν
1196 2300 1316 2379 πάντως
1331 2304 1434 2387 ι’χοῖρίς

145 3852 213 3924 Κεφ.
231 3853 263 3911 δ’.

281 2409 346 2484 εἰσι,
370 2405 420 2469 καὶ
436 2402 508 2488 σάρξ
523 2406 564 2478 είς
579 2401 725 2488 ὑγρότητα
740 2405 928 2486 διαλοομένη·
951 2403 1036 2468 ἅτινα
1049 2402 1167 2480 πάντως
1180 2413 1243 2481 τοῖς
1256 2402 1434 2484 ιῖποστόλοις

280 2505 470 2591 φανερώτατα
488 2503 702 2587 άποτιθέμενος
719 2505 870 2588 ἐσήμανεν,
894 2504 934 2582 ολς
950 2509 1001 2571 καὶ
1018 2505 1051 2572 τό
1068 2514 1200 2593 πρῶτον,
1223 2504 1272 2574 ότι
1287 2506 1433 2575 ἐθάπτετο

278 2610 311 2675 τό
329 2608 421 2674 αότοῦ
437 2615 537 2691 σῶμα,
565 2614 738 2690 κατηξιοῦτο
751 2606 859 2691 Ἰωσήφ
882 2607 900 2674 ό
917 2607 975 2673 άπό
990 2607 1184 2694 ’Λριμαθαίας
1199 2611 1345 2689 έντολίξαι
1360 2608 1432 2677 ιιιῖτιῖ

282 2717 312 2778 έν
331 2710 462 2790 σινδόνι,
484 2712 535 2774 καὶ
551 2709 722 2775 άποθέσθαι
738 2713 770 2776 έν
785 2711 921 2795 μνήματι.
956 2711 1038 2794 ’Ἅμα
1051 2712 1083 2777 δέ
1097 2714 1148 2777 καλ
1161 2714 1196 2776 αλ
1205 2720 1346 2797 γυναῖκες
1357 2710 1433 2797 είχον

281 2819 353 2879 ίδεῖν
371 2842 429 2879 που
447 2818 626 2895 κατελείφθη
648 2812 683 2876 τά
702 2819 843 2894 λείψανα,
871 2818 922 2878 ’ίνα
939 2812 1015 2878 αὐτοὶ
1031 2813 1176 2896 τιμήσωσι
1190 2811 1241 2880 διά
1260 2812 1367 2901 μόρων
1382 2818 1434 2883 καί

281 2917 462 3000 ἀρωμάτων,
485 2914 525 2991 ιός
543 2914 575 2980 τό
591 2922 718 2999 πρῶτον.
762 2914 831 2979 Ἀλλ’
848 2913 984 2997 οὐδαμοῦ
1002 2915 1035 2980 τό
1051 2919 1166 2997 ψεῦδος
1180 2914 1268 3001 δμιῖν
1278 2926 1369 2987 τοῦτο
1386 2924 1432 2985 δτ-

281 3020 422 3103 δήλωται,
453 3046 475 3082 ω
495 3016 711 3100 Ἀπελληϊανοῖ,
741 3015 800 3083 οῖπδ
824 3017 890 3094 ἑνός
909 3026 967 3083 τοῖν
987 3016 1079 3103 οῖγίων
1097 3016 1283 3087 οῖποστόλων·
1317 3018 1358 3087 οεῖ
1377 3020 1433 3109 γάρ

281 3127 365 3189 έστιν.
408 3120 491 3184 Ἀλλά
508 3120 579 3196 τοδς
593 3122 647 3203 μέν
662 3118 808 3205 άοράτοος
823 3119 936 3206 ὁρατῶς
953 3118 1032 3186 είδον
1047 3120 1103 3188 δόο
1119 3120 1244 3208 ἄνδρας,
1273 3125 1326 3190 καί
1342 3120 1434 3191 ιιτῖτδν

281 3231 322 3302 είς
336 3222 465 3311 οὐρανόν
478 3221 681 3307 α’νερχόμενον,
703 3225 754 3287 καί
768 3220 828 3288 όπό
842 3224 963 3305 νεφέλης
976 3232 1122 3307 φωτεινῆς
1135 3222 1432 3311 δπολομβιινόμινοτ,

281 3334 421 3408 λείψανον
440 3329 470 3391 δέ
488 3323 581 3390 αὐτοῦ
597 3324 731 3405 ου’δαμοῦ
746 3329 1013 3409 καταλελειμμένον·
1036 3326 1074 3393 οδ
1090 3326 1145 3413 γάρ
1163 3330 1265 3411 ἐχρῆν,
1287 3326 1360 3397 οιῖδδ
1375 3332 1434 3397 ln·

281 3433 385 3513 δέχετο.
431 3432 490 3494 Καὶ
512 3428 651 3510 ψεύδεται
673 3426 825 3512 Ἀπελλῆς,
847 3431 897 3493 καὶ
918 3432 950 3494 οῖ
969 3426 1018 3494 ἄπ’
1040 3428 1132 3497 νότοῦ
1152 3428 1364 3515 Ἀπελληῖιτνοί.

371 3840 412 3906 Τό
427 3840 516 3921 όμοια
529 3842 561 3906 δέ
574 3848 614 3930 τῷ
629 3843 737 3906 ἑαυτοῦ
748 3839 886 3931 έπεστάτη
904 3845 1062 3927 Μαρκίωνι
1074 3844 1144 3927 περί
1153 3864 1185 3907 τε
1198 3848 1252 3927 τῆς
1264 3840 1355 3929 ἔλλης
1367 3866 1436 3933 σαρ-

282 3942 335 4018 κός
356 3948 406 4008 καί
429 3951 488 4008 τῶν
509 3942 602 4010 άλλων
618 3943 730 4028 ὁμοίως
746 3942 938 4030 ήδογμάτισε,
969 3942 1093 4026 φάσκων
1113 3942 1154 4029 μῆ
1175 3940 1250 4011 είνιιι
1272 3942 1437 4017 Mam

282 4055 408 4127 νεκρῶν,
438 4048 488 4111 καί
505 4045 540 4110 τά
555 4046 640 4128 ἄλλα,
671 4046 783 4134 ὅσαπερ
799 4050 847 4115 ἐπὶ
865 4055 917 4130 τῆς
933 4054 988 4133 γῆς
1003 4050 1102 4125 ἔδοξεν
1118 4044 1229 4131 δμοίως
1242 4050 1436 4135 δογματίζειν.

282 4146 528 4233 Ἀνατραπήσεται
542 4150 574 4215 δέ
587 4147 605 4216 ό
620 4148 712 4215 αὐτοῦ
724 4149 862 4235 λογισμός
876 4148 970 4236 ληρός-
978 4176 1022 4226 τις
1036 4142 1155 4229 οἲν,’κιιί
1167 4148 1244 4216 κατεῖ
1255 4150 1358 4219 πάντα
1369 4152 1438 4241 τρό-

284 4276 342 4316 πον
357 4256 584 4336 πεπλανημένος.
632 4252 708 4318 Οότε
723 4252 777 4339 γάρ
793 4252 903 4337 ίσχόσει
915 4251 1020 4329 σκότος
1033 4254 1110 4319 ἔνθα
1123 4251 1157 4320 τδ
1171 4258 1239 4335 φιῖς
1251 4260 1439 4343 παρεφάπ-

284 4380 347 4433 ται,
379 4355 445 4421 οότε
466 4357 498 4422 τό
519 4359 632 4437 ψεῦδος
649 4356 828 4439 σταθήσεται
846 4354 939 4438 ον”σης
959 4364 1011 4439 τῆς
1027 4352 1177 4438 άληθείας.
1220 4358 1265 4421 Et
1282 4358 1342 4445 γὰρ
1360 4358 1439 4439 ’ἅλις

285 4459 420 4543 κέχρησαι
442 4468 507 4536 ταῖς
525 4468 668 4545 γραφαῖς,
699 4452 861 4543 άἏπελλῆ
882 4461 935 4524 καί
955 4462 987 4525 οῖ
1005 4456 1064 4525 οῖπό
1086 4464 1142 4525 σοῦ
1156 4456 1378 4547 Ἅτηλληταολ,
1407 4466 1439 4545 ξ
