3046 5084
395 394 530 446 neuneu
545 394 608 449 arn.
620 396 640 447 ι.
659 396 741 449 rou.
752 396 785 447 ιι.
800 396 899 447 nune.
913 370 1016 448 xirxr.
1214 386 1274 449 35⁵

130 512 200 578 lium
225 514 317 593 leste,
347 534 423 598 quae
444 512 481 577 ed
501 512 644 579 idolorum
662 514 769 579 cultum
787 514 918 579 instituta
933 525 1018 594 sunt,
1050 514 1134 599 primi
1148 518 1274 580 omnium

131 627 304 695 accurruut3
335 628 367 679 ut
389 636 483 700 neque
502 616 540 679 ab
556 636 658 680 eorum
673 614 722 701 qui
738 636 803 679 cnm
820 615 921 680 bestiis
938 616 1119 701 depugnant,
1148 627 1199 679 aut
1213 616 1275 701 gle-

130 718 273 783 dietorum
291 718 384 781 loedis
400 718 458 782 illis
473 738 508 781 ac
522 718 578 781 deo
594 719 704 804 pariter
715 728 801 801 atque
819 717 980 781 bominibus
995 717 1167 782 execrandis
1183 718 1275 802 perri·
1377 712 1382 721 '

131 822 256 906 cidiiqne
278 819 373 905 plenis
393 820 568 904 spectaculis
585 820 700 905 peridem
720 818 833 883 illorum
855 819 1030 883 abstineant.
1074 820 1136 882 Alii
1157 820 1223 883 dum
1244 820 1274 882 in

128 922 326 1007 voluptatibus
348 922 480 1006 corpoeis
502 942 536 985 ac
555 921 721 985 libidinibus
742 921 857 985 assidue
876 922 1060 1002 volutentur,
1092 921 1219 985 carnalia
1240 942 1273 985 se

129 1024 307 1102 cerealibus,
326 1044 362 1087 ac
377 1022 554 1109 spiritalibus
569 1020 712 1109 spiritalia
727 1023 849 1087 reddere
866 1024 1046 1106 profitentur.
1078 1021 1273 1107 Quamobrem

129 1126 259 1190 nonnulli
279 1126 351 1189 clem
369 1136 469 1211 stupra
492 1147 556 1189 cum
575 1124 753 1189 mulierculis
771 1124 939 1211 disciplinae
959 1125 1043 1189 buius
1061 1146 1132 1189 suae
1150 1125 1272 1189 alumnis

130 1239 290 1306 exercent,
314 1229 341 1293 id
359 1228 435 1313 quod
451 1227 607 1313 pleraeque
627 1226 694 1291 olim
713 1225 749 1289 ab
766 1226 823 1289 illis
840 1227 994 1313 deceptae,
1018 1248 1053 1290 ec
1071 1239 1218 1313 postremo
1236 1229 1271 1291 ad

129 1329 282 1393 ecclesiam
304 1330 350 1393 dei
373 1350 512 1393 reversae
531 1329 609 1393 iuter
632 1329 705 1392 alios
727 1348 844 1393 errores
862 1349 1001 1415 persaepe
1019 1332 1172 1394 confessae
1189 1342 1268 1393 suut.

129 1427 206 1495 Sunt
220 1443 250 1496 ct
264 1432 312 1516 qui
327 1432 436 1517 pudore
451 1430 529 1495 omui
544 1431 652 1516 posito,
668 1451 864 1515 qurescumque
880 1431 1017 1495 mulieres
1031 1432 1202 1511 ademerint,
1223 1453 1271 1518 pa·

129 1532 184 1596 lero
206 1555 224 1596 a
244 1533 316 1597 viris
333 1532 471 1597 abductas
493 1554 545 1618 pro
566 1532 704 1616 legitimis
725 1533 866 1596 uxoribus
883 1532 1000 1597 babent.
1046 1530 1106 1598 Sed
1124 1532 1189 1612 alii,
1221 1534 1270 1619 qui

127 1655 160 1697 se
177 1633 317 1721 principio
334 1654 468 1701 sororum
487 1634 552 1698 illes
570 1634 634 1698 loco
654 1634 802 1699 honestius
819 1634 927 1699 babere
946 1635 1168 1714 simulaverant,
1200 1658 1270 1721 peu·

126 1737 204 1801 latim
221 1736 328 1801 detecti
344 1747 424 1815 suut,
448 1758 484 1801 ec
498 1756 662 1823 praegnans
675 1736 797 1820 denique
812 1758 899 1800 soror
911 1757 949 1800 ex
966 1737 1158 1802 contubernio
1172 1739 1269 1802 fratris

124 1839 255 1903 iuventa.
295 1836 361 1903 Dici
376 1860 435 1903 uon
453 1849 548 1925 potest
564 1858 648 1921 quem
664 1837 749 1923 impia
764 1859 798 1902 ac
813 1839 982 1902 detestanda
997 1840 1052 1903 elie
1069 1840 1176 1925 flagitia
1191 1862 1269 1905 com·

125 1941 257 2023 mittant,
280 1961 355 2025 quae
373 1942 439 2005 dum
458 1938 583 2019 iaciunt,
608 1960 662 2003 uos
676 1939 806 2018 scilicet,
830 1940 878 2023 qui
897 1962 966 2024 pree
984 1942 1029 2004 dei
1046 1940 1150 2005 timore
1166 1963 1203 2006 ne
1219 1964 1269 2006 co·

123 2043 264 2127 gitationc
282 2042 331 2107 vel
346 2062 483 2108 sermone
501 2041 615 2126 quidem
632 2041 728 2105 scelus
744 2040 830 2105 ullum
846 2041 997 2105 admittere
1016 2044 1182 2122 studemus,
1207 2054 1270 2108 teu·

124 2166 208 2230 qoem
232 2144 339 2209 idiotes
362 2155 448 2229 atque
470 2144 620 2229 imperitos
641 2144 791 2221 derident,
821 2164 854 2207 se
874 2163 946 2206 vero
965 2143 1085 2207 mirifice
1103 2145 1270 2229 praedicent

125 2269 160 2311 ac
176 2247 323 2332 perlectos
338 2246 471 2311 homiues
484 2247 663 2331 electamque
677 2246 797 2331 stirpem
813 2245 973 2309 nominent.
1017 2243 1084 2309 Nos
1100 2245 1177 2309 enim
1188 2247 1269 2311 velot

124 2359 229 2421 mutuo¹
245 2349 368 2434 gratiam
392 2349 428 2412 ad
447 2370 529 2413 usum
551 2349 700 2434 accipere,
732 2368 824 2432 eaque
839 2358 991 2433 propterea
1012 2348 1177 2432 spoliandos
1195 2350 1269 2413 offir-

125 2462 216 2529 ment,
241 2450 296 2514 sibi
313 2451 394 2514 velut
409 2451 583 2534 peculiarem
599 2450 739 2515 eccidisse
758 2451 986 2535 possessionem,
1010 2470 1083 2534 quae
1099 2449 1135 2514 de
1148 2451 1270 2516 coelesti

123 2553 277 2638 coniugio,
301 2553 377 2637 qnod
393 2574 487 2637 neque
505 2552 603 2617 verbis
619 2552 743 2639 exprimi
759 2573 854 2636 neque
869 2552 1011 2616 nominari
1027 2562 1140 2639 potest,
1164 2573 1223 2616 uua
1238 2552 1268 2616 in

121 2677 155 2720 se
171 2654 372 2737 descenderim
404 2655 472 2720 ideo
486 2677 591 2720 noram
610 2655 746 2720 etiamad
762 2676 826 2719 eam
844 2676 929 2739 qnam
946 2654 1053 2718 babent
1067 2656 1265 2720 accessionem

122 2760 260 2823 intorem.
305 2754 453 2822 luteresse
468 2758 558 2843 igitur
573 2779 627 2822 sua
643 2756 807 2843 plurimum,
832 2767 863 2820 ut
877 2778 1055 2842 quacumque
1071 2757 1185 2823 retione
1200 2780 1267 2846 pos-

122 2871 191 2925 sunt
203 2859 330 2945 coniugii
345 2859 516 2946 mysterium
533 2860 602 2924 illud
618 2870 790 2939 exerceant,
814 2860 898 2944 idque
913 2861 1005 2945 ipsum
1020 2861 1132 2925 stolidis
1145 2861 1267 2928 bomini·

123 2963 178 3027 bus
191 2962 237 3026 bis
251 2964 313 3027 lere
327 2962 427 3027 serbis
441 2963 627 3049 persuadent.
669 2960 851 3045 Quicumque
866 2984 930 3025 cum
946 2961 976 3026 iu
989 2964 1096 3027 mundo
1110 2975 1191 3029 esset
1205 2986 1267 3028 mu·

122 3064 226 3129 lierem
240 3086 298 3129 nou
315 3065 474 3143 amaverit,
499 3076 531 3129 ut
545 3084 609 3129 earn
625 3065 660 3127 ιι
677 3084 804 3128 amorem
820 3085 902 3128 suum
919 3065 1083 3150 pelliceret,
1107 3088 1124 3130 a
1141 3067 1266 3131 veritate

121 3168 235 3233 alicnus
256 3179 318 3247 est,
350 3188 406 3231 uec
426 3166 462 3229 ιι
486 3186 551 3230 eam
574 3164 738 3251 perveniet.
784 3162 844 3229 Sed
865 3167 995 3252 quisquis
1017 3179 1098 3232 ortus
1121 3189 1137 3232 e
1159 3169 1265 3232 mundo

122 3270 256 3335 muliebri
271 3290 331 3334 nou
347 3279 394 3333 est
410 3289 510 3332 amore
527 3278 699 3352 correptus,
721 3288 757 3331 ue
772 3268 832 3352 ipse
848 3268 961 3353 quidem
978 3269 1014 3334 ad
1030 3271 1183 3335 veritatem
1200 3290 1265 3356 per·

120 3372 237 3452 veniet,
269 3373 345 3458 quod
369 3393 427 3435 uon
447 3371 577 3435 mulieris
597 3372 752 3456 cupiditate
770 3372 948 3455 flagraverit.
993 3368 1059 3435 Nos
1077 3372 1174 3456 itaque
1193 3394 1265 3456 quos

121 3474 262 3540 animales
278 3473 445 3553 nominant,
470 3493 594 3559 esseque
612 3473 649 3537 dc
665 3473 772 3537 mundo
790 3484 937 3554 statuunt,
962 3475 1151 3558 temperentia
1168 3484 1199 3538 ct
1214 3475 1265 3539 bo·

120 3578 212 3642 uestis
228 3576 392 3642 actionibus
407 3576 550 3661 indigere,
570 3574 673 3660 quibus
689 3576 863 3640 mediocrem
877 3575 914 3639 ad
932 3575 1080 3660 regionem
1098 3576 1263 3659 efferamur,

119 3702 185 3744 cum
206 3680 339 3766 ipsimet,
370 3690 469 3764 utpote
491 3677 639 3764 spiritales
660 3699 695 3742 ac
716 3679 857 3765 perlecti,
887 3677 958 3741 nibil
980 3677 1080 3742 borum
1101 3678 1262 3763 requirent.

119 3778 190 3847 Nou
206 3782 285 3847 caim
300 3782 446 3846 actionem
462 3782 499 3845 ιι
516 3778 650 3846 Pleroma
666 3782 847 3867 proreberc,
871 3781 922 3844 sed
939 3799 1038 3843 semen
1054 3780 1164 3867 ipsum,
1188 3782 1265 3866 quod

120 3882 201 3949 illinc
219 3895 351 3949 tenerum
367 3906 402 3949 ac
418 3883 499 3948 velut
512 3882 609 3948 iulans
626 3884 781 3948 demissum
798 3883 845 3946 bic
861 3881 934 3967 apud
951 3903 1005 3946 nos
1019 3882 1181 3949 absolutum
1198 3884 1264 3949 red-

119 3986 208 4051 ditur.
252 3988 351 4072 Atque
370 3985 418 4050 ubi
437 4006 538 4049 semen
558 4006 643 4050 omne
662 3988 819 4072 perlectum
838 3985 941 4061 luerit,
977 3995 1036 4048 tum
1052 3985 1181 4071 ipsorum
1197 3982 1263 4050 Μι-

119 4098 192 4152 trem
209 4082 373 4154 Abbamotb
389 4109 429 4151 cx
445 4087 541 4152 media
556 4087 605 4152 illa
620 4088 690 4152 sede
704 4086 870 4164 transferri,
887 4096 918 4149 ιι
932 4086 1006 4150 intra
1021 4085 1156 4152 Pleroma
1170 4088 1261 4174 recipi

119 4201 271 4274 oportere,
302 4212 357 4257 uec
373 4212 432 4256 nou
447 4200 479 4255 ct
492 4210 630 4276 sponsum
647 4210 732 4253 suum
746 4208 937 4273 recuperare,
970 4187 1153 4256 salvatorem
1168 4192 1259 4275 illum,

150 4410 176 4466 9.
191 4408 336 4481 ιγκιιμοις
352 4415 404 4466 cod.
419 4416 473 4465 Vere
707 4414 768 4463 uuo
783 4415 830 4464 Vel.
846 4413 974 4477 interpres,
996 4416 1037 4479 qus·
1053 4411 1115 4468 leba
1128 4410 1158 4469 dl
1170 4416 1262 4468 uuam

151 4480 191 4535 so
205 4475 236 4536 οι
247 4478 350 4547 πράξεις
358 4478 408 4551 γάρ
420 4481 458 4543 ιιι
466 4476 610 4548 πληρισιις
618 4472 675 4548 deca
708 4484 795 4546 boore.
918 4524 920 4529 ,
1160 4538 1165 4553 ⁵

117 4550 169 4601 cod.
183 4552 239 4603 Vm.
744 4548 782 4601 ll.
796 4551 834 4600 ιιι
841 4551 910 4600 codd.
921 4555 975 4602 ιἰιι.
987 4553 1083 4616 llbedtp.
1092 4552 1170 4603 Paris.
1187 4568 1261 4618 μετα-

153 4618 191 4669 ll.
208 4616 250 4669 bio
265 4628 349 4670 entem
361 4618 501 4687 perlectam
515 4617 609 4670 factum
623 4620 676 4670 red·
710 4619 784 4688 βῆναι
800 4620 836 4669 ιι.
851 4621 949 4671 Pelusii.
983 4620 1123 4687 μιτιθῆιαι
1139 4622 1176 4673 etl.
1186 4622 1262 4683 prmo.

992 4704 1061 4771 23*
