3046 5084
295 312 352 373 108
713 323 832 374 sANcw
849 323 1015 374 εειειιιυιι

290 434 461 521 ἀνθρώπων
476 435 528 501 τόν
543 439 621 502 ίδιον
637 437 703 502 υίδν
719 436 898 503 κατελθόντα
914 440 945 503 ἐν
963 436 1058 525 μήτρα
1075 444 1243 525 παρθενικῇ
1262 445 1439 563 σνλληῳθῇ-

290 564 347 615 ναι,
370 535 490 621 λόγον”
471 564 542 603 οντα
557 536 607 603 ἀπ’
619 537 759 623 ούρανοῦ,
782 542 814 604 ἐκ
829 539 947 604 κόλπων
960 538 1106 627 πατρώιον
1120 537 1366 624 γεγεννημένον’
1347 541 1437 624 αχρό·

289 667 348 715 νιος
367 637 460 703 καλ’
442 638 588 723 αυάρχοος,
611 639 735 705 ἐλθόντα
757 639 851 706 δέἐτά
870 641 995 724 ἐσχάτοιν
1017 648 1076 705 τών
1098 638 1229 725 ήμερών,
1251 639 1325 706 θεόν
1346 641 1439 727 λόγον

290 739 361 806 ύντα
373 743 406 805 ἐκ
420 749 495 805 θεοῦ
509 740 620 866 πατρός
633 740 782 824 ἀληθινῶς
793 740 1044 828 γεγεννημένον,
1026 743 1184 866 ομοούσιον
1199 741 1271 808 ὄντα
1281 750 1321 830 τῷ
1331 747 1437 829 πατρὶ,

289 844 340 907 καί
355 839 443 907 ούδὲν
457 841 536 928 παρά
549 842 601 909 τόν
616 846 728 927 πατέρα
741 843 945 926 ήλλοιοομένον,
968 841 1059 907 ἀλλ”
1040 871 1181 926 ατρεπτον
1195 843 1266 909 όντα
1279 847 1331 909 καλ
1346 843 1436 910 ἀναλ.

289 949 424 1022 λοίατον,
447 941 553 1026 ἀπαθῇ
567 971 596 1009 τε
612 945 702 1023 όλοις,
723 944 764 1027 μή
785 945 946 1027 πάσχοντα,
968 945 1175 1029 συμπάσχοντα
1193 948 1224 1010 δέ
1244 953 1285 1034 τῷ
1302 943 1436 1035 ἡμετέρῳ

289 1048 381 1130 γένει,
402 1045 583 1110 κατελθόντα
606 1043 656 1110 ἀπ’
676 1044 822 1128 ούρανοῦ,
845 1048 1084 1130 έγκυμονηθέντα
1108 1047 1164 1112 ούκ
1186 1045 1246 1112 άπδ
1267 1050 1436 1130 σπέρματος

290 1143 408 1230 ἀνδρός,
430 1143 501 1210 ἀλλά
515 1145 564 1210 διά
577 1145 745 1228 πνεύματος
760 1145 855 1232 άγίου,
878 1145 1028 1228 ἀληθινῶς
1042 1156 1127 1230 σώμα
1141 1147 1201 1214 ἀπό
1214 1152 1337 1232 Μαρίας
1351 1152 1435 1231 ἐσχη.

290 1245 377 1324 κότα,
399 1244 605 1312 άναπλάσαντα
623 1250 715 1336 ἑαυτῷ
731 1247 784 1330 τήν
800 1246 895 1332 σάρκα
913 1247 972 1314 ἀπό
993 1256 1046 1331 τῇς
1063 1249 1175 1334 μήτρας
1192 1257 1245 1332 τῇς
1261 1247 1360 1334 άγίας,
1381 1253 1436 1315 καλ

289 1346 389 1429 ψυχήν
404 1347 458 1430 τήν
476 1347 665 1433 ἀνθρωπείαν
682 1349 836 1432 εἰληφότα,
858 1353 909 1414 καλ
924 1358 1012 1429 νοῦν,
1034 1353 1085 1415 καί
1103 1360 1163 1417 πᾶν
1181 1356 1232 1416 1εί
1245 1357 1273 1416 τί
1290 1354 1366 1417 ἐστιν
1381 1350 1435 1416 ἀν-

290 1457 415 1533 θρωπος
436 1453 525 1535 χωρίς
540 1448 682 1536 άμαρτίας
704 1455 745 1526 είς
768 1450 872 1517 ἑαυτόν
892 1460 928 1540 τῇ
946 1454 1052 1517 ἑαυτοῦ
1075 1452 1196 1535 θεότητι
1219 1451 1435 1532 συνευώσαντα,

290 1553 496 1635 γεγεννημένον
513 1577 542 1616 τε
559 1556 592 1618 έν
608 1555 758 1636 Βηθλεὲμ,
780 1556 994 1637 περιτμηθέντα
1015 1557 1106 1642 ἐντῷ
1130 1560 1276 1643 σπηλαίῳ,
1299 1579 1435 1637 προςενε·

182 1680 233 1722 pag.
246 1672 278 1715 ευ
290 1654 398 1733 χθέντα
413 1655 444 1717 ἐν
453 1650 670 1740 Ἱεροσολύμοις,
689 1657 930 1740 ἐναγκαλισθέυτα
942 1652 1001 1720 ύπό
1018 1664 1072 1720 τοῦ
1082 1663 1250 1737 Συμεῶνος,
1269 1653 1436 1738 ἀνθομολο-

290 1755 419 1838 γηθέντα
441 1752 500 1820 ύπδ
518 1754 627 1838 ’Ἁνυης
646 1766 698 1839 τῇς
716 1764 769 1822 τοῦ
790 1758 929 1840 Φανουήλ
950 1761 1151 1842 προφήτιδας,
1175 1755 1371 1839 ἀπενεχθέντα
1392 1761 1438 1834 είς

293 1856 440 1940 Ναζαρέτ,
462 1857 589 1923 ἐλθόντα
606 1867 648 1947 τῷ
669 1862 735 1941 ἕξῇς
757 1862 881 1947 ἐνιαυτῷ
903 1857 1038 1942 όφθῇναι
1056 1859 1186 1924 ἐντόπιον
1206 1864 1312 1941 κυρίου
1330 1862 1371 1934 είς
1385 1856 1435 1924 Ἱε-

292 1956 457 2041 ρουσαλήμ,
479 1959 637 2043 γενόμενόν
652 1988 682 2027 τε
700 1965 732 2027 ἐν
750 1963 883 2044 Βηθλεὲμ
903 1959 953 2025 διά
968 1960 1023 2044 τήν
1039 1963 1206 2046 συγγένειαν
1223 1958 1284 2026 ύπδ
1306 1967 1358 2042 τῇς
1378 1988 1435 2044 μη-

291 2057 359 2143 τρός
376 2059 602 2143 βασταζόμενον,
625 2057 716 2139 αύθις
732 2063 820 2128 πάλιν
840 2068 882 2139 είς
900 2064 1032 2148 Ναζαρέτ
1054 2061 1265 2145 ἀπενεχθέντα,
1286 2063 1338 2126 καί
1358 2062 1435 2128 κατά

291 2163 429 2246 δευτέραν
452 2167 589 2249 περίοδον
613 2168 747 2231 ἐνιαυτοῦ
771 2169 814 2241 είς
836 2164 872 2229 τά
895 2162 1077 2249 Ἱεροσόλυμα
1102 2167 1151 2228 καί
1176 2163 1311 2245 Βηθλεέμ
1337 2165 1436 2246 ἐληλυ-

292 2261 384 2343 θότα,
407 2264 621 2348 βασταζόμενον
641 2266 779 2343 ώςαύτως
800 2264 859 2330 ύπό
883 2274 935 2348 τῇς
954 2270 1031 2341 ίδίας
1051 2266 1174 2349 μητρός,
1197 2267 1228 2330 ἐν
1246 2265 1381 2346 Βηθλεὲμ
1403 2266 1436 2332 δέ

293 2367 325 2429 ἐν
346 2369 425 2454 οίιιίῳ
441 2368 623 2434 κατελθόντα
640 2369 696 2434 σύν
711 2377 747 2458 τῇ
764 2372 824 2455 ίδίμ
845 2369 932 2450 μητρί
948 2369 998 2432 καὶ
1014 2365 1121 2449 Ἰωσήφ
1143 2369 1258 2452 γέροντι
1279 2364 1357 2445 όντι,
1379 2365 1436 2432 σύν

293 2474 329 2555 τῇ
341 2473 446 2556 Μαρίῳ
460 2471 492 2534 δὲ
507 2467 580 2547 όντι,
598 2468 715 2534 κάκεῖσε
727 2477 767 2558 τῷ
783 2472 909 2557 δευτέρῳ
924 2472 978 2534 ἐτει
993 2468 1086 2534 αύτού
1102 2468 1262 2553 γεννήσεως
1276 2492 1436 2535 κατοπτευ-

292 2571 384 2633 θέντα
403 2568 464 2635 ύπό
487 2577 547 2635 τῶν
561 2570 679 2656 Μάγαν
701 2578 944 2656 προςκυνηθῇναι
965 2574 1046 2656 δώρα
1069 2570 1211 2654 λαβόντα,
1233 2571 1284 2634 καί
1306 2572 1338 2636 ἐν
1359 2567 1437 2660 αύτῇ

293 2677 329 2758 τῇ
346 2673 429 2736 νυκτί
451 2669 501 2736 ἀπ’
524 2670 646 2757 ἀγγέλου
667 2681 707 2761 τῷ
729 2671 837 2755 Ἰωσήφ
861 2677 1089 2756 χρηματίσαντος
1106 2675 1147 2748 είς
1164 2676 1320 2756 Αἴγυπτον
1342 2697 1437 2756 παρα-

293 2774 460 2852 ληφθέντα,
482 2770 533 2837 άπ’
548 2777 663 2839 ἐκεῖθεν
678 2801 709 2839 τε
730 2775 818 2841 πάλιν
835 2773 884 2840 διά
903 2773 958 2839 δύο
979 2777 1052 2839 έτών
1069 2772 1321 2856 ἐπανεληλυθότα,
1342 2781 1436 2838 πελεν·

293 2869 433 2953 τήσαντος
453 2882 507 2938 τοῦ
527 2872 676 2960 Ἡρώδου,
698 2875 851 2959 Ἀρχελάου
873 2902 902 2940 τε
924 2879 1140 2958 διαδεξαμένου.

160 2990 226 3058 Κεφ.
245 2989 276 3062 β’,
382 2982 429 3062 Τῷ
454 2974 508 3062 γάρ
532 2986 693 3065 τριακοστῷ
716 2985 803 3066 τρίτῳ
827 2981 882 3043 ἐτει
904 2976 1054 3062 Ἡρώδου,
1075 2984 1295 3065 τεσσαρακοστῷ
1316 2976 1348 3041 δέ
1370 2980 1436 3041 δευ·

292 3075 366 3164 τέρῳ
381 3075 557 3164 Αὐγούστου
571 3081 713 3161 βασιλέως
727 3087 862 3164 γεννᾶται
877 3077 894 3145 6
908 3080 1005 3164 σωτήρ
1021 3082 1052 3145 ἐν
1066 3080 1201 3207 Βηθλεέμ
1218 3086 1271 3162 τῆς
1283 3077 1435 3155 Ἰουδαίας.

296 3175 414 3243 Κάτεισι
439 3182 470 3245 δέ
495 3183 536 3257 είς
558 3184 711 3266 Αίγυπτον
735 3209 776 3269 τῳ
799 3204 960 3270 τριακοστῳ
986 3185 1042 3247 ἐτει
1066 3183 1119 3246 καλ
1143 3185 1267 3269 πέμπτῳ
1289 3179 1435 3265 Ἡρώδου,

294 3277 385 3345 άνεισι
408 3280 482 3346 δέ’
463 3281 523 3348 από
544 3290 598 3366 τῇς
617 3248 772 3368 Αίγύπτού
797 3284 867 3367 μετά
888 3292 941 3367 τῇς
962 3281 1096 3366 Ἡρώδου
1119 3280 1262 3365 τελευτήν.
1306 3278 1362 3377 Διό
1386 3282 1436 3346 ἐπί

294 3381 449 3467 τριάκοντα
471 3386 558 3450 ταδ’
544 3383 617 3450 επτά
641 3389 714 3451 ἐτεσι
735 3393 788 3469 τῇς
811 3384 903 3469 αύτης
922 3394 976 3451 τοῦ
994 3383 1167 3471 Ἡρώδου’
1148 3393 1237 3470 αρχῇς
1262 3375 1299 3464 ἦν
1322 3378 1342 3447 6
1364 3408 1438 3458 παις

293 3485 439 3572 τεσσάρων
457 3486 584 3567 ἐτών,“
565 3513 614 3553 οτε
629 3484 761 3572 Ἡρώδης
776 3513 1002 3574 τριακονταεπτα
994 3486 1072 3612 ’ἐτη
1087 3485 1244 3614 πληρώσας
1258 3484 1436 3566 κατέστρεψε

295 3582 346 3648 τόν
361 3593 435 3669 βίον.
477 3588 626 3716 Ἀρχέλαος
644 3591 675 3654 ἐ
693 3593 777 3656 ἐννέα
792 3594 841 3673 ἐτη
857 3589 1012 3673 βασιλεύει,
1033 3616 1071 3655 ου
1059 3582 1154 3654 ἐν’
1135 3595 1208 3677 αρχῇ
1225 3594 1278 3710 τῇς
1292 3589 1438 3668 βασιλείας

297 3682 402 3758 361621'
398 3690 538 3775 Ιασήφ’
519 3720 562 3758 απ
561 3690 774 3778 Ἀίγύπτου”
755 3721 816 3776 αμα
831 3720 867 3782 τη
854 3697 991 3778 Μαρία
1007 3692 1058 3755 καί
1072 3716 1113 3778 τῳ
1098 3692 1220 3768 ποι,ιδλ
1241 3685 1439 3793 ἀκούσαςτόυ

296 3779 447 3867 Ἀρχέλαον
462 3794 632 3875 βασιλεύειν,
650 3792 830 3880 ἀνεχώρησεν
844 3797 886 3871 εἰς
898 3822 934 3859 τα
926 3793 1071 3878 “”μέρη
1036 3819 1088 3878 της
1099 3796 1264 3871 Γαλιλαίας,
1280 3792 1332 3856 καί
1345 3760 1439 3879 κατρί-

297 3907 360 3949 κισε
375 3887 439 3952 τότε
453 3897 495 3968 είς
509 3900 650 3983 Ναζαρέτ
692 3894 843 3981 Ἀργέλαος
859 3896 891 3960 δέ
906 3902 993 3982 γεννᾷ
1008 3893 1061 3960 τόν
1072 3892 1253 4018 Ἡρώδην
1220 3918 1272 3959 τον
1286 3891 1438 3977 νεώτερον,

298 3988 348 4051 καί
364 3992 535 4071 βασιλεύειρ
531 4000 658 4081 Ηρώδης
674 4005 716 4086 τῷ
732 3998 843 4084 ἐννάτῳ
866 3999 923 4061 ἐτει
938 4003 992 4078 τῆς
1010 4003 1064 4061 τοῦ
1087 3994 1199 4081 πατρός
1214 3991 1369 4079 Ἀρχελάου
1385 3995 1439 4073 βα-

298 4094 405 4165 σιλείας
425 4092 499 4156 κατά
520 4099 674 4183 διαδοχήν,
696 4101 747 4165 καί
768 4101 868 4184 γέγονε
886 4105 927 4186 τῇ
946 4095 1025 4186 αύτῷ
1045 4102 1181 4181 δεκατρία
1197 4100 1247 4179 ἐτη
1270 4091 1439 4179 λογιζόμουα

298 4201 334 4282 τῇ
353 4191 484 4281 ένσάρκῳ
503 4203 629 4280 Χριστοῦ
648 4205 805 4288 παρουσία.
846 4196 1102 4289 Ὀιιτακαιδεκάτῳ
1117 4200 1150 4265 δέ
1165 4201 1222 4264 ἐτει
1234 4194 1368 4281 Ἡρώδου
1384 4199 1439 4259 τοῦ

299 4297 508 4377 ἐπικληθέντος
521 4295 700 4383 Ἀγρίππου,
722 4301 787 4367 τότε
804 4300 911 4386 ήρξατο
932 4299 950 4368 6
966 4300 1078 4386 Ἰησοῦς
1094 4309 1146 4368 τού
1165 4296 1366 4382 κηρύγματος,
1387 4296 1440 4360 καί

299 4395 332 4462 τό
353 4397 504 4482 βάπτισμα
524 4397 557 4464 τδ
578 4397 637 4464 άπδ
652 4396 790 4468 Ἰωάννου
810 4404 875 4470 τότε
896 4404 1053 4489 λαμβάνει,
1073 4407 1125 4470 καί
1145 4398 1284 4487 κηρύσσει
1303 4397 1440 4466 ένιαυτδν

334 4533 393 4589 Cn.
410 4537 430 4587 1.
446 4563 480 4577 -
515 4540 537 4591 1.
554 4531 569 4591 δ’
586 4554 611 4592 τι
627 4540 736 4592 conexit
751 4544 839 4605 ίοειχιλ
856 4543 969 4606 Saeuam
