3046 5084
344 349 959 405 rennuuntuonstuunsnunn.
1166 335 1228 401 stt

74 473 114 530 ts'r
134 473 266 531 nemim
289 490 353 531 eoru
373 475 515 533 norme-t
556 475 704 533 Surrenti.
746 474 945 535 sammon·
959 490 1030 550 quoe
1047 474 1156 531 loeutus
1172 481 1225 542 est,

74 591 138 633 error
159 574 252 632 adduc
272 583 362 634 erret:
388 576 523 651 Quoorrtrm
544 585 655 655 oportet
665 575 765 654 filiun
786 575 1034 652 senespasio
1055 576 1141 634 trudi.

159 774 263 841 Reiut.
280 773 431 842 Lxxvt.
465 774 569 843 Fidens
591 777 644 843 tibi
668 779 766 843 tenere
789 797 825 840 ue
846 776 940 860 angeli
961 776 1075 861 quidem
1092 775 1141 838 isti
1160 796 1227 860 pos-

74 887 154 957 sunt,
179 900 197 942 o
210 876 339 958 Murrio,
359 879 425 943 dum
440 879 533 964 ipsum
551 879 647 947 triduo
660 880 738 945 inter
753 891 885 945 mortuos
900 888 1046 943 versatum
1062 898 1128 943 esse
1144 896 1228 963 prue-

75 980 189 1059 dunt,
213 981 395 1066 eundemque
410 993 512 1068 postea
528 982 710 1062 redivivum,
733 1003 788 1046 neo
803 983 925 1067 amplios
939 990 1096 1060 mortuum,
1120 981 1167 1065 qui
1186 981 1227 1045 di-

73 1081 196 1147 riuitsto
216 1084 331 1167 quidem
346 1083 411 1170 ipse
426 1096 568 1171 perpetuo
583 1086 684 1166 vivut,
709 1107 805 1171 neque
824 1095 946 1149 mortem
964 1083 1004 1149 sit
1018 1094 1159 1169 expertus
1175 1084 1227 1148 uli-

74 1187 206 1270 quuudo,
239 1207 328 1251 earne
347 1208 420 1252 vero
437 1188 534 1252 triduo
551 1199 685 1252 mortuus
703 1187 843 1265 inruerit,
873 1208 907 1250 se
926 1187 1022 1251 denuo
1041 1186 1142 1251 rivere
1160 1207 1228 1251 noe·

73 1288 160 1372 perit.
206 1286 258 1354 sic
272 1291 350 1354 eninr
365 1291 504 1385 rnulieres
518 1291 721 1376 alloquuntur:
744 1294 897 1366 Swrenit3
921 1294 1103 1352 nonesttir.
1149 1287 1226 1373 Quid

73 1400 170 1455 uuteru
186 1390 263 1456 uliud
277 1393 418 1478 surgendi
432 1415 507 1471 uox,
528 1393 586 1459 nisi
598 1415 666 1459 euru
681 1394 837 1458 dormiisse
852 1392 1016 1474 significati
1060 1389 1145 1474 Quod
1164 1391 1227 1475 qui·

73 1493 139 1557 dem
157 1494 341 1560 nnuuitestius
360 1506 462 1581 postea
480 1497 645 1561 desierunt:
674 1500 873 1560 discordamini
888 1493 965 1558 enirn
983 1493 1133 1578 inquiunt,
1158 1517 1226 1577 quo·

72 1599 149 1658 sebur
164 1619 227 1661 rum
242 1601 336 1661 oddus
353 1604 459 1662 viveret
473 1602 543 1663 tolio
556 1603 667 1663 loretto
679 1611 725 1662 ert
736 1601 829 1661 vodis:
854 1602 927 1677 Quen
942 1609 1053 1679 oportet
1061 1601 1128 1678 poti
1127 1599 1225 1678 filrirm

72 1700 201 1763 tonde.
354 1709 367 1730 ·

157 1799 259 1871 Soboi.
276 1800 442 1869 LXXVII.
478 1800 559 1888 Quin
573 1824 609 1869 en
624 1804 742 1868 sustulit
757 1824 830 1888 qnue
848 1799 1014 1887 Cleophae,
1039 1801 1160 1886 eiusque
1174 1822 1223 1864 so·
1236 1823 1332 1877 nuens,
1346 1826 1377 1869 ns.

72 1905 119 1968 rio
138 1905 213 1969 tion
234 1915 318 1985 suut,
350 1905 491 1971 cumillis
509 1906 656 1971 occurrite
688 1909 811 1968 Ostetti
824 1918 853 1966 et
868 1909 947 1967 tordr'
960 1908 1045 1965 corde
1059 1909 1098 1965 ad
1111 1908 1226 1966 ereden-

71 2012 136 2070 dum
160 2013 190 2070 in
213 2011 356 2084 omnebus,
391 2031 464 2092 quoe
482 2013 573 2072 locuti
589 2020 659 2071 suut
677 2011 850 2089 prophetoe!
892 2012 992 2069 Nonne
1012 2009 1081 2068 doec
1103 2012 1229 2086 oportuit

67 2114 152 2192 poti?
194 2110 241 2175 Ao
263 2133 315 2196 pro
338 2111 400 2192 bis,
430 2117 460 2175 in
478 2113 693 2193 omnibusque
708 2114 798 2173 dorou'
812 2122 880 2173 sunt
890 2112 1060 2191 prophetae,
1094 2107 1222 2192 scripsit,

70 2216 101 2274 in
122 2214 265 2288 ommim,
294 2237 367 2296 pone
382 2218 492 2277 bootes
513 2215 677 2277 emendis.
723 2210 784 2277 Sed
802 2234 841 2276 ex
859 2232 895 2275 eo
912 2210 1117 2296 redarguitur,
1148 2211 1223 2295 quod
1238 2230 1293 2274 nnn
1308 2234 1340 2276 nr.

71 2335 136 2379 oum
154 2338 255 2399 mrtem
274 2319 381 2398 fregit,
403 2322 499 2398 operti
516 2329 586 2381 runt
604 2321 695 2392 oculi,
718 2328 749 2379 et
768 2325 961 2396 coguoverunt
980 2317 1070 2376 silum.

155 2416 258 2482 Redut.
278 2416 441 2485 LXXVII.
475 2417 561 2486 Unde
577 2420 626 2484 itta
644 2418 729 2505 punis
746 2418 870 2483 deuotio?
899 2417 944 2480 dio
963 2417 1071 2493 sudes,
1095 2412 1222 2479 Murrio.

71 2517 152 2585 Nom
167 2520 203 2583 sb
220 2521 298 2584 innui
315 2521 411 2606 aliquo
428 2523 539 2601 terme,
563 2544 600 2586 eu
616 2543 633 2585 u
648 2542 773 2608 oorpore
789 2520 865 2584 mole
881 2519 979 2603 eliqua
995 2528 1166 2595 constante,
1191 2537 1224 2580 no

71 2643 178 2687 revere
195 2623 272 2686 istud
289 2635 395 2708 agente
414 2626 546 2710 proiecta
565 2627 631 2688 esti
674 2619 748 2689 Cum
769 2624 847 2688 euim
864 2632 1033 2705 resurgeret
1054 2641 1071 2684 a
1090 2621 1223 2696 mortuis,

24 2808 28 2822 Ι
70 2746 134 2788 eum
158 2724 260 2789 eodem
283 2725 334 2788 itto
354 2727 540 2791 seuotissinro
559 2747 683 2812 corpore
702 2727 799 2812 reipsa
819 2724 962 2790 surrexit.
1011 2722 1060 2786 Tu
1082 2743 1154 2787 vero
1173 2743 1225 2808 pro

71 2826 115 2891 bis
138 2828 253 2892 verbis:
285 2832 385 2892 Nonne
406 2834 475 2892 daeo
496 2842 564 2893 runt
584 2852 655 2913 pune
672 2833 763 2892 locuti
776 2841 844 2892 sunt
855 2832 1033 2910 prophetae?
1061 2825 1224 2890 rescribere

71 2951 159 2995 ausus
179 2951 227 2994 es:
254 2934 355 2994 Nonne
372 2936 442 2994 tneo
458 2945 528 2995 sunt
542 2954 613 3014 pune
629 2936 740 2995 loeutus
754 2954 815 2994 sum
832 2933 930 2993 undu?
974 2929 1064 3013 Atqui
1079 2927 1105 2992 si
1121 2928 1175 2991 boo
1192 2928 1226 2990 it-

70 3033 106 3098 iis
126 3033 265 3098 dixisset:
298 3039 423 3097 Locutus
443 3058 505 3097 rum
524 3037 616 3110 vodis,
650 3056 689 3098 ex
711 3034 748 3098 iis
772 3036 870 3118 utique
888 3032 986 3097 verbis
1004 3032 1097 3116 ipsum
1117 3052 1226 3115 rogno-

69 3157 156 3202 soore
173 3135 346 3200 debuerant.
393 3134 457 3202 Cur
472 3138 562 3223 igitur
575 3138 605 3201 in
620 3138 782 3221 frangendo
798 3156 872 3222 pane
886 3135 1021 3214 subiicit,
1043 3138 1151 3215 Aperte·
1159 3145 1227 3194 sunt

70 3241 184 3302 ιἸΙονιωι
201 3243 293 3314 oouln',
317 3251 347 3302 et
362 3252 555 3320 cognoverunt
567 3262 647 3303 eum:
672 3252 700 3303 et
714 3245 847 3304 erupuit?
890 3236 932 3301 ltu
949 3238 1054 3322 quippe
1070 3237 1155 3299 deum
1174 3236 1224 3297 de-

69 3340 166 3421 rebut,
191 3341 239 3426 qui
256 3363 364 3428 eorpus
378 3364 462 3408 suum
479 3342 509 3406 in
526 3342 656 3429 spiritale
672 3345 881 3419 eonvertisset,
905 3361 1007 3404 verum
1024 3338 1137 3423 quidem
1155 3338 1223 3400 illud

70 3444 243 3522 ostendere,
277 3446 327 3508 sod
351 3447 465 3530 quoties
482 3457 579 3510 tumen
598 3445 731 3510 libuisset
746 3444 911 3509 mortalium
928 3443 1021 3506 nentis
1038 3439 1221 3516 subtrahere,

69 3548 184 3631 quaudo
206 3547 276 3611 nibil
301 3558 348 3612 est
370 3548 445 3632 quod
468 3548 545 3613 iilius
568 3558 741 3634 potestatem
763 3547 894 3631 effugiat.
939 3544 1017 3608 Nam
1039 3553 1069 3607 et
1089 3541 1375 3624 misnense-neptis.

68 3650 209 3735 propbeta
227 3671 293 3713 oum
311 3662 408 3729 esset,
443 3652 578 3716 studeo
596 3651 739 3715 beneficio
758 3649 900 3714 eiusmodi
918 3659 999 3712 esset
1015 3646 1156 3723 offertus,
1187 3644 1223 3708 ab

67 3753 172 3818 eodem
187 3754 345 3838 postulavit
361 3755 454 3837 utqui
470 3774 502 3817 se
522 3764 699 3839 quaererent
715 3753 795 3817 oneri
813 3762 932 3837 repente
948 3752 1067 3828 fiereut3
1093 3749 1169 3831 qnod
1184 3748 1223 3812 ita

69 3865 183 3940 gestum
196 3866 243 3919 est
257 3868 289 3919 ut
302 3876 367 3919 eum
382 3856 422 3920 ilii
437 3857 599 3922 cuiusmodi
615 3867 680 3924 eret
693 3856 794 3921 videre
809 3875 865 3918 non
880 3864 1012 3938 possent.
1043 3851 1122 3936 Quin
1135 3851 1222 3915 etium

70 3955 208 4023 Sodomis
222 3959 319 4043 rugeli
336 3956 405 4022 Loti
424 3959 531 4025 ostium
546 3959 709 4024 subdueere
730 3957 822 4022 oouiis
841 3967 1013 4041 potuerunt,
1041 3955 1115 4017 adeo
1131 3964 1164 4016 ut
1180 3954 1223 4015 in-

68 4061 143 4124 tueri
159 4060 227 4124 ittnt
241 4059 411 4126 sodomitae
426 4061 622 4146 nequiverint.
669 4058 840 4127 Utrumuum
855 4057 945 4143 igitur
961 4055 1030 4122 Loti
1045 4057 1131 4119 ianua
1148 4075 1222 4119 vaus
1237 4083 1335 4137 affine,
1345 4083 1376 4127 n.

69 4164 210 4248 quaedem
226 4165 341 4247 speeies
356 4164 420 4242 tuit,
441 4161 609 4231 oMsroio?
639 4161 710 4227 Nou
725 4162 812 4226 video
826 4161 893 4246 quid
907 4169 1011 4225 eontra
1025 4159 1097 4223 hneo
1110 4157 1223 4223 hiscere

69 4267 176 4350 possis.
223 4264 373 4352 Siquidem
390 4287 493 4351 punem
511 4265 667 4332 manifeste
687 4265 786 4350 tregit,
810 4275 841 4330 et
857 4264 886 4327 in
905 4262 1062 4348 discipulos
1077 4281 1148 4326 suos
1165 4260 1223 4324 dis-

70 4369 181 4434 tribuit.
