3046 5084
419 303 554 355 romanu
568 304 665 359 HM.
681 305 762 359 TOld.
775 306 806 357 li.
823 305 921 357 ΗΔΕΒ.
936 305 1022 358 XXV.
1235 297 1293 358 167

147 421 266 504 angelos
287 432 317 484 et
332 421 508 497 dae-oues,
539 430 703 505 seraptem
721 421 839 508 spiritus
859 434 954 488 ortum
972 423 1118 492 habuisse.
1165 419 1225 488 Sed
1243 423 1286 489 oi·

146 523 286 587 striouica
307 523 357 587 illa
379 521 515 604 figmenta
542 519 621 583 nulio
643 521 760 604 negotio
782 523 966 606 deteguntur.
1010 523 1088 589 Nam
1109 545 1174 591 eum
1198 547 1286 589 unum

144 622 228 687 initio
244 634 353 710 patrem
372 618 530 696 definiant,
554 619 678 683 subinde
692 620 790 704 plures
807 620 877 684 deos
892 625 1064 702 ostendunt,
1087 633 1120 686 ut
1134 625 1287 707 ipsummet

145 744 275 789 errorem
291 746 345 788 sua
362 731 466 785 contra
480 740 513 783 so
526 720 739 803 quodammodo
754 740 868 783 armare
883 724 1032 792 mendacia
1049 712 1287 804 commonstrent,

144 845 178 890 ac
200 825 330 910 seipsum
352 833 506 901 evertereq
537 840 603 883 cum
621 820 737 885 iuterim
755 819 834 884 omui
852 834 989 907 exparte
1007 823 1160 907 perspicua
1179 825 1288 889 ueritas

145 935 294 1011 appareat.

228 1023 306 1106 Quid
324 1032 370 1088 est
386 1021 488 1106 igitur,
511 1020 653 1100 Nicolae,
683 1021 734 1086 tibi
752 1025 828 1107 quod
847 1025 1008 1109 opponam?
1037 1025 1170 1109 quidnam
1188 1026 1285 1111 dispu·
1302 1035 1360 1104 cap.
1375 1039 1417 1087 vt.

143 1127 232 1191 mbo?
274 1121 360 1188 Unde
382 1124 465 1187 uobis
484 1133 595 1207 turpem
614 1123 694 1186 ilium
714 1125 813 1188 nescio
834 1146 919 1209 quem
937 1125 1072 1191 Aeonem
1091 1149 1125 1191 ac
1143 1126 1288 1211 nequitiae

144 1226 285 1304 radicem,
309 1236 338 1289 et
355 1225 504 1289 fecundam
518 1224 594 1287 illam
610 1221 765 1289 Matricem
781 1247 815 1289 ac
831 1227 954 1311 denique
970 1227 1068 1312 plures
1083 1228 1153 1291 deos
1169 1249 1204 1291 ac
1218 1229 1286 1292 dae-

145 1346 246 1390 mones
262 1326 397 1391 iorehisl
436 1323 513 1389 Nam
530 1325 606 1409 quod
623 1326 659 1390 ad
677 1326 839 1412 apostolum
856 1328 961 1391 attinet
979 1351 1044 1392 cum
1058 1329 1095 1392 iis
1112 1328 1211 1393 verbis
1229 1330 1285 1392 uti·

146 1439 209 1505 tur,
232 1432 268 1490 Si
281 1439 348 1489 suat
360 1431 412 1508 qai
423 1431 601 1508 appellantur
617 1431 672 1503 dri',
697 1448 749 1492 eos
766 1449 905 1511 nusquam
925 1450 992 1492 esso
1007 1429 1162 1512 significat.
1209 1425 1282 1495 Cum
1298 1446 1401 1502 neers,
1413 1448 1433 1493 o.

145 1529 238 1605 enim,
268 1532 325 1607 Qui
338 1531 529 1609 appellantur,
560 1527 645 1606 dicit,
669 1530 732 1592 sola
748 1529 814 1592 illos
833 1530 1025 1614 appellatione
1043 1541 1196 1609 constare,
1220 1552 1284 1594 cum

144 1632 238 1715 reipsa
261 1629 376 1692 minime
395 1628 571 1707 subsistant,
603 1650 658 1693 uec
680 1630 764 1693 aliter
782 1651 866 1713 quam
885 1633 1062 1714 quorundam
1082 1633 1216 1716 opinione
1234 1633 1284 1696 do-

144 1733 212 1796 cuit.
255 1733 345 1793 Nobis
361 1753 426 1793 aero
444 1734 527 1803 deuo,
551 1728 661 1813 iuquit,
685 1752 757 1791 anuo
776 1745 832 1804 est,
859 1731 958 1809 uobis,
982 1735 1116 1816 inquam,
1141 1733 1188 1815 qui
1206 1733 1284 1795 veri·

142 1834 209 1896 totis
226 1852 326 1896 sumus
343 1830 511 1915 cognitione
530 1831 664 1914 praediti.
711 1828 778 1893 Nec
796 1831 843 1913 qui
862 1833 1068 1915 appellaretur,
1102 1834 1153 1896 sed
1171 1833 1219 1917 qui
1239 1854 1285 1897 re·

139 1955 211 1998 uara
234 1942 315 1996 asset
336 1933 426 2009 deus,
457 1931 601 1994 adiunxit.
646 1927 731 2011 Quod
754 1931 779 1992 si
800 1952 875 1993 uuus
897 1932 981 1995 nobis
1002 1944 1049 1995 est
1070 1933 1156 2012 deus,
1187 1935 1284 2018 plures

141 2035 259 2099 omuino
280 2053 348 2096 esse
372 2055 429 2096 uon
453 2042 585 2116 possunt.
628 2030 755 2095 Accedit
774 2041 805 2093 et
822 2027 933 2094 Christi
955 2032 986 2094 iu
1003 2033 1155 2115 evangelio
1178 2035 1282 2097 dictum

141 2136 226 2200 illud:
255 2140 292 2198 llt
304 2145 475 2214 cognoscant
487 2145 513 2194 te
527 2136 617 2194 solum
630 2153 724 2193 oerum
738 2135 828 2193 deum
866 2130 934 2213 Quo
949 2132 1110 2195 istiusmodi
1127 2133 1282 2214 homiuum,
1299 2155 1432 2212 narrares.

140 2237 189 2319 qui
208 2237 291 2301 dictas
310 2235 421 2299 tabutas
440 2256 475 2297 ac
493 2233 676 2317 multiplicem
693 2231 872 2296 divinitatem
893 2233 1047 2295 commenti
1065 2244 1149 2310 suut,
1181 2255 1285 2300 seusus

141 2358 176 2402 ae
192 2337 385 2421 cogitationes
402 2345 562 2401 everteret.
607 2330 689 2399 Unus
706 2333 782 2397 enim
799 2332 883 2396 uobis
900 2343 946 2396 εει
962 2334 1051 2412 deus,
1075 2344 1174 2418 pater,
1197 2336 1283 2415 tilios,

142 2449 172 2505 et
194 2439 314 2523 spiritus
336 2446 473 2515 sauctus,
503 2455 645 2518 personae
668 2445 747 2514 tres,
776 2456 835 2498 una
853 2434 1026 2512 dominatio,
1059 2433 1193 2499 divinitas
1216 2458 1283 2514 uua,

142 2561 200 2605 uua
215 2539 309 2603 laudis
327 2537 461 2601 omnibus
479 2535 647 2623 gloriaeque
666 2535 859 2620 praedicatioa
890 2535 1011 2620 proinde
1028 2556 1208 2620 nequaquam
1225 2538 1287 2625 plu·

140 2662 191 2705 res
212 2640 251 2705 dii
273 2651 352 2704 suut.
397 2635 458 2702 lam
480 2637 566 2717 illud,
597 2637 671 2722 quod
694 2648 860 2721 usurpatum
879 2658 896 2698 a
915 2637 1031 2701 domino
1051 2648 1112 2717 est,
1143 2639 1287 2722 quomodo

143 2753 190 2820 te,
213 2740 350 2820 Nicolae,
375 2736 489 2803 taudem
506 2750 626 2802 auctore
642 2738 810 2823 perficitur?
852 2743 924 2801 Essa
938 2743 1069 2820 quosdam
1084 2743 1224 2802 eunuchos
1239 2745 1290 2820 qui
1300 2758 1382 2804 Μιηιι.

143 2845 179 2907 ol
200 2845 354 2905 homenibus
374 2846 496 2904 castrati
512 2853 595 2915 sant,
627 2851 657 2902 ct
670 2842 741 2901 alim
757 2863 817 2903 esse
833 2845 884 2921 qai
898 2844 968 2902 tales
983 2863 1001 2902 a
1015 2847 1161 2902 nan'ur'tate
1173 2846 1286 2922 prodt‘e·
1305 2813 1337 2869 ω’
1349 2812 1381 2856 ¹²

144 2948 219 3019 rot,
240 2947 313 3005 alios
327 2948 443 3025 denique
459 2948 511 3024 qur'
521 2965 552 3003 se
568 2946 653 3021 regni
664 2944 790 3004 coenato
807 2964 906 3003 caussa
920 2949 1115 3005 coenaverunt.
1163 2942 1248 3027 Quod
1263 2944 1288 3006 si

145 3043 277 3108 nonnulii
300 3044 436 3110 coelestis
458 3044 542 3127 regui
563 3043 657 3127 gratia
679 3042 745 3106 laeti
766 3053 835 3106 suut
857 3043 998 3120 eunuchi,
1033 3065 1085 3108 cur
1105 3046 1287 3129 temetipsum

144 3158 268 3230 tuosque
288 3146 442 3231 discipulos
461 3145 577 3209 libidine
597 3166 632 3207 ac
649 3144 815 3209 foedissima
832 3144 980 3230 voluptate
997 3145 1123 3230 decipis,
1154 3149 1288 3205 decinam·
1301 3159 1394 3214 nomn,
1406 3159 1438 3203 re.

142 3271 198 3331 que
218 3252 361 3310 variatam
378 3271 433 3330 per
452 3268 585 3309 summam
605 3250 770 3308 rcrusu‘toitm
790 3252 909 3320 redires,
940 3267 973 3308 ac
991 3267 1143 3331 perperam
1160 3245 1288 3307 docendo

142 3351 308 3435 depravas?
350 3346 430 3413 istud
452 3369 539 3432 porro
557 3369 612 3432 quo
630 3347 744 3411 taudem
762 3359 845 3431 pacto
863 3348 938 3432 apud
955 3358 983 3411 te
1000 3349 1130 3431 geritur?
1172 3351 1214 3407 ue
1232 3350 1288 3405 oa’r-
1301 3362 1319 3405 1.
1327 3361 1436 3417 cornu.

141 3455 256 3532 graides
270 3463 449 3532 praeceptam
465 3455 572 3512 domari
586 3472 642 3512 noo
659 3451 764 3525 ltadso,·
795 3453 1053 3512 conciliasanctam
1075 3452 1125 3520 do,
1159 3459 1289 3526 tauquam

143 3558 362 3616 mamburnum
378 3566 558 3626 consecutus,
582 3556 623 3614 ito
642 3554 740 3613 bonaur
757 3574 833 3612 esse:
857 3572 891 3613 ac
909 3571 1041 3612 rursum:
1068 3553 1155 3627 Virgo
1167 3550 1288 3611 solle'oa'ta

143 3667 188 3718 est
198 3659 233 3718 de
248 3661 284 3717 ri's
299 3679 370 3737 quoe
382 3668 449 3718 sunt
462 3658 575 3728 domaiu‘,
600 3657 733 3737 quomodo
743 3657 857 3735 placeat
872 3657 992 3721 domnizo,
1018 3661 1048 3710 ut
1061 3661 1159 3711 sanata
1172 3655 1212 3712 sit
1225 3673 1289 3713 cor·

138 3779 212 3839 pore
225 3779 261 3821 ue
274 3762 399 3839 speram
442 3754 535 3840 Quam
551 3754 640 3818 muita
654 3755 688 3817 de
706 3754 858 3832 castitate,
882 3748 1061 3814 coutinentia
1074 3771 1108 3815 ac
1123 3751 1288 3839 virginitate

145 3857 202 3925 dici
219 3859 358 3945 possuntt
403 3855 483 3922 Nam
505 3856 578 3940 apud
601 3867 630 3920 te
646 3853 821 3943 impuritatis
839 3874 924 3917 omae
942 3871 1063 3915 coenum
1079 3854 1144 3916 siue
1163 3855 1220 3919 uilo
1237 3877 1289 3940 pu·

145 3960 216 4025 dore
232 3961 416 4045 praeficitur.
457 3954 569 4022 Verum
583 3957 694 4023 duabus
709 3957 767 4020 illis
783 3955 914 4019 tribusve
932 3953 1095 4034 sententiis,
1120 3977 1203 4040 quem
1221 3957 1289 4018 mihi

143 4081 263 4151 scopum
281 4060 459 4127 evertendae
473 4057 611 4125 ridiculae
629 4059 713 4124 huius
732 4066 830 4121 εεειεε
848 4055 1060 4142 praefixeram,
1091 4058 1231 4122 hactenus
1249 4057 1289 4120 le·

144 4164 276 4229 ctorilms
298 4161 473 4248 exposuisse
494 4161 629 4225 sufficiat.

227 4262 378 4350 Deinceps
394 4264 491 4347 itaque
508 4262 620 4325 affinem
640 4260 706 4323 huic
727 4259 881 4338 haeresin,
912 4262 991 4325 velut
1009 4261 1206 4325 luxuriantem
1225 4259 1290 4322 her·
1309 4268 1368 4335 Cap.
1386 4269 1439 4319 vlt.

144 4365 224 4446 bau,
246 4376 298 4430 aut
309 4366 456 4450 spinarum
471 4362 671 4428 densissimam
685 4363 797 4447 copiam
813 4363 936 4448 undiquc
953 4364 1116 4440 collectam,
1135 4372 1184 4425 out
1199 4361 1291 4446 h'gno·

143 4513 188 4562 pro
201 4499 384 4567 appropensa,
398 4502 539 4555 cornum
551 4504 651 4563 mutus,
663 4503 704 4562 qut
734 4514 801 4551 runa
811 4499 986 4553 deunitatom.“
1011 4501 1108 4551 Patauio
1115 4501 1205 4562 placuit
1218 4513 1291 4560 συνη-

146 4571 213 4618 caro
227 4568 370 4637 ,ppiuarum
382 4568 544 4636 undequaque
557 4571 702 4618 counita·
736 4568 865 4633 κομέειν.-
