3046 5084
281 359 341 421 366
702 369 821 421 εκυοτι
838 370 1005 420 amomon

281 484 301 569 ἡ
317 490 407 565 σοφία
425 481 483 548 όπό
500 491 558 548 τῶν
575 485 682 549 τέκνων
698 483 801 568 αὐτῆς·
832 489 883 550 καὶ
901 483 961 551 tut
979 484 1104 550 Παόλου
1119 486 1152 550 δέ
1167 484 1279 565 οῦτως,
1309 491 1433 568 Σοφίαν

284 590 315 653 δὲ
329 594 471 669 λαλοῦμεν
486 588 517 650 έν
532 595 594 660 τοῖς
607 591 731 662 τελείοις.
765 589 825 651 Καὶ
840 585 894 663 τάς
906 592 1041 674 συζυγίας
1053 589 1085 652 δέ
1098 587 1151 664 τάς
1164 587 1244 665 ἐντός
1260 587 1429 672 Πληράμα-

281 718 330 767 τος
350 688 402 754 τόν
421 695 542 753 Παῦλον
563 689 708 772 εἰρηκέναι
730 688 895 769 φάσκουσιν
914 693 1071 766 8ἐπιεικῶς
1089 695 1228 768 δείξαντα.
1274 692 1350 777 Περὶ
1371 690 1430 777 γάρ

281 800 333 876 τῆς
354 793 421 875 περὶ
442 789 494 855 τόν
515 794 580 873 βίον
601 795 737 875 συζυγίας
757 790 882 876 γράφων
902 795 975 874 ἔφη,
1012 791 1050 857 Τό
1071 791 1230 879 μυστήριον
1250 801 1337 860 τοῦτο
1354 795 1432 880 μέγα

283 898 374 973 ἐστίν,
398 893 453 979 έγιό
477 893 509 957 δέ
529 894 601 976 λέγω
624 896 665 968 είς
688 892 816 977 Χριστόν
836 896 886 958 καὶ
907 892 960 976 τὴν
980 897 1140 976 ἐκκλησίαν.

130 1008 195 1075 Κεφ.
214 1002 264 1060 κδ’.
355 995 422 1062 ’Ἐτι
437 1022 467 1060 τε
481 993 620 1077 Ἰωάννην
634 995 685 1060 τόν
700 993 838 1079 μαθητόν
853 1003 907 1060 τοῦ
920 1001 1026 1081 κυρίου
1044 995 1217 1062 διδάσκουσι
1234 996 1289 1081 τήν
1305 996 1430 1085 πράτην

280 1100 426 1187 Ὀγδοάδα
440 1100 635 1182 μεμηνυκέναι
648 1095 749 1173 αόταῖς
761 1099 859 1176 λέξεσι,
879 1100 1007 1183 λέγοντες
1020 1098 1126 1174 οῦτως·
1146 1097 1284 1183 Ἰωάννης
1296 1097 1315 1165 6
1327 1110 1428 1185 μαθη·

281 1203 333 1286 της
350 1209 405 1267 τοῦ
423 1205 527 1284 κυρίου
545 1198 724 1283 βουλόμενος
742 1202 834 1265 εἰπεῖν
851 1198 981 1283 τὴντῶν
999 1201 1075 1267 δλων
1092 1203 1217 1286 γένεσιν,
1247 1199 1318 1266 καθ’
1333 1202 1372 1285 ἣν
1388 1202 1428 1268 τά

281 1307 376 1371 πάντα
392 1305 551 1389 προέβαλεν
566 1299 584 1367 6
600 1301 714 1387 Πατήρ,
739 1300 829 1386 άρχήν
840 1330 905 1367 τινα
919 1301 1091 1368 ὑποτίθεται
1105 1302 1137 1370 τό
1152 1311 1270 1390 πρῶτον
1282 1305 1428 1390 γεννηθέν

280 1407 340 1474 ῦπό
358 1414 411 1472 τοῦ
427 1413 519 1484 θεοῦ,
546 1404 586 1469 ¹6
603 1403 641 1486 δὴ
657 1406 707 1468 καὶ
727 1402 801 1469 Τίόν
817 1407 868 1469 καὶ
885 1413 1046 1491 Μονογενῆ
1064 1404 1139 1472 Θεδν
1155 1408 1304 1489 κέκληκεν,
1328 1399 1427 1494 ’ίνηδ

279 1511 315 1577 τά
334 1509 429 1575 πάντα
447 1505 465 1573 ό
483 1504 588 1590 Πατηρ
607 1507 750 1591 προέβαλε
768 1515 976 1591 σπερματικῦς.
1017 1505 1090 1574 ‘rut
1108 1509 1140 1573 δέ
1156 1506 1263 1574 τοότου
1283 1510 1357 1591 φησλ
1373 1506 1428 1575 τόν

281 1612 383 1698 Λόγον
399 1613 638 1696 προβεβλῆσθαι,
667 1610 716 1673 καλ
733 1611 764 1673 έν
780 1606 858 1697 αὐτῷ
872 1607 925 1692 την
941 1610 1011 1693 όλην
1026 1618 1085 1676 τῶν
1098 1609 1224 1676 Λίεόνωυ
1238 1608 1357 1689 οόσίαν,
1387 1610 1427 1695 ἣν

280 1713 369 1790 αότδς
385 1713 508 1796 ὕστερον
526 1710 699 1794 έμόρφωσεν
717 1707 734 1775 ό
751 1709 860 1797 Λόγος.
902 1709 984 1778 Ἐπεὶ
1002 1706 1057 1778 οῦν
1071 1716 1137 1798 περὶ
1155 1712 1274 1797 κρόκης
1287 1714 1428 1799 γενέσεως

279 1820 352 1904 λέγει
368 1822 463 1890 καλῶς
479 1811 538 1879 άπό
554 1821 605 1896 τῆς
622 1810 726 1898 άρχῆς,
750 1815 876 1879 τουτέστι
894 1822 947 1880 τοῦ
967 1820 1069 1880 3Θεοῦ
1086 1818 1137 1881 καί
1151 1824 1205 1881 τοῦ
1222 1815 1342 1901 Λόγου,
1371 1814 1427 1899 τὴν

160 1948 209 1993 αυτ.
223 1933 267 1977 lt't·
281 1922 470 1985 διδασκαλίαν
487 1925 622 1982 ποιεῖται.
665 1917 753 2000 Λέγει
775 1916 807 1980 δὲ
826 1916 935 1995 οῦτως,
961 1914 1011 1981 Ἐν
1026 1915 1100 2006 άρχῇ
1117 1910 1155 2000 ἦν
1173 1915 1192 1984 ό
1207 1920 1307 2004 λόγος,
1338 1918 1390 1982 καλ
1409 1914 1429 1983 ό

280 2124 331 2190 τόν
346 2121 431 2188 θεόν.
476 2119 625 2205 Πρότερον
642 2124 801 2196 διαστείλας
817 2118 853 2184 τά
870 2126 949 2205 τρία,
974 2119 1064 2202 Θεόν,
1087 2124 1138 2188 καλ
1152 2119 1272 2209 Ἀρχὴν,
1294 2124 1347 2187 καλ
1361 2120 1427 2187 Λό·

279 2253 346 2313 γον,
376 2223 464 2289 πάλιν
482 2220 557 2287 αότά
578 2224 655 2302 ἑνοῖ,
684 2225 733 2288 ἵνα
753 2225 803 2287 καί
826 2221 879 2305 τὴν
895 2221 1043 2306 προβολήν
1057 2226 1200 2311 ἑκατέρων
1218 2222 1316 2290 αῦτῶν
1330 2227 1425 2313 δείξῃ,

280 2334 333 2394 τοῦ
350 2352 379 2391 τε
394 2330 469 2391 Τὶοῦ
487 2327 537 2390 καὶ
553 2332 606 2389 τοῦ
619 2323 733 2409 Λόγου,
752 2326 801 2389 καλ
816 2324 871 2408 τήν
881 2324 957 2410 πρός
970 2323 1109 2409 ἀλλήλους
1123 2325 1195 2411 δι’μα,
1216 2329 1266 2393 καλ
1280 2324 1332 2410 τήν
1345 2325 1426 2412 πρός

280 2429 331 2495 τόν
353 2430 472 2513 Πατέρα
490 2429 601 2492 ἕνωσιν.
644 2423 693 2491 Ἐν
709 2424 765 2511 γάρ
787 2433 828 2515 τῷ
848 2430 945 2513 Πατρὶ
961 2430 1012 2492 καί
1031 2430 1064 2494 ἔτι
1082 2437 1135 2495 τοῦ
1154 2429 1274 2515 Πατρός
1287 2424 1309 2510 ἦ
1321 2426 1423 2511 Ἇρχή,

281 2536 338 2597 4ἒν
357 2533 388 2596 δέ
410 2539 446 2619 τῇ
462 2527 548 2619 Ἀργη
570 2531 621 2594 καλ
638 2531 671 2593 ἐκ
688 2535 740 2610 τῆς
754 2526 856 2614 ’Λρχῆς
871 2527 890 2594 ό
904 2528 1012 2614 Λόγος.
1057 2537 1164 2608 Καλοῦς
1178 2524 1233 2597 οῦν
1250 2528 1345 2609 εἶπεν,
1370 2526 1423 2596 Ἐν

280 2632 353 2723 άρχγγ
369 2626 406 2715 ἦν
422 2629 440 2697 ό
455 2630 555 2717 λόγος,
582 2623 621 2714 ἦν
635 2628 691 2716 γάρ
710 2633 743 2695 έν
759 2637 800 2719 τῷ
817 2633 886 2719 υἱῷ·
915 2634 967 2697 καὶ
983 2627 1002 2697 6
1017 2631 1104 2718 λόγος
1120 2624 1159 2716 ἦν
1176 2632 1253 2716 πρός
1269 2628 1321 2701 τόν
1334 2629 1423 2711 θεόν,

279 2738 329 2801 καί
350 2733 405 2820 γάρ
422 2730 443 2816 η
458 2731 547 2815 α’ργή·
576 2735 627 2797 καλ
644 2731 716 2808 θεός
732 2725 771 2815 ἦν
788 2730 805 2797 6
821 2732 923 2820 λόγος,
954 2731 1145 2817 άκολοόθως,
1173 2734 1208 2801 τό
1223 2732 1279 2821 γάρ
1297 2736 1332 2801 ἔτι
1346 2741 1426 2801 θεοῦ

279 2837 421 2923 γεννηθέν
443 2835 517 2911 θεός
536 2838 621 2900 έστιν.
668 2833 770 2911 Οῦσως
787 2829 826 2917 ἦν
846 2838 878 2900 ἕν
895 2832 969 2925 άργγῙ
986 2835 1061 2923 πρός
1077 2835 1129 2903 τόν
1147 2836 1235 2903 θεόν·
1264 2839 1356 2915 δδειξι
1369 2835 1427 2921 τὴν

279 2947 332 3023 τῆς
347 2943 495 3022 προβολῆς
510 2936 601 3015 τάξιν.
646 2935 750 3002 Πάντα
768 2935 805 3002 δι’
822 2935 913 3003 αότοῦ
930 2939 1058 3023 ἐγένετο,
1087 2942 1138 3005 καλ
1153 2942 1241 3023 χωρλς
1256 2936 1351 3007 αότοῦ
1363 2942 1426 3027 tyt-

280 3067 344 3107 νετο
364 3039 432 3106 οῦδὲ
454 3042 501 3105 tv·
531 3046 604 3104 πᾶσι
624 3037 678 3125 γάρ
700 3048 762 3115 τοῖς
782 3036 841 3121 μετ’
858 3038 948 3106 αῦτόν
966 3044 1064 3107 Λίῦσι
1080 3050 1200 3128 μορφῆς
1216 3044 1268 3108 καλ
1285 3042 1429 3128 γενέσεως

280 3149 372 3220 αίτιος
387 3142 405 3208 6
420 3142 521 3227 Λόγος
540 3143 659 3228 ἐγένετο.
701 3139 784 3207 ’Λλλά
802 3141 821 3208 δ
836 3144 951 3228 γέγονεν
969 3146 1000 3208 έν
1018 3142 1113 3234 αότγῦ,
1144 3146 1234 3228 φησλ,
1260 3142 1321 3229 ζωή
1335 3147 1426 3227 tam,

280 3247 389 3313 ἐνθάδε
405 3248 456 3311 καὶ
473 3250 612 3330 συζυγίαν
628 3242 761 3327 ἐμήνυσε.
809 3243 851 3309 Τό
868 3246 921 3327 μέν
935 3244 990 3332 γάρ
1007 3245 1061 3312 tta
1078 3249 1136 3330 ίφη
1156 3245 1193 3313 δι’
1212 3243 1330 3314 ὅαότοῦ
1345 3272 1427 3335 γεγε-

278 3358 399 3433 νῆσθαι,
420 3348 474 3432 τόν
488 3349 519 3413 δὲ
537 3345 635 3430 οζωὴν
651 3349 682 3413 έν
696 3346 784 3436 αὐτῷ.
820 3346 906 3429 Λῦτη
920 3340 976 3412 οῦν
991 3345 1011 3432 ἡ
1025 3352 1057 3414 έν
1068 3347 1148 3439 αῦτρῖ
1161 3350 1303 3436 γενομένη
1317 3352 1427 3417 alnao·

279 3456 347 3538 τέρα
364 3456 441 3519 ἐστὶν
458 3454 514 3517 7έν
532 3449 612 3539 αὐτῷ
629 3458 688 3515 τῶν
706 3447 744 3515 δι’
761 3446 853 3515 «troo
867 3452 1042 3535 γευομένων·
1074 3450 1187 3517 σῦνεστι
1203 3450 1259 3538 γάρ
1275 3449 1356 3541 αῦτηῦ
1371 3457 1427 3521 καλ

279 3554 316 3620 δι’
332 3557 424 3622 αὐτοῦ
438 3563 630 3641 καρποφορεῖ.
672 3550 790 3636 Ἐπειδὴ
806 3550 862 3637 γάρ
882 3554 1030 3637 ἐπιφέρει,
1061 3555 1121 3618 Καὶ
1137 3551 1158 3636 ἦ
1174 3552 1234 3638 ζωὴ
1249 3546 1287 3638 ἦν
1304 3554 1338 3621 τό
1357 3562 1428 3637 φιδς

278 3665 336 3722 τῦν
357 3657 542 3742 άνθράπων,
571 3655 735 3743 ἄνθρωπον
750 3653 841 3721 εἰπόν
858 3653 923 3742 άρτι
938 3658 989 3721 καλ
1003 3653 1058 3739 τήν
1071 3653 1243 3739 Ἐκκλησίαν
1258 3654 1428 3743 όμωνάγιως

278 3768 318 3848 τῷ
333 3758 496 3850 ’Λνθράπῳ
511 3758 663 3843 ἐμήνυσεν,
682 3757 764 3834 ὅπως
778 3755 828 3822 διά
840 3765 893 3823 τοῦ
908 3758 974 3834 ένός
990 3755 1159 3841 ι’όνόμυιτος
1171 3757 1289 3849 δηλάση
1301 3757 1358 3843 τὴν
1369 3766 1428 3844 τῆς

279 3866 414 3946 συζυγίας
438 3867 625 3929 ’κοινωνίαν
667 3859 718 3925 Ἐκ
739 3858 795 3945 γάρ
816 3867 870 3925 τοῦ
886 3863 990 3946 Λόγου
1005 3861 1056 3925 καλ
1073 3868 1127 3945 τῆς
1146 3868 1234 3945 Ζωῆς
1241 3859 1428 3947 Ἀνθρωπος

277 3969 385 4052 γίνεται
404 3965 455 4029 καὶ
471 3962 632 4047 Ἐκκλησία.
678 3970 749 4041 Φῶς
764 3964 796 4029 δέ
813 3961 876 4030 είπε
891 3968 950 4029 τῶν
967 3959 1138 4048 άνθρσίπων
1155 3960 1208 4047 τὴν
1222 3960 1310 4047 Ζαήν
1325 3960 1378 4031 διδ
1390 3962 1427 4033 τό

284 4070 513 4147 Ιοπεφωτίσθαι
527 4063 636 4143 αότοῦς
652 4064 702 4132 ὑπ’
717 4064 817 4149 αὐτῆς,
840 4066 858 4132 6
872 4065 910 4149 δή
925 4070 984 4133 έστι
999 4073 1216 4153 μεμορφῶσθαι
1230 4067 1281 4133 καί
1295 4091 1427 4149 πεφανε-

1284 4204 1428 4259 uodettm

281 4276 334 4324 νιν.
363 4277 462 4337 Vulgata
472 4278 587 4336 scriptura
597 4280 628 4323 est
637 4272 679 4326 έτιλ
689 4272 753 4334 ἑνὸς,
762 4290 833 4338 ηκτοι
866 4292 933 4326 nuno
958 4285 1032 4326 vocat
1054 4285 1080 4325 et
1101 4274 1191 4325 titium
1212 4284 1238 4325 et
1263 4222 1428 4343 6³53th

278 4346 368 4391 secutus
383 4348 415 4391 tat
429 4347 499 4392 ettam
516 4345 562 4391 Vct.
578 4343 690 4404 interpres
705 4350 794 4395 vertam
807 4342 832 4393 in
870 4346 946 4394 Deum
960 4354 1042 4395 vocat.
1065 4344 1193 4407 Eptptam'i
1205 4344 1259 4403 tttrt
1270 4346 1340 4407 υαλγα
1352 4358 1429 4407 μιαι-

279 4426 328 4458 οοο
345 4409 526 4460 ostendentem.
867 4416 918 4463 beat
938 4405 965 4466 δν
982 4410 1016 4479 δή
1035 4411 1080 4465 καὶ
1096 4409 1148 4466 υλδν
1164 4411 1284 4479 μονογενῆ
1302 4410 1348 4465 καὶ
1363 4408 1427 4467 226!

313 4477 371 4526 cn.
383 4478 481 4528 xxtx.
499 4506 533 4517 -
558 4478 578 4527 ι.
595 4479 679 4539 κῦφι·
693 4454 835 4530 cadmo
867 4479 936 4533 κιω.

277 4547 426 4607 notatarum,
439 4562 511 4609 ηαυπτ
525 4548 636 4607 expressa
649 4548 719 4595 ettam
735 4550 780 4599 vet
795 4550 835 4609 ta,-
902 4548 927 4598 2.
944 4545 971 4602 ίν
986 4547 1025 4617 τῷ
1039 4551 1092 4600 ωδ.
1106 4552 1161 4601 Van.

277 4620 363 4677 κειμενα
373 4616 498 4665 secandam
512 4617 564 4666 aad.
577 4614 752 4665 claromontani
763 4616 835 4679 βδειο
900 4612 925 4667 δ.
942 4616 998 4669 υἱοῦ
1013 4619 1105 4669 ataatar
1121 4620 1202 4682 λτγλυι
1220 4616 1268 4668 Vat-
1283 4616 1406 4679 tntum

312 4205 336 4257 8.
353 4203 470 4266 ἐπιεικῶς
490 4209 566 4267 recept
586 4208 614 4256 de
630 4211 766 4258 auctoritate
781 4210 833 4258 οοδ.
866 4210 1103 4270 etauctoritatem
1117 4222 1162 4271 aaa
1172 4210 1255 4272 λιριλυι
