3046 5084
341 342 684 399 renuntiassem
698 346 742 399 nu
760 346 858 400 naun.
871 349 954 400 xuu.
1164 338 1225 401 629
1318 404 1324 419 ‚

74 466 137 554 ipsa
152 463 307 530 ranimiri
349 462 447 547 Quem
466 463 543 528 euim
561 464 718 530 detestaris
734 466 866 531 carnium
883 487 982 546 esum,
1007 490 1073 532 eum
1092 468 1225 533 dominus

74 590 139 634 cum
158 566 305 651 discipulis
322 565 452 631 adhibuit
467 577 527 631 tum
544 587 609 632 cum
626 563 741 632 Pascha
756 568 884 652 exlegis
899 570 1079 656 praescripto
1095 570 1227 634 celebra·

74 672 127 737 rit.
170 668 239 734 Nec
255 680 302 733 est
318 669 393 753 quod
412 669 492 734 dicas
508 668 679 756 mysterium
697 671 752 735 boc
768 671 804 734 ab
822 671 888 748 iilo,
918 672 993 756 quod
1013 684 1076 736 erat
1093 685 1226 756 peractu-

74 795 140 851 rus,
167 774 258 838 tuisse
275 771 472 850 nominatum,
497 793 563 836 uum
575 771 615 836 itu
632 773 759 837 diceret:
785 776 852 835 Volo
870 779 1038 837 munducare
1053 780 1161 838 Pusula
1178 800 1224 838 oa·

74 879 190 940 taccu
236 871 315 938 Nam
335 886 367 937 ut
381 875 520 959 pudorem
539 874 592 938 tibi
607 876 685 938 omni
705 896 745 939 ex
761 886 842 961 parte
858 877 968 940 veritas
986 877 1089 956 iaciat,
1121 901 1178 942 non
1197 882 1224 944 ei

73 978 215 1066 mysterio
229 977 309 1061 prius
324 977 438 1062 operari
455 976 559 1057 voluit,
584 998 621 1040 ne
635 977 785 1041 inficiandi
801 980 985 1043 occasionem
1000 979 1134 1060 haberes,
1159 982 1222 1060 sed,

73 1086 142 1144 Cum
160 1091 319 1153 coenasset,
343 1079 454 1163 iuquit,
477 1085 618 1161 accipiens
632 1084 701 1142 daco
715 1092 745 1142 et
759 1084 826 1154 c'lla,
858 1086 948 1156 dmst,
980 1086 1041 1144 Hoc
1056 1095 1100 1145 est
1114 1087 1183 1145 boec
1197 1098 1227 1146 et

72 1187 140 1258 ullu,
165 1183 273 1249 nullum
290 1192 321 1246 ut
335 1182 486 1247 cavillandi
503 1181 752 1267 calumniandiquc
767 1182 862 1246 locum
880 1184 1068 1269 relinqueret.
1115 1182 1224 1250 Osten-

72 1285 114 1350 dit
127 1285 204 1350 euim
218 1286 312 1370 ipsum
327 1296 516 1370 posteaquam
532 1281 678 1348 ludoicum
693 1281 805 1348 l'asclru
823 1287 964 1364 comedit,
989 1287 1043 1351 boc
1059 1298 1105 1351 est
1119 1309 1224 1352 secun·

71 1390 138 1453 dum
159 1408 299 1466 menam,
324 1387 360 1450 ud
382 1386 587 1450 celebrandum
609 1386 771 1450 accessisse
794 1389 976 1474 mysterium.

157 1487 259 1556 Sobol.
275 1486 379 1553 lallll.
410 1490 607 1564 usmetun,
631 1501 661 1551 et
675 1493 818 1552 duedecrin
832 1495 955 1571 apostati
967 1514 1028 1554 curn
1044 1496 1111 1555 illo.-
1134 1506 1165 1555 et
1178 1499 1222 1556 dc·-
1235 1510 1288 1555 uuc.
1297 1514 1331 1567 aa,
1345 1514 1374 1557 ts.

70 1600 131 1670 cit,
165 1596 312 1656 Benticra'o
329 1596 490 1654 &adamat
503 1596 557 1653 doc
573 1594 683 1654 Puscba
701 1597 870 1655 manducare
887 1596 1042 1668 caducum,
1074 1608 1221 1678 autequam

66 1703 174 1780 penum

155 1797 257 1863 Reiut.
276 1793 380 1860 LXll.
412 1794 563 1859 llecubuit
576 1794 724 1875 salvator,
748 1794 919 1878 oMarcio,
943 1820 1009 1862 cum
1026 1821 1119 1884 eoque
1135 1801 1222 1866 disci-

70 1901 130 1988 puli
146 1900 315 1965 duodecimi
362 1896 397 1963 Si
420 1910 478 1962 tam
502 1897 549 1961 ilie
572 1898 722 1976 recubuit,
756 1920 841 1983 quam
864 1921 922 1963 una
944 1901 991 1963 isti
1012 1903 1219 1982 recubuerunt,

69 2026 128 2069 uon
145 2014 241 2089 potest
257 2002 351 2065 cidem
366 2001 432 2065 voci
450 2000 568 2064 diversa
584 1999 665 2063 notio
680 2022 715 2064 ac
733 2011 862 2086 potestas
880 2003 987 2085 affingi,
1014 2007 1127 2068 tametsi
1146 2008 1220 2090 quod

70 2108 105 2171 ad
122 2106 290 2192 dignitatem
309 2105 477 2168 comodum
497 2103 600 2166 attinet
618 2103 749 2167 nonnihil
768 2104 895 2166 intersit.
941 2106 1003 2169 Aut
1020 2107 1109 2190 igitur
1128 2109 1221 2173 laten·

69 2211 135 2274 dum
154 2208 203 2273 tibi
218 2219 265 2272 est
279 2208 429 2272 duodecim
445 2226 559 2290 quoque
575 2206 731 2291 discipulos
747 2207 846 2290 specie
863 2218 946 2271 tenus
963 2209 1147 2289 accubuisse,
1171 2224 1222 2275 aut

68 2312 181 2395 ipsum,
215 2311 263 2396 qui
284 2331 357 2375 vere
378 2330 498 2372 carnem
520 2308 671 2388 induerat,
705 2328 775 2372 vere
797 2309 920 2394 idipsum
944 2311 1051 2394 egisse.
1097 2310 1155 2394 Qui
1177 2315 1220 2377 sic

67 2412 135 2479 idco
151 2413 266 2477 loculus
283 2423 345 2477 eut:
368 2416 513 2474 Desiderio
530 2415 688 2474 destiterunt
704 2415 757 2473 doc
772 2416 879 2474 Pascha
898 2417 1066 2475 manducones
1081 2417 1220 2478 cubricum

67 2529 215 2600 antequam
229 2522 342 2598 matur,
368 2526 398 2578 ut
416 2526 447 2579 et
465 2511 579 2578 Pascha
596 2513 665 2577 illud
683 2525 750 2577 aute
768 2515 931 2598 passionem
951 2537 1032 2580 suum
1050 2518 1171 2602 figurate
1190 2520 1219 2583 iu

66 2620 132 2706 lege
147 2621 336 2684 constitutum
354 2617 534 2697 ostenderet,
552 2616 719 2681 stulterum
737 2619 916 2681 successisse
933 2631 1120 2701 monstraret,
1144 2624 1219 2706 quod

69 2732 99 2786 et
113 2723 147 2786 ad
163 2723 349 2787 astruendam
367 2722 533 2807 passionem
549 2740 630 2783 snam
647 2729 811 2806 spectaret,
837 2731 867 2783 et
886 2722 1043 2804 perieotius
1060 2724 1220 2809 appellare-

68 2836 133 2904 tur,
158 2825 243 2888 simul
260 2825 327 2888 illud
347 2823 478 2887 indicans
496 2823 570 2907 quod
590 2821 738 2908 apostolos
755 2820 865 2886 Paulus
882 2824 997 2904 docuit,
1022 2824 1134 2910 Legem
1152 2849 1220 2912 pae-
1233 2843 1357 2898 usuam.

68 2928 174 3012 degogi
198 2927 282 3001 nobis
304 2928 397 2990 instar
416 2926 446 2989 in
465 2921 586 2988 Christo
606 2925 707 2989 luisse.
754 2922 839 3008 Quod
863 2928 887 2990 si
911 2930 1096 3014 paedagogus
1118 2941 1220 2995 noster

67 3030 169 3094 lexin
193 3025 313 3093 Christo
336 3029 406 3107 luit,
430 3050 448 3092 a
471 3024 591 3092 Christo
614 3027 732 3091 minime
755 3029 811 3091 erit
833 3030 940 3093 aliena.

153 3128 255 3196 Sobol.
272 3127 389 3196 thtt.
424 3128 583 3195 Praeterea
600 3130 672 3194 haec
686 3130 723 3193 ab
739 3131 787 3195 illo
804 3132 934 3196 detracta
950 3146 1034 3198 sunt:
1059 3141 1129 3198 Da'cu
1145 3143 1369 3211 manducante.

67 3237 159 3309 codd,
184 3239 249 3296 Non
270 3239 349 3297 edom
370 3238 444 3296 c'llad
463 3236 583 3314 empirice
603 3237 691 3295 donec
712 3238 910 3315 amplectaris
932 3259 1020 3317 reguo
1042 3243 1096 3300 dei.

151 3336 254 3402 Reiut.
274 3333 393 3400 thtt.
425 3333 506 3400 Mala
528 3335 584 3398 ista
610 3335 664 3399 lide
687 3336 851 3416 subtranit,
884 3359 921 3402 ne
944 3340 1056 3404 scilicet
1076 3341 1163 3404 ulium
1186 3342 1216 3405 in

66 3461 158 3526 reguo
181 3440 227 3503 dei
249 3451 348 3525 potum
370 3460 405 3502 ac
424 3438 518 3502 cibum
537 3438 581 3501 bis
599 3437 699 3502 verbis
717 3451 866 3524 pateretur
883 3442 1019 3525 exprimi.
1064 3441 1130 3507 Nec
1148 3444 1216 3509 illud

67 3543 155 3607 bomo
177 3542 311 3628 stupidus
334 3541 470 3626 agnovit,
504 3551 687 3605 terrenorum
709 3542 804 3605 simile
827 3544 960 3627 quiddam
985 3544 1012 3608 in
1038 3546 1216 3630 spiritalibus

67 3667 102 3711 ac
118 3644 294 3710 coelestibus
312 3645 429 3724 inesse,
452 3664 574 3728 quorum
594 3642 855 3730 participandorum
874 3647 986 3711 occulta
1004 3647 1088 3712 nobis
1106 3660 1152 3713 est
1168 3672 1216 3714 ra-

66 3747 120 3813 tio.
166 3744 210 3811 lta
233 3747 310 3811 enim
336 3758 365 3810 et
388 3747 518 3812 salvator
539 3748 602 3833 ipse
625 3756 750 3812 testatus
774 3760 819 3812 est
844 3771 879 3813 ac
903 3750 993 3814 dixit:
1025 3754 1162 3814 Sedelrblc
1187 3761 1216 3816 in

65 3871 160 3914 mmo
181 3872 241 3913 mcc
263 3855 373 3913 edentm
393 3862 423 3912 et
438 3851 560 3912 bibentes
581 3855 610 3912 in
629 3872 718 3939 reguo
736 3855 886 3914 coelorum.
935 3849 994 3918 Sed
1014 3866 1043 3918 et
1061 3866 1216 3940 propterea

66 3952 125 4018 ieta
141 3953 276 4031 sustulit,
308 3952 416 4016 nullum
439 3964 468 4016 ut
490 3952 525 4017 iis
542 3973 616 4037 quae
634 3954 668 4016 ad
686 3953 779 4037 legem
797 3955 942 4039 pertinent
961 3957 989 4019 in
1007 3978 1099 4042 regno
1117 3959 1215 4023 coelo·

66 4077 130 4121 rum
146 4055 241 4119 locum
257 4055 410 4119 tribueret.
444 4052 596 4121 Undcuam
611 4055 701 4140 igitur
714 4053 795 4119 Elias
809 4078 844 4121 uc
854 4055 978 4144 Moyses
991 4060 1021 4123 iu
1037 4072 1135 4124 monte
1148 4083 1213 4127 cum

65 4157 131 4246 ipso
149 4169 348 4244 apparuerunt
363 4161 393 4221 iu
411 4158 525 4243 gloria?
568 4156 628 4223 Sed
646 4178 732 4222 nemo
751 4161 860 4245 estqui
879 4171 981 4226 contra
999 4163 1153 4229 veritatem
1169 4166 1214 4231 vi·

66 4262 140 4325 rium
164 4261 317 4346 quicquam
340 4260 455 4325 babeat.

99 4445 140 4502 48.
156 4447 234 4516 Adpo
249 4445 299 4516 γὰρ
315 4444 374 4515 riute
393 4463 467 4513 supro
483 4455 553 4501 catut.
656 4450 737 4522 utlclp
757 4453 807 4506 ruit
827 4450 951 4519 adcurrit,
976 4470 1037 4520 auce
1052 4458 1212 4511 deducuntur

98 4515 140 4569 49.
156 4510 188 4572 du
203 4532 278 4582 mm
294 4522 364 4569 auct.
655 4525 681 4572 tn
694 4525 749 4572 adt.
759 4526 843 4585 princ,
861 4526 971 4575 Petuntur
984 4539 1014 4575 ca
1027 4527 1077 4577 aad.
1090 4528 1162 4579 Vuttc.
1175 4543 1210 4581 rc-

100 4585 140 4637 cu.
158 4587 232 4638 teca
241 4578 284 4640 Ἢ
295 4584 424 4653 παρέκοψε
435 4614 470 4626 -
484 4615 514 4627 -
531 4616 563 4628 -
577 4591 622 4658 βα·
655 4593 735 4641 utut.
858 4613 868 4632 ·
