3046 5084
393 350 527 402 sanasti
543 352 607 405 Lib.
618 354 638 404 l.
655 353 781 407 tots-11.
797 353 895 405 nasu.
910 353 1028 405 xxviii.
1223 341 1281 402 221

136 473 208 533 maa·
223 475 358 551 sparetus,
391 474 468 531 Vodo
489 490 552 531 cam
572 475 642 550 aprio
662 475 737 533 aa'til
754 475 907 534 Ᾰαοείιαω.
952 473 1050 556 Atque
1071 473 1112 536 ita
1133 471 1283 555 deinceps,

136 591 210 654 quae
230 572 285 635 sibi
303 571 435 635 nuntiata
457 580 525 633 suut
544 572 625 634 velut
644 591 696 655 per
713 572 877 656 parabolam
897 573 1049 650 edisserit,
1082 595 1136 636 uec
1154 594 1188 639 se
1206 572 1286 657 prius

136 673 172 736 ad
197 674 359 736 docendum
383 673 547 736 accessisse
573 693 658 754 quam
680 683 779 754 aperte
804 673 937 735 domiuus
960 695 996 736 ea
1017 683 1192 736 monstraret
1211 692 1286 756 quae

136 776 235 840 verbis
251 786 338 838 autea
355 773 511 857 figurisque
526 773 753 858 significaverat.
799 771 918 835 Etenim
935 773 1107 857 simulatque
1125 795 1158 836 os
1172 775 1287 857 aperire

137 876 235 962 coepit
250 888 310 938 tum
325 895 390 936 cum
407 869 584 963 Caesaream
599 874 711 958 attigit,
734 874 854 960 spiritus
870 885 989 938 sanctus
1005 876 1034 938 iu
1053 871 1222 939 Cornelium
1238 874 1288 935 de·

136 979 235 1062 lapsus
254 986 310 1039 est.
357 971 442 1056 Quod
460 976 507 1039 nbi
521 974 629 1039 Petrus
647 977 820 1061 conspexit,
844 980 1002 1057 Numquid,
1027 981 1085 1056 ait,
1108 997 1209 1057 oquom
1224 978 1288 1054 quir

135 1080 288 1160 probibere
305 1090 400 1157 potest
416 1081 451 1140 ob
470 1082 518 1140 to
537 1083 589 1160 qui
602 1083 706 1158 aprbr'tu
725 1091 839 1153 anneto,
873 1084 919 1139 uti
936 1091 965 1140 et
979 1102 1031 1140 nos
1049 1083 1145 1152 airino,
1177 1081 1291 1157 dogmati

138 1187 228 1240 aaut?
271 1177 336 1242 lloc
357 1199 427 1242 vero
447 1189 538 1243 totum
558 1179 729 1265 mysterium
750 1181 891 1263 quoddam
910 1201 945 1243 ac
964 1181 1080 1243 divinae
1101 1179 1288 1262 benignitatis

140 1300 212 1363 opus
228 1290 302 1357 erat,
327 1291 357 1342 nt
370 1290 426 1343 tam
439 1278 545 1344 Petrus
557 1301 643 1364 quam
660 1282 770 1344 caeteri
788 1303 889 1344 omnes
907 1282 1103 1365 intelligerent
1120 1304 1177 1345 uon
1196 1279 1287 1343 bomi-

141 1382 241 1459 nibus,
273 1382 323 1445 sed
342 1381 395 1445 deo
414 1382 563 1465 gentilium
583 1383 705 1446 salutem
724 1404 791 1447 esse
809 1384 1001 1447 tribuendam.
1047 1383 1163 1447 Etenim
1181 1402 1287 1444 munus

140 1484 208 1547 illud
228 1483 315 1546 divini
333 1483 452 1567 spiritus
470 1494 500 1545 et
516 1484 610 1568 augeli
627 1495 775 1568 aspectum
794 1484 895 1568 largiri
912 1496 999 1548 autea
1016 1484 1125 1563 voluit,
1155 1505 1209 1547 uec
1228 1503 1286 1546 uon

140 1595 169 1648 et
185 1584 260 1649 illius
278 1584 439 1669 approbare
458 1606 561 1670 preces
579 1605 613 1647 ao
631 1585 757 1664 ieiunia,
781 1588 949 1671 reliquaque
967 1589 1003 1651 ab
1021 1609 1057 1651 eo
1072 1587 1220 1669 praeclare
1235 1605 1287 1668 gc·

139 1698 200 1764 sta,
224 1696 254 1749 ut
271 1687 345 1769 qnod
363 1686 522 1771 apostolis,
547 1687 760 1771 praecipueque
778 1685 885 1766 Petro,
909 1693 1095 1753 commissum
1113 1691 1224 1766 iuerat,
1249 1707 1285 1750 eo

138 1808 174 1850 ue
195 1788 336 1873 privatum
357 1788 504 1851 homiuem
527 1788 607 1850 illum
628 1789 753 1866 vellent,
776 1810 861 1872 quem
883 1793 954 1854 deus
975 1793 1072 1876 reipsa
1092 1801 1262 1854 vocaverat.

220 1992 319 2076 Atque
338 1992 410 2056 baec
429 1992 542 2075 quidem
563 2012 598 2054 eo
620 1992 705 2053 modo
724 2001 793 2054 tuuc
811 1992 1012 2057 administrata
1028 2005 1112 2071 suut,
1141 2015 1214 2078 quae
1232 1992 1286 2055 lal-
1304 2004 1363 2072 Cap.
1378 2008 1420 2057 tv.

137 2114 188 2158 sus
207 2094 256 2157 ille
278 2095 428 2178 apostolus
447 2090 606 2157 Corinthus
625 2092 765 2154 seditiose
784 2104 992 2156 commoverat.
1037 2094 1286 2176 Quemadmodum

137 2196 208 2259 alias
227 2194 443 2280 Hierosolymis
460 2217 524 2258 oum
542 2194 603 2258 suis
618 2193 695 2256 idem
711 2193 759 2255 ille
777 2194 915 2256 tumultus
930 2195 1073 2273 concivit,
1098 2197 1211 2278 quando
1228 2198 1285 2258 sci·
1299 2214 1346 2256 sat.
1357 2215 1390 2270 ar,
1404 2216 1437 2257 aa

136 2298 204 2361 lieet
221 2319 285 2360 cum
303 2295 375 2359 Tito
392 2294 502 2360 Paulus
520 2296 650 2372 advenit,
675 2306 760 2378 atque
775 2293 815 2356 ita
835 2296 909 2357 idem
925 2296 974 2358 ille
989 2298 1102 2359 loeutus
1118 2307 1180 2358 est:
1206 2302 1286 2358 Viros

131 2404 311 2480 praeponam
329 2401 460 2460 habentes
474 2421 568 2459 secum
583 2402 711 2470 induruit,
742 2397 846 2480 quibus
864 2399 898 2459 de
916 2397 987 2461 Tito
1004 2399 1200 2479 significabat:
1230 2404 1286 2460 Lo·

135 2524 214 2576 eam,
239 2499 349 2583 inquit,
371 2512 497 2561 sonetum
511 2503 663 2582 magunum
673 2503 759 2582 flacit.
807 2498 908 2580 Quare
926 2500 965 2563 ita
981 2497 1089 2562 Paulus
1107 2499 1198 2562 dixita
1230 2505 1288 2562 Sed
1299 2517 1375 2561 catat.
1385 2520 1406 2574 ι,
1416 2522 1436 2562 a.

135 2625 224 2684 neque
243 2606 323 2664 litus
340 2607 392 2683 qui
408 2624 511 2663 meeum
528 2615 606 2676 erat,
639 2625 699 2663 oum
717 2614 791 2663 esset
804 2605 921 2680 gentilia
936 2605 1094 2681 compulsas
1110 2614 1154 2662 est
1167 2607 1287 2662 carosam-

136 2712 210 2769 oa'di:
238 2710 289 2767 sed
301 2716 420 2785 propter
435 2705 661 2766 sabamtroductos
669 2707 766 2786 salsos
776 2707 905 2785 scotres,
936 2710 988 2784 qm'
999 2707 1224 2765 submtrot'ernnt
1237 2727 1287 2765 em

134 2812 250 2888 plorare
269 2809 424 2868 libertatem
443 2819 584 2880 normam,
616 2827 697 2885 quom
717 2808 849 2866 labemus
870 2810 898 2866 im
918 2809 1046 2866 Clm'sto:
1078 2809 1178 2886 qor'bns
1198 2830 1287 2887 neque

138 2913 176 2970 od
190 2912 287 2970 loram
301 2911 432 2969 cesariam
446 2909 626 2969 subrectum.
673 2904 787 2969 Deinde
803 2906 952 2990 praeputio
967 2908 1111 2991 praeditos
1129 2910 1172 2971 liis
1187 2910 1286 2972 verbis

140 3008 323 3072 hortabatur:
354 3012 451 3070 Nolite
465 3013 645 3084 circumcide}
669 3031 733 3069 nom
750 3014 778 3068 si
791 3013 1044 3083 circumcidamini,
1071 3015 1199 3071 Clusinos
1214 3015 1289 3071 m'lril

137 3112 366 3189 oodr'rprodaerit.
413 3107 607 3174 circumcisio
623 3131 710 3194 porro
730 3111 836 3172 tamdiu
854 3132 938 3172 strum
956 3121 1068 3194 tempus
1088 3112 1203 3188 babuit,
1235 3113 1287 3173 do·

136 3233 192 3276 nec
214 3210 308 3276 maior
327 3211 509 3275 circumcisio
534 3212 599 3274 eius
620 3222 667 3274 est
690 3212 753 3274 loeo
772 3211 945 3290 substituta,
977 3233 1079 3297 nempe
1102 3214 1149 3275 illa
1167 3211 1285 3275 lotionis

135 3314 242 3379 iterata
258 3313 428 3398 generatim
457 3313 487 3375 id
506 3314 580 3397 quod
599 3314 708 3376 nemini
726 3313 879 3378 obscurum
900 3326 961 3391 est,
993 3313 1214 3396 evidentiusque
1234 3334 1287 3397 per

135 3437 170 3480 ea
196 3438 271 3500 quae
294 3436 359 3477 oum
378 3416 414 3478 ab
435 3414 499 3502 aliis
518 3416 675 3500 apostolis,
709 3426 768 3478 tum
789 3417 943 3500 praecipue
962 3439 978 3478 a
997 3413 1090 3478 Paulo
1109 3415 1184 3475 diota
1204 3425 1282 3493 sunt,

137 3518 310 3582 ostenditur.
341 3514 387 3580 lta
401 3517 476 3580 enim
490 3516 556 3581 illes
578 3520 684 3596 Qut'das
696 3540 785 3598 neque
798 3522 836 3579 od
847 3522 944 3579 borum
958 3522 1091 3577 cessamus
1104 3517 1281 3579 subtectione.
1298 3535 1404 3594 Galata,
1415 3543 1434 3586 5.

137 3617 222 3702 Quod
240 3620 266 3684 si
284 3619 348 3703 quis
366 3639 400 3682 ea
418 3640 492 3703 quoe
510 3630 571 3683 tum
586 3620 622 3682 ab
640 3620 778 3704 apostolis
797 3631 880 3703 gesta
899 3628 969 3681 suut
984 3617 1217 3682 animadvertere
1232 3642 1284 3683 vo-

137 3719 242 3799 luerit,
274 3721 340 3785 linio
357 3722 494 3785 admirari
512 3721 679 3806 cumprimis
697 3710 848 3797 occurret,
880 3720 1116 3802 quemadmodum
1134 3742 1206 3803 quae
1225 3733 1283 3785 tum

137 3822 173 3886 ab
188 3823 243 3887 bac
258 3822 371 3887 haeresi
387 3824 534 3888 mendacis
549 3823 689 3887 instinctu
703 3823 822 3907 spiritus
837 3821 1037 3883 administrata
1052 3833 1130 3902 suut,
1152 3826 1284 3908 proprias

136 3923 251 3989 illorum
270 3935 354 3988 notas
373 3926 554 4008 exprimant,
587 3926 636 4009 qui
655 3945 707 4009 per
726 3922 889 3986 istiusmodi
905 3923 1042 3985 haereses
1061 3935 1155 3989 motas
1172 3928 1236 3989 illos
1255 3927 1284 3988 in

136 4025 277 4110 apostolis
297 4025 491 4089 concitarunt.
535 4024 613 4089 Nam
634 4047 699 4089 cum
718 4023 766 4088 isti
790 4045 808 4087 a
827 4023 892 4086 lidei
912 4024 1077 4108 integritate
1096 4026 1283 4106 deiecissent,

136 4127 217 4191 etin
236 4127 326 4192 lalsos
345 4128 493 4211 apostolos
512 4138 614 4191 essent
634 4126 788 4204 conversi,
820 4125 949 4208 aliosque
968 4128 1087 4211 perinde
1108 4129 1196 4191 lalsos
1215 4151 1284 4214 apo-

136 4229 229 4294 stolos
246 4230 412 4306 misissent,
437 4229 483 4312 qui
503 4228 650 4306 dicerent,
674 4231 743 4289 Nisi
753 4233 1000 4304 circumcidamini,
1025 4243 1054 4293 et
1066 4235 1229 4293 custodiistis
1246 4235 1285 4294 le-

134 4351 198 4409 gem
215 4336 325 4411 Mopsi,
350 4354 405 4393 non
419 4335 537 4411 potestas
553 4333 675 4402 sulcari,
700 4329 803 4411 iugens
819 4329 886 4394 iude
905 4333 977 4395 lacta
995 4333 1150 4395 commotio
1166 4346 1226 4412 est,
1255 4345 1284 4396 ut

169 4478 196 4532 2.
213 4486 288 4535 Verbo
306 4477 345 4538 iim
361 4480 404 4536 dola
421 4481 618 4549 neptrtpmobe,
635 4498 696 4546 quoe
728 4484 782 4533 odit.
796 4488 883 4548 prino,
900 4501 929 4536 m
944 4489 994 4537 cod.
1012 4489 1121 4536 Voticouo
1133 4489 1236 4551 morum
1250 4490 1285 4537 io·

137 4551 299 4602 metamor
313 4557 363 4602 tam
374 4555 399 4603 ia
413 4553 466 4603 cod.
475 4553 572 4613 amata.
584 4566 656 4615 quom
671 4555 695 4601 ia
729 4555 799 4604 seruit
815 4557 932 4605 Petaurus.
