3046 5084
138 844 205 905 Κεφ.
224 838 257 894 εί.

164 972 213 1015 pag.
227 958 260 1001 θλ.

144 1955 211 2024 Κεφ.
229 1953 261 2024 β’,

174 3841 226 3888 m·
239 3830 271 3873 εὶ·

149 4205 215 4276 Κεφ.
234 4202 267 4260 α’.

272 305 329 366 1³2
396 366 400 376 ,
692 314 812 366 ειαοτι
831 314 998 365 εισιιιλαιι

498 457 655 526 ΚΑΤΑ
694 454 1197 540 ΜΕΝΑΝΔΡΙΑΝΩΝ,

322 577 457 669 δευτέρα
484 574 605 670 οιίρεσις
630 569 696 645 άπὸ
722 579 785 665 τῆς
810 578 868 645 τοῦ
894 575 1005 668 κυρίου
1032 573 1232 666 παρουσίας,
1268 574 1313 666 τῆ
1340 574 1377 643 δὲ

594 688 770 790 ἀκολουθίᾳ
796 689 929 784 εἰκοστὴ
956 696 1101 786 δευτέρω

363 836 461 926 Ταάτη
477 841 608 920 καθεξῆς
625 836 823 902 ισυνάπτεται
838 834 1017 920 Μένανδρός
1030 862 1089 914 τις,
1111 835 1145 911 ῦς
1160 832 1220 900 άπό
1235 843 1429 919 Σαμαρειτῶν

274 937 446 1026 ὁρμώμενος
460 942 572 1024 ἐγένετο
584 936 761 1022 μαθητεόων
772 936 867 1024 τοάτρι
878 945 918 1025 τῷ
932 942 1046 1018 Σίμωνι
1060 941 1090 1002 έν
1103 935 1197 1025 χρόνῳ
1210 942 1274 1002 τινί.
1300 934 1429 1018 Ὁμοίως

274 1044 306 1107 δὲ
323 1045 399 1127 ἔλεγε
412 1044 463 1105 καλ
479 1039 569 1116 αῦτός
584 1039 636 1105 τόν
655 1039 767 1120 κόσμον
783 1039 932 1123 γεγονέναι
949 1035 998 1102 ὑπ’
1016 1036 1159 1124 άγγέλων,
1182 1037 1288 1103 ἑαυτόν
1304 1040 1335 1103 δὲ
1351 1041 1429 1123 έλεγε

275 1142 403 1226 δύναμιν
424 1139 543 1206 άνωθεν
565 1148 641 1206 θεοῦ
663 1142 946 1221 2καταπεπέμφθαι.
991 1146 1123 1218 Μείζονα
1145 1142 1177 1204 δὲ
1197 1145 1320 1222 κυβείαν
1339 1133 1429 1215 οὗτος

274 1242 348 1329 ῦπλρ
372 1240 424 1308 τόν
444 1241 588 1328 πρότερον
609 1241 805 1326 ἐργασάμενος
826 1240 902 1326 πρός
924 1240 1041 1323 άπάτην
1063 1249 1122 1306 τῶν
1142 1239 1314 1325 άνθρεόπων
1336 1244 1430 1326 ἔλεγεν

275 1343 380 1412 ἑαυτόν
396 1346 574 1425 πεπέμφθαι
592 1345 634 1418 είς
651 1347 795 1427 σωτηρίαν
813 1347 922 1424 δῆθεν,
952 1346 1003 1407 καὶ
1021 1346 1062 1418 εἰς
1082 1342 1115 1408 τό
1133 1343 1269 1428 συνάγειν
1286 1341 1368 1418 τινάς
1387 1346 1430 1418 εἰς

275 1446 309 1513 τό
322 1448 432 1517 ,ἑαυτοῦ
446 1444 615 1530 μυστήριον,
639 1443 688 1509 διά
703 1443 735 1509 τό
755 1443 794 1526 μῆ
811 1442 870 1509 όπό
888 1452 947 1509 τῶν
961 1443 1012 1509 τόν
1028 1444 1142 1527 κόσμον
1156 1443 1362 1526 πεποιηκότων
1377 1442 1429 1529 άγ-

277 1550 368 1636 γέλων
384 1551 435 1612 καλ
448 1545 560 1629 Ἀρχῶν
575 1549 625 1610 καλ
639 1545 797 1622 Ἐξουσιῶν
810 1553 1091 1629 κατακυριευθῆναι.
1125 1547 1237 1629 Ὅμοια
1252 1548 1284 1611 δὲ
1300 1553 1343 1634 τῷ
1360 1548 1427 1611 ἑαυ-

279 1658 332 1715 τοῦ
345 1648 513 1737 διδασκάλῳ
525 1647 561 1714 τά
574 1647 672 1712 πάντα
686 1653 878 1728 συνυφαίνειν
889 1650 940 1711 καλ
952 1653 1096 1732 γοητείαις
1107 1651 1158 1712 καλ
1169 1658 1233 1725 ταῖς
1244 1647 1343 1724 άλλαις
1358 1675 1430 1733 μαγ-

277 1756 405 1838 γανείαις
417 1749 455 1817 οῦ
467 1753 620 1828 διέλειπεν,
632 1748 719 1815 οῦδὲν
733 1751 764 1814 δέ
777 1749 925 1832 διήλλαττε
936 1757 971 1838 τῆ
985 1754 1166 1836 διδασκαλίᾳ,
1179 1747 1238 1827 ἄλλ’
1248 1749 1270 1833 ῆ
1280 1748 1372 1832 μόνον
1384 1750 1432 1815 ότι

279 1851 384 1918 ἑαυτόν
400 1855 477 1937 έλεγε
493 1857 610 1935 μείζονα
625 1858 735 1934 μᾶλλον
756 1850 776 1934 ἦ
796 1850 849 1916 τόν
864 1849 922 1935 πρό
938 1849 1031 1915 αὐτοῦ
1047 1850 1116 1916 όντα
1133 1849 1225 1916 αὐτοῦ
1244 1850 1429 1916 διδάσκαλον.

368 1961 415 2042 Τῷ
432 1955 464 2018 δὲ
481 1951 561 2042 αῦτρλ
577 1952 752 2036 έλαττοόματι
765 1946 789 2042 ρῖ
803 1954 853 2018 καλ
869 1950 887 2017 ό
901 1950 993 2017 αῦτοῦ
1009 1952 1182 2028 διδάσκαλος
1195 1954 1354 2038 περιέπεσε,
1376 1955 1430 2017 καί

280 2053 369 2130 αῦτδς
384 2052 473 2130 άλοῦς
488 2052 538 2120 διά
551 2062 611 2120 τῶν
626 2053 724 2120 αῦτῶν
736 2061 789 2120 τοῦ
804 2057 920 2140 ἐλέγχου
933 2062 986 2137 τῆς
999 2052 1140 2136 άληθείας
1152 2054 1247 2139 λόγων
1261 2052 1431 2136 άνατραπῆ-

280 2179 366 2222 σεται.
407 2154 568 2240 Ἀνετράπη
585 2154 638 2242 γάρ
658 2149 760 2236 οὗτος,
789 2159 839 2220 καλ
857 2159 956 2237 έληξεν
973 2154 994 2239 ῆ
1010 2154 1102 2221 αῦτοῦ
1119 2160 1245 2242 αἵρεσις,
1274 2152 1315 2232 ῶς
1329 2158 1379 2221 έπλ
1396 2153 1430 2221 τό

280 2268 422 2324 πλεῖστον.
453 2257 675 2344 ’Τπερβῆσομαι
690 2259 722 2323 δὲ
735 2255 828 2340 αῦτῆν
841 2256 888 2338 ἐφ’
901 2260 1001 2344 ἑτέραν
1013 2256 1100 2322 πάλιν
1113 2256 1291 2342 προκόπτων
1304 2265 1340 2346 τῆ
1354 2253 1432 2338 ῦφη·

282 2360 364 2446 γῆσει
379 2359 541 2442 έλεῦσομαι.
576 2369 624 2450 Τῷ
638 2359 694 2447 γάρ
710 2358 774 2424 όντι
787 2363 817 2424 οί
832 2362 953 2424 παλαιοὶ
967 2363 1116 2444 ἱστοροῦσι
1129 2367 1240 2441 μῦθον,
1263 2355 1303 2434 ῶς
1316 2362 1348 2424 έκ
1362 2366 1433 2423 πολ·

281 2470 341 2527 λῶν
356 2459 490 2528 άσπίδων
507 2464 696 2547 συνηγμένων
712 2465 744 2526 έν
762 2459 844 2547 άγγει
860 2463 903 2526 ἓνλ
920 2458 1080 2550 όστρακένρο
1098 2464 1148 2526 καὶ
1166 2467 1383 2527 κατατεθεισῶν
1402 2464 1435 2527 έν

281 2573 345 2639 τοῖς
355 2569 503 2646 θεμελίοις
517 2571 577 2628 τῶν
591 2561 738 2646 τεσσάρων
749 2571 864 2648 γωνιῶν
878 2560 1001 2627 ἑκάστου
1019 2565 1159 2645 τεμένους
1170 2570 1230 2628 τῶν
1245 2566 1278 2629 ἐν
1290 2561 1433 2651 Αίγόπτρο

283 2667 543 2746 οἰκοδομηθέντων
557 2663 694 2743 εἰδῶλων,
711 2667 763 2730 καλ
775 2668 859 2741 εἴτις
871 2663 986 2729 τοῦτων
1005 2672 1014 2710 ¹
1027 2667 1198 2751 ἰσχυροτέρα
1211 2665 1338 2751 ηὕρηται
1351 2662 1434 2750 παρά

281 2764 334 2841 τάς
350 2763 452 2843 άλλας,
482 2768 649 2830 ἐπελθοῦσα
665 2764 718 2842 τάς
734 2767 833 2852 ἑτέρας
848 2767 1010 2850 κατέφαγε,
1040 2771 1161 2850 μείνασα
1179 2769 1212 2832 δὲ
1228 2765 1299 2833 καθ’
1316 2766 1433 2849 έαυτῆν,

283 2868 335 2931 καλ
350 2873 466 2951 τροφῆς
482 2864 522 2950 μῆ
539 2864 723 2952 εῦποροῦσα,
753 2877 914 2953 στραφεῖσα
936 2866 1010 2950 αῦτη
1028 2871 1079 2933 καλ
1097 2866 1157 2934 άπδ
1176 2877 1230 2952 τῆς
1246 2870 1353 2956 κέρκου
1368 2870 1434 2934 ἑαυ-

283 2964 337 3050 τῆν
353 2969 464 3033 ἐσθίειν
480 2966 644 3055 άρξαμένη,
676 2971 732 3046 ἕως
750 2972 858 3055 μέρους
874 2969 955 3046 τινός
970 2977 1024 3035 τοῦ
1043 2968 1179 3053 στόματος
1196 2974 1358 3057 κατέφαγε,
1385 2973 1436 3036 καλ

284 3068 380 3145 οὕτως
393 3071 503 3152 ἔμεινεν
517 3068 615 3136 οῦκέτι
630 3076 737 3151 τελεία,
766 3069 823 3136 ἀλλ’
839 3070 932 3154 ἥμισυ
947 3070 1120 3158 όπάρχουσα
1137 3074 1268 3157 ἑρπετοῦ.
1311 3072 1367 3138 Διό
1385 3074 1436 3137 καλ

282 3168 532 3257 ’Λσπιδογοργόνα
545 3170 655 3255 ταάτην
668 3172 815 3253 ἐκάλεσαν,
838 3173 910 3249 ῶςτε
923 3183 1001 3239 νοεῖν
1015 3171 1095 3256 ῆμῦς
1108 3171 1142 3239 τό
1157 3174 1283 3241 παλαιόν
1296 3175 1349 3256 μέν
1362 3170 1436 3238 εἶναι

283 3280 380 3351 τοῦτο,
395 3279 453 3338 νῦν
466 3274 498 3338 δὲ
511 3274 613 3356 μηκέτι
626 3281 713 3340 τοῦτο
729 3271 946 3360 εὑρισκόμενον,
964 3273 1021 3340 ἄλλ’
1036 3274 1218 3359 ἠφανίσθαι·
1242 3273 1282 3351 τός
1295 3276 1345 3340 καλ
1359 3271 1435 3354 αῦτη

282 3382 430 3452 παντελῶς
442 3373 671 3459 άπελαυνομένη.
702 3373 774 3459 Ελγε
788 3377 840 3459 μλν
855 3375 911 3463 γάρ
923 3376 992 3465 παρ’
1005 3375 1091 3461 ἡμῶν
1103 3376 1158 3462 τῆν
1172 3375 1346 3461 άνιιλογέαν,
1360 3370 1436 3456 αῦτῆ

284 3479 316 3541 δὲ
334 3475 384 3544 διά
399 3485 453 3562 τῆς
471 3476 625 3561 δυνάμεως
642 3485 773 3564 Χριστοῦ
791 3477 960 3562 ἠφάνισται.
1005 3482 1067 3544 Καὶ
1084 3479 1192 3563 ταάτην
1211 3477 1243 3544 δέ
1256 3472 1437 3561 όπερβάντες

284 3580 333 3644 έπλ
352 3579 407 3657 τάς
428 3582 495 3666 ἑξῆς
516 3584 621 3665 ἴωμεν,
644 3578 798 3668 άγαπητοέ.

518 3813 667 3883 ΚΑΤΑ
709 3814 1203 3903 ΣΑΤΟΡΝΙΛΙΑΝΩΝ,

343 3927 439 4022 τρίτη
465 3931 586 4026 αίρεσις
613 3926 679 4003 οἰιτδ
703 3934 766 4023 τῆς
791 3934 849 4002 τοῦ
875 3934 1019 4028 Χριστοῦ
1045 3933 1246 4028 παρουσίας,
1271 3936 1316 4027 τῆ
1342 3932 1379 4002 δὲ

626 4047 803 4148 ἀκολουθίᾳ
829 4045 963 4144 εἰκοστὴ
988 4054 1093 4148 τρίτη.

368 4188 459 4260 Meu}
472 4197 579 4257 τοῦτον
593 4194 775 4281 Σατορνΐλός
786 4220 832 4272 τις
845 4193 960 4278 άνέστη,
979 4199 1032 4261 καλ
1045 4194 1136 4274 οῦτδς
1149 4200 1265 4263 λκεῦθεν
1278 4189 1332 4268 τάς
1347 4187 1441 4276 οίφορ·

284 4292 357 4375 μῦς,
387 4291 448 4359 άπδ
463 4291 647 4378 Μενάνδρου
663 4300 742 4381 φημλ
756 4300 809 4364 καλ
821 4305 881 4363 τῶν
894 4296 1015 4384 τροίην,
1044 4298 1152 4385 λοβῶν.
1199 4288 1296 4370 Οῦτος
1311 4292 1443 4385 πρόςτῆ

319 4446 378 4499 ο...
394 4451 413 4499 ι.
432 4479 466 4490 -
484 4451 507 4502 ι.
524 4447 654 4503 mmm
671 4455 722 4505 οι.
738 4456 811 4506 νοω.
912 4456 938 4537 γ.
955 4456 1137 4524 maxema
1152 4454 1204 4504 οι.
1221 4453 1319 4517 αντη.
1341 4432 1364 4504 ὀ
1387 4454 1443 4504 ιοιι

877 4537 956 4586 prm.
