3046 5084
403 341 538 393 rursusu
557 340 1020 400 antecantamenta.
1221 331 1282 399 28⁷

140 460 220 532 euim
231 460 301 529 cttn
313 460 434 546 aspides
445 459 552 527 fecisse
565 470 700 539 narrum,
715 481 838 545 quarum
850 480 915 525 cnm
929 461 1059 525 inclusae
1072 459 1156 525 doliis
1169 472 1283 540 ment,

139 563 260 633 alterno
278 563 372 628 altere
389 559 553 627 devoravit.
599 558 678 628 Tum
695 581 769 644 quae
784 560 912 625 ferocior
925 582 961 627 ec
977 560 1125 624 crudelior
1140 573 1204 627 eret
1220 563 1285 627 solo

138 685 313 741 remanens,
338 673 500 744 cunctoque
516 663 606 739 tane,
629 660 756 745 seipsam
772 681 789 723 a
804 660 894 724 canda
909 661 1050 745 incipiens
1066 662 1202 744 paulatim
1216 684 1286 727 cnu-

138 767 277 850 sunapsit3
307 765 393 847 idque
409 763 503 846 ipsum
520 760 552 827 in
566 760 705 846 Aegypto
722 761 881 845 contigisse
898 761 1093 838 anonnnllis,
1124 762 1222 845 quide
1239 784 1287 827 re·

138 887 205 933 rum
221 877 325 931 nature
342 864 540 946 scripserunt,
562 863 706 947 proditum
723 873 780 927 est.
824 860 908 929 Unde
926 873 955 926 et
972 863 1009 926 ob
1028 862 1217 947 Gorgoneum
1235 883 1287 925 ve-

138 967 191 1037 luti
208 977 294 1050 caput
309 965 563 1049 Aspidogorgonis
577 964 684 1032 merito
695 965 725 1032 ei
739 974 787 1027 est
800 985 906 1029 nomen
921 964 1099 1049 impositum.
1144 961 1288 1030 Similiter

138 1068 256 1152 ineptus
271 1088 305 1133 ac
319 1066 441 1135 stolidus
457 1063 552 1131 Ebion
567 1063 746 1149 Ebionisquc
762 1067 892 1130 fautores
908 1065 1063 1129 concidere
1078 1065 1192 1149 seipsos
1205 1076 1287 1129 ante·

140 1178 311 1245 verterant,
344 1186 437 1249 caque
462 1166 566 1250 quibus
587 1166 768 1250 potissimum
791 1167 955 1251 gloriantur
983 1167 1066 1231 initio
1091 1165 1285 1232 sustulerunt.

138 1267 211 1333 Ncn
230 1269 307 1335 enim
326 1265 479 1346 Christus,
501 1277 601 1352 utpote
617 1289 683 1333 cnm
698 1269 796 1333 iulans
812 1269 904 1332 adbuc
921 1279 1017 1345 esset,
1041 1267 1212 1351 semetipse
1229 1267 1286 1331 cir·

139 1370 287 1436 cumcidit.
331 1367 569 1439 sentennaco
592 1381 747 1454 propterea
769 1370 937 1435 misericors
959 1369 1092 1433 domiuus
1115 1380 1176 1448 est,
1209 1370 1286 1452 quod

139 1471 182 1543 ite
198 1491 232 1535 se
249 1469 346 1538 Ebioo
359 1470 527 1555 imprudens
542 1471 700 1550 obiecerit,
723 1482 756 1537 ut
771 1472 888 1537 minime
905 1493 975 1537 vera
992 1473 1147 1535 consessus
1162 1470 1285 1535 nnnviu·

141 1572 225 1643 cendi
247 1572 293 1641 atti
308 1593 410 1639 susam
426 1572 511 1641 cobis
530 1573 710 1639 obtruderet.
755 1570 791 1638 si
811 1575 887 1637 enim
907 1574 991 1637 deum
1011 1573 1090 1637 illum
1108 1593 1175 1637 esse
1195 1572 1284 1640 coeli-

139 1685 243 1756 tueque
259 1673 405 1760 dctcpsun
420 1685 582 1752 assereret,
604 1684 767 1757 octavoque
782 1675 828 1739 die
842 1695 859 1739 a
871 1673 968 1738 Maria
986 1674 1199 1753 circumcisum,
1223 1684 1284 1737 tum

136 1774 250 1856 quidem
270 1785 413 1858 quatenns
431 1785 462 1837 et
478 1774 549 1839 deus
567 1775 661 1850 locet,
690 1786 720 1839 et
738 1775 767 1837 id
785 1777 859 1839 ultro
876 1797 909 1839 ac
925 1776 1073 1839 voluntate
1089 1775 1283 1861 permisisset,

135 1875 301 1959 speciosum
320 1876 456 1961 quiddam
475 1895 510 1939 ec
529 1875 679 1960 probabile
699 1875 734 1937 ed
753 1876 983 1941 circumcisionis
1003 1876 1285 1943 commendationem

133 1976 368 2045 circumforaneo
387 1976 439 2040 toi
461 1975 655 2060 praebuisset.
698 1973 760 2039 lam
781 1998 853 2040 vero
876 1999 940 2041 cum
959 1998 1070 2039 merum
1089 1977 1169 2041 illum
1190 1978 1283 2043 hnmi-

135 2098 202 2141 nem
225 2098 311 2156 esse,
340 2089 428 2162 atque
448 2078 483 2140 ab
502 2076 666 2141 bominibus
684 2076 885 2141 circumcisum
907 2079 998 2141 luisse
1020 2078 1143 2155 sentiat,
1173 2098 1284 2160 neque·

137 2199 222 2261 quam
246 2199 337 2262 puero
359 2180 400 2243 illi
423 2179 503 2242 velut
523 2178 636 2241 auctori
656 2178 838 2243 tribuendum
858 2190 919 2255 est,
950 2179 1025 2262 qnod
1039 2189 1145 2242 octava
1162 2179 1201 2242 sit
1219 2178 1284 2245 luce

135 2279 338 2344 circumcisus.
382 2278 489 2363 Neque
505 2279 582 2343 enim
599 2280 785 2364 semetipsum
802 2280 952 2364 praecidit,
977 2281 1027 2341 sed
1042 2280 1070 2341 id
1089 2279 1124 2342 ab
1139 2280 1202 2342 aliis
1218 2301 1283 2363 pas·

133 2401 185 2443 sus
208 2393 271 2460 est3
307 2381 383 2464 quod
408 2382 462 2443 sibi
490 2380 558 2465 ipsis
582 2381 664 2464 pueri
692 2380 900 2457 conferciunt,
933 2402 1026 2465 neque
1051 2380 1281 2444 circumcisionis

133 2491 271 2551 auctores
287 2482 359 2566 ipsi,
381 2483 435 2549 scd
452 2503 553 2547 eorum
569 2482 664 2565 potius
679 2493 815 2567 parentes
831 2482 955 2546 habendi
971 2493 1050 2550 sunt.
1095 2480 1213 2545 Etenim
1230 2503 1282 2565 pu-

134 2582 235 2647 siones
256 2583 299 2647 illi
321 2603 392 2668 prae
413 2584 534 2654 infantia
556 2585 622 2668 quid
644 2584 700 2648 sibi
721 2605 739 2646 a
760 2586 928 2669 parentibus
951 2585 1000 2648 liat
1021 2585 1170 2669 ignorent..

212 2685 258 2757 At
271 2705 325 2751 nos
341 2696 372 2749 et
385 2686 469 2751 deum
485 2686 566 2753 illum
579 2706 597 2749 e
611 2686 695 2749 coelo
710 2685 897 2751 descendisse
914 2685 1053 2764 dicimus,
1076 2697 1107 2750 et
1121 2686 1152 2749 in
1165 2682 1282 2751 Mariae
1298 2681 1399 2799 Xfffpi'

134 2785 260 2870 virginis
277 2797 362 2859 atero
379 2786 508 2875 legitimo
527 2796 657 2872 tempore
674 2788 887 2872 permansisse,
921 2798 1026 2873 quanto
1044 2788 1157 2855 scilicet
1172 2787 1284 2872 gestari
1401 2783 1408 2800 ⁸

132 2887 228 2957 ceteri
245 2888 396 2953 iubentium
413 2888 526 2968 solent,
558 2888 651 2955 donec
668 2909 708 2953 ex
724 2888 776 2955 ille
791 2889 914 2974 virginis
930 2900 1015 2955 utero
1033 2892 1184 2974 profusus,
1215 2911 1283 2976 per·

135 2989 212 3059 lecto
235 2988 294 3055 iam
317 2989 442 3059 bominis
465 2991 541 3074 quod
563 2989 698 3055 indueret
720 3011 860 3075 corpore,
894 3003 1058 3076 susceptam
1084 3013 1156 3057 ase
1177 2991 1282 3059 cuntis

134 3100 254 3159 metrae
268 3091 503 3174 procurationem
518 3091 637 3175 aggredi
654 3090 791 3161 instituit.
835 3088 870 3155 ln
885 3103 986 3178 quaet
1002 3094 1037 3158 ad
1052 3093 1128 3156 diem
1146 3104 1280 3159 ncmvum

131 3212 191 3259 neo
206 3191 305 3276 specie
323 3203 426 3271 tenus,
457 3193 510 3259 sed
527 3193 627 3278 reipsa
642 3192 831 3264 circumcisus
849 3205 905 3257 est.
952 3200 1033 3261 Venit
1050 3201 1121 3257 maio
1140 3207 1172 3257 ut
1188 3199 1277 3274 legem
1285 3202 1391 3252 Muti-⁵.
1399 3201 1430 3245 1²·

129 3314 166 3365 cc
178 3297 382 3381 prophetorum
395 3297 524 3375 ciopteret
535 3298 662 3369 oracula,
685 3317 742 3357 non
757 3308 908 3371 meterem
931 3307 1018 3381 atque
1032 3308 1062 3359 ut
1079 3295 1205 3361 alienam
1220 3316 1279 3359 non

133 3394 224 3469 luisse
239 3394 333 3479 legem
351 3396 531 3474 ostenderet,
555 3397 609 3466 scd
621 3417 640 3460 a
654 3395 753 3481 seipso
766 3418 936 3462 concessam
952 3399 987 3463 nd
1002 3419 1085 3461 suum
1099 3417 1191 3480 usqne
1205 3407 1280 3461 tem·

131 3516 190 3580 pua
211 3495 265 3561 sub
287 3497 456 3581 quibusdam
481 3497 638 3582 tpouron
660 3497 740 3563 velut
761 3498 934 3563 umbraculis
955 3497 1136 3583 perstitisse:
1169 3518 1228 3580 quo
1247 3495 1279 3561 in

132 3617 199 3663 sese
217 3619 252 3661 ac
266 3619 320 3682 per
335 3620 403 3665 sese
418 3600 619 3685 quodcumque
633 3598 692 3684 legi
707 3599 807 3665 deerat
821 3611 967 3684 postremo
982 3599 1140 3682 suppleret,
1162 3600 1278 3664 eadem·

130 3719 189 3791 que
206 3698 256 3763 illa
275 3699 431 3784 figurarum
448 3701 602 3769 iorctncro
618 3702 654 3771 ad
671 3701 830 3789 spiritalem
848 3701 1056 3786 perlectionem
1073 3721 1108 3762 ac
1123 3701 1279 3767 veritatem

130 3801 271 3884 perducta
287 3801 394 3886 bptrras
411 3822 479 3872 esse
497 3799 621 3873 desiisse
638 3814 726 3888 atque
743 3803 779 3867 ad
796 3803 949 3868 veritatem
969 3799 1121 3865 transiisse
1138 3811 1199 3867 tam
1214 3804 1285 3891 ipse¹

129 3922 217 3985 qnam
237 3903 302 3973 elur
320 3902 447 3987 apostoli
463 3904 675 3988 praedicerent.
720 3902 755 3969 ln
775 3904 824 3967 illo
841 3904 946 3988 quippe
964 3903 1040 3988 quod
1057 3903 1195 3989 scripturn
1213 3915 1278 3969 erat

130 4002 163 4075 iu
177 4004 242 4087 tege
256 4007 418 4090 perlectum
434 4015 497 4084 cst,
520 4004 565 4085 id,
586 4007 715 4091 inquam,
739 4008 814 4090 quod
828 4007 863 4068 nd
881 4006 944 4071 eius
960 4026 1051 4090 nsque
1066 4017 1196 4093 tempora
1212 4027 1278 4091 per-

129 4104 268 4186 duravit,
288 4107 363 4171 etin
380 4106 444 4191 ipso
461 4108 518 4171 iam
533 4106 698 4173 absolutum
712 4107 916 4193 impletumque
931 4107 1028 4185 desiit,
1052 4108 1186 4173 nimirum
1202 4108 1279 4192 quod

131 4201 266 4292 Septima
282 4207 414 4273 dicebat:
446 4210 533 4271 Stetit
546 4214 664 4289 sangari
681 4214 900 4271 cmenmcn'rrbnrb
908 4213 975 4291 stb'i
993 4215 1054 4273 mei.
1100 4208 1171 4279 Non
1189 4209 1275 4290 dixit,
1291 4215 1428 4273 5¹⁰⁶de

130 4310 408 4393 Cmccmcritr'fltritm
421 4332 519 4372 mcum.
566 4307 672 4395 Neque
692 4310 768 4373 enim
786 4311 814 4373 id
832 4311 935 4397 agebat
947 4314 1080 4398 angelus,
1104 4325 1137 4377 ut
1154 4314 1277 4379 circum·

131 4409 206 4481 cisio
222 4411 325 4493 teret,
353 4433 449 4497 neqm
463 4410 616 4496 nogotiis
633 4422 713 4477 metu
729 4414 870 4492 recessit,
899 4416 951 4481 sed
968 4425 1001 4480 nt
1017 4436 1083 4479 eum
1100 4415 1241 4482 infantem
1260 4439 1279 4481 a
