3046 5084
353 363 488 416 ransart
504 362 568 414 Ltu.
583 364 603 415 l.
618 363 700 415 ΤΟΜ.
712 365 743 415 ll.
769 363 867 415 ntus.
885 365 987 414 XXXl.
1180 354 1240 413 315

97 487 219 551 aliarum
236 485 411 561 haereseon,
435 501 510 567 quae
525 481 581 545 sibi
596 481 735 563 tragicam
754 482 917 546 istiusmodi
934 505 1065 569 pompam
1081 483 1239 560 asciscunt,

97 588 297 674 propagandas
316 585 446 669 origines
464 604 541 647 nora
555 583 697 667 quaedam
716 583 851 646 addidere
869 586 993 647 somnio.
1038 583 1154 647 Etenim
1177 594 1243 670 post

98 691 251 775 superiora
272 688 321 752 illa
343 685 460 750 nomina
476 684 643 762 Hesiodus,
668 680 804 769 Orpbeus
822 696 850 747 et
867 683 1052 747 Stesichorus
1070 697 1154 748 natos
1177 706 1243 749 esse

98 793 198 856 dicunt
212 788 337 856 Coelum
360 799 390 851 et
405 786 582 864 Tartarum,
607 783 765 851 Saturnum
785 807 818 849 ac
835 785 966 863 lllream,
992 784 1109 864 lovem,
1132 787 1244 871 Apolli-

99 917 183 973 nem,
206 891 376 977 Neptunum
398 899 486 972 atque
498 885 672 966 Plutonem,
696 887 842 972 aliosque,
867 909 940 972 quos
958 889 1124 972 singillatim
1142 909 1244 951 recen-

98 1009 181 1074 sent,
205 995 386 1057 innumeros.
430 987 586 1054 Fecundus
611 989 689 1053 enim
713 989 827 1053 illorum
853 1011 937 1053 error
961 1002 1007 1053 est
1027 1011 1061 1052 nc
1079 990 1242 1074 multiplex,

98 1101 147 1185 qni
165 1097 293 1160 absurda
311 1093 411 1157 nescio
428 1114 502 1178 quae
520 1091 728 1156 vocabulorum
746 1102 875 1155 monstra
896 1092 1060 1176 parturiens
1082 1103 1169 1175 atque
1192 1111 1244 1153 ex-

99 1201 232 1285 cogitans
248 1197 387 1260 infinitam
409 1195 567 1258 fabularum
583 1205 713 1278 segetem
734 1195 871 1278 proludit.
917 1191 1003 1275 Quae
1018 1215 1076 1257 nna
1092 1215 1140 1256 res
1157 1195 1243 1256 mise·

100 1323 201 1366 rorum
225 1300 337 1363 illorum
362 1297 473 1361 animos
498 1297 571 1360 laisa
593 1296 690 1381 speeie
708 1296 826 1360 deludit.
873 1294 932 1360 Sed
951 1297 986 1359 iis
1005 1317 1127 1379 quorum
1146 1296 1244 1359 divina

100 1405 167 1468 luce
185 1402 352 1467 collustrata
375 1409 539 1478 mensem,
563 1399 660 1484 inepta
683 1397 755 1462 baec
777 1400 874 1462 statim
901 1419 935 1462 ac
955 1399 1075 1462 ridicula
1095 1397 1240 1461 ridentur.

102 1504 216 1588 Quibus
240 1505 324 1567 modo
339 1501 571 1589 praetermissis,
602 1520 676 1585 qrrne
696 1500 811 1564 illorum
831 1501 912 1564 libris
931 1501 1134 1579 continentur,
1159 1510 1245 1584 prout

101 1608 137 1670 ad
159 1606 278 1671 uerbum
302 1605 409 1690 scripta
426 1605 581 1689 leguntur,
606 1604 660 1666 boc
676 1602 741 1667 loco
761 1624 931 1688 proponam.
978 1601 1055 1667 Sunt
1073 1602 1144 1666 baec
1166 1602 1244 1665 eins·

101 1709 190 1773 modi.

184 2012 267 2079 Haec
283 2015 357 2099 apud
373 2011 537 2096 sapientes:
562 2012 613 2075 sed
630 2011 705 2096 apud
724 2011 881 2091 animales,
905 2013 978 2097 apud
996 2014 1147 2093 carnales,
1170 2016 1243 2099 apud

101 2117 278 2194 mundanos,
310 2117 383 2201 apud
406 2124 614 2198 exaggeratum
637 2113 726 2177 animi
747 2114 822 2193 vim,
855 2113 920 2177 Nus
942 2137 1086 2199 nunquam
1107 2116 1244 2179 desinens

100 2220 248 2305 perpetuis
266 2239 300 2280 ac
318 2238 463 2301 nunquam
479 2216 694 2295 desinentibus,
717 2217 852 2280 salntem.
897 2215 1039 2300 Equidem
1055 2238 1156 2280 eornm
1173 2239 1246 2301 qnae

101 2342 196 2405 neque
213 2318 356 2384 nominari
373 2341 427 2382 nee
443 2319 583 2403 explicari
603 2319 734 2382 oratione
752 2329 890 2402 possunt,
922 2340 1053 2402 quaeque
1070 2318 1245 2382 coelestibus

102 2424 173 2509 ipsis
195 2423 347 2507 superiora
367 2431 452 2499 sunt,
485 2421 661 2485 mentionem
683 2423 757 2505 apud
781 2442 834 2484 vos
856 2421 1022 2499 instituam3
1056 2442 1130 2506 quae
1151 2442 1246 2505 neque

100 2522 304 2610 Principum,
328 2543 421 2607 neque
438 2521 622 2601 Potestates,
654 2543 709 2586 uec
726 2544 799 2607 quae
815 2523 873 2586 illis
889 2523 1018 2587 subiecta
1036 2535 1120 2602 sunt,
1152 2545 1246 2609 neque

103 2628 178 2692 aliud
201 2628 352 2711 quicquam
373 2625 564 2709 intelligentia
587 2635 682 2710 potest
700 2626 856 2710 consequi,
889 2625 1001 2710 solique
1019 2627 1100 2705 eins,
1134 2627 1181 2712 qui
1202 2636 1248 2689 est

103 2728 312 2806 immutabilis,
345 2739 412 2792 sunt
436 2727 595 2811 cognitioni
617 2730 772 2813 patefacta.
816 2726 964 2814 Principio
985 2730 1126 2813 siqnidem
1150 2751 1247 2793 rerum

104 2831 230 2895 omnium
247 2831 272 2894 is
289 2831 338 2916 qni
354 2851 407 2916 per
422 2850 454 2894 se
472 2830 563 2915 ipsum
582 2828 672 2893 Pater
687 2841 732 2894 est
749 2831 886 2894 universa
902 2832 932 2894 in
951 2833 1107 2918 semetipso
1123 2833 1247 2896 obscura

102 2935 259 3019 ignotaque
280 2934 463 3014 continebat,
495 2953 579 3017 quem
601 2932 732 2995 nonnulli
757 2933 890 2996 Aeonem
911 2937 1070 2998 senectutis
1095 2947 1246 3020 expertem

102 3057 275 3122 semperque
290 3036 453 3115 llorentem,
478 3046 508 3098 et
522 3055 630 3098 marem
646 3035 838 3120 feminamque
853 3048 970 3116 vocant,
995 3039 1042 3121 qui
1058 3039 1153 3101 omnia
1169 3060 1247 3101 corn·

103 3140 208 3225 plexus
223 3139 301 3203 nulla
315 3158 348 3202 re
364 3138 427 3223 ipsc
442 3137 707 3222 comprehenditur.
751 3136 835 3202 Tunc
850 3160 924 3222 quae
941 3140 970 3202 in
984 3141 1033 3204 illo
1051 3140 1145 3203 inerat
1159 3138 1246 3203 Mens

104 3243 158 3324 (ita
171 3242 246 3305 enim
258 3241 371 3326 quidam
384 3241 540 3326 appellant,
559 3239 607 3304 alii
622 3239 738 3325 proprio
752 3241 868 3305 nomine
883 3239 1025 3322 Gratiam,
1041 3244 1117 3327 qnod
1129 3240 1247 3326 Magni-

104 3345 211 3410 tudinis
228 3343 381 3407 tbesauros
398 3342 428 3407 in
446 3363 498 3406 eos
515 3341 563 3427 qui
581 3363 621 3406 ex
637 3340 840 3428 Magnitudine
859 3354 943 3408 erant
960 3345 1163 3431 insumpserit,
1195 3346 1246 3408 sed

103 3447 207 3512 melius
222 3445 258 3511 ab
268 3445 332 3509 aliis
347 3444 501 3510 Silentium
515 3455 647 3525 vocatur,
663 3447 797 3530 quoniam
811 3448 884 3510 nitra
896 3449 1040 3511 sermonis
1054 3469 1137 3510 usum
1151 3447 1246 3510 omnia

103 3549 276 3635 Magnitudo
293 3548 469 3632 cogitatione
488 3549 550 3613 sola
566 3548 720 3633 perfecit),
751 3550 819 3628 sed,
845 3562 876 3613 nt
895 3550 973 3629 dixi,
998 3573 1061 3612 cnm
1082 3551 1247 3634 incorrupta

103 3654 175 3716 baec
188 3672 228 3715 ex
239 3651 375 3716 Aeonum
391 3671 512 3715 nurnero
527 3651 634 3715 femina
647 3651 771 3716 vinculis
784 3652 922 3738 expedire
936 3673 1003 3716 sese
1017 3653 1116 3731 vellet,
1131 3650 1246 3738 Magni-

104 3756 232 3819 tudinem
253 3754 379 3819 libidinis
400 3753 546 3819 illecebris
567 3754 603 3818 ad
625 3754 671 3819 sni
692 3754 929 3819 consuetudinem
952 3755 1077 3819 inflexit.
1121 3753 1169 3819 Ex
1189 3778 1245 3840 qna

103 3855 245 3923 Veritatis
260 3854 352 3921 Pater
373 3867 543 3940 procreatus
565 3868 627 3937 cst,
660 3879 744 3942 quern
763 3858 811 3942 qni
828 3857 949 3940 perlecti
967 3869 1035 3920 sunt
1052 3858 1167 3943 proprie
1184 3858 1245 3922 lio-

104 3961 209 4024 minem
228 3959 388 4046 appellant,
419 3959 495 4043 quod
515 3959 578 4023 eius
595 3959 644 4045 qui
662 3960 741 4043 prior
758 3971 819 4037 est,
853 3980 907 4023 nec
925 3959 960 4022 ab
976 3960 1035 4022 ullo
1053 3971 1097 4024 est
1114 3960 1242 4046 genitus,

104 4061 319 4129 similitudinem
334 4062 453 4126 referat.
498 4059 613 4127 Deinde
629 4059 701 4147 Sige
716 4062 875 4126 naturalem
893 4061 1008 4126 luminis
1024 4063 1161 4127 unitatem
1180 4086 1245 4129 cum

136 4251 162 4305 8.
181 4254 286 4303 rutam
302 4247 386 4316 ἐκιίνη
402 4252 566 4312 reponendum
728 4249 765 4301 13.
780 4248 868 4303 adculo
878 4251 1030 4320 βουληθεῖσα
1038 4257 1101 4302 extat
1108 4255 1185 4315 culpo.
1198 4255 1245 4304 Sed

137 4319 162 4372 9.
180 4316 262 4385 brecco
277 4320 413 4387 χαριοικῶς
430 4320 479 4369 cod
497 4321 551 4369 Veo.
689 4321 750 4369 tttud
763 4317 852 4372 αἰωνια
865 4321 987 4371 delendam
1003 4324 1081 4371 eeasut
1098 4336 1127 4371 es
1143 4325 1244 4372 auctori-

139 4390 178 4441 10.
194 4384 406 4474 imapupnadaor
422 4389 473 4438 eod.
489 4389 564 4437 terret
691 4393 736 4438 tate
749 4390 800 4438 eod.
812 4391 866 4438 Veo.
894 4391 1005 4440 Petuntur
1018 4391 1119 4439 motuum
1131 4386 1192 4442 olcis
1206 4404 1243 4439 re-

139 4457 178 4509 11.
195 4456 359 4521 hoscorum:
375 4451 408 4510 roi
423 4454 466 4507 τοῦ
492 4456 542 4505 eod.
560 4455 656 4518 Rbedr'p.
690 4459 788 4506 stituere.
824 4458 900 4519 blopis
915 4459 1039 4518 placuisset
1050 4450 1161 4509 ”Errare

105 4521 270 4594 tpoudpmpc
286 4522 329 4577 rori
345 4526 394 4574 eod
411 4527 465 4575 Veo.
725 4522 764 4576 14.
782 4517 862 4590 ὄρεξιν
877 4527 928 4578 eud.
945 4527 998 4576 Vera.
1033 4527 1106 4588 Vntpo
1122 4519 1209 4592 ὀρέξει.

140 4592 179 4646 12.
192 4596 244 4653 τοῖς
255 4589 285 4647 ἐκ
293 4593 338 4663 Ιτοῦ
350 4591 472 4660 μεγέθους
486 4608 530 4645 om.
539 4594 590 4646 eod.
601 4593 655 4644 Vsu.

1265 2020 1324 2086 Cap.
1341 2020 1371 2068 V.

1254 2103 1285 2145 Eu
1294 2102 1396 2144 Valenti-

1255 2154 1321 2196 niano
1331 2153 1396 2196 libro·
