3046 5084
193 352 254 414 562
616 362 735 413 ειιιοτι
754 362 921 413 τειιιιιιειι

193 504 289 562 σωμεν
311 487 363 561 τῆς
381 478 649 563 ματαιοφροσύνης.
693 481 736 541 Et
756 476 809 562 γόρ
829 477 904 554 ὅλως
921 475 939 543 ό
957 478 1090 563 πονηρός
1105 480 1239 565 πονηρός
1254 479 1348 567 όπιίρ·

192 608 248 665 γει,
272 580 393 666 όρπόζει
408 582 438 645 δὲ
454 580 522 656 τοός
536 578 671 666 οίγαθοός
685 578 745 645 όπό
762 587 815 645 τοῦ
830 578 962 664 όγαθοῦ,
984 584 1034 645 καί
1050 579 1122 658 τοός
1135 587 1272 659 δικαίους
1286 582 1346 650 όπό

192 693 245 748 τοῦ
268 688 401 763 δικαίου,
433 687 528 758 ἰδίους
549 684 580 747 δέ
602 681 654 766 οὐχ
674 681 793 765 ἁρπάζει
812 682 937 763 μόνους,
966 680 1159 768 εὑρεθήσεται
1178 682 1197 751 ό
1214 686 1346 769 πονηρός

192 784 291 851 οιίκέτι
310 784 458 870 πονηρός,
487 794 546 850 τῶν
565 783 687 870 οίγαθαῑν
704 782 876 868 ὀρεγόμενος
896 788 947 850 καλ
963 786 1203 868 ἐπιδικαζόμενος
1226 786 1268 864 οἷς
1283 792 1344 871 βελ-

190 887 304 953 τιόνων.
348 891 390 951 Et
407 888 439 952 δὲ
455 890 505 952 καὶ
521 886 591 961 τοός
608 890 703 960 ἰδίους
721 891 827 969 κρίνει,
859 893 1000 970 τιμωρίαν
1016 890 1048 953 δέ
1063 888 1132 964 τοός
1147 887 1343 973 οίδιιιήσαυτος

191 989 324 1070 α’παιτεῑ,
357 988 455 1054 οόκέτι
478 988 608 1075 πονηρός
632 991 711 1052 ἐσται
735 986 753 1053 ό
777 997 917 1074 πονηρῶν
940 990 1080 1073 δικαστής
1103 988 1264 1076 όπόρχαν,
1294 996 1342 1059 καί

191 1091 379 1179 εὑρεθήσεται
403 1093 478 1158 κατοί
507 1092 603 1156 πάντα
628 1089 738 1176 τρόπον
761 1088 782 1172 ή
807 1090 899 1156 ατίτοῦ
923 1089 1069 1170 ὑπόθεσις
1091 1092 1201 1177 ἑαυτήν
1224 1094 1339 1180 οίνατρέ·

189 1220 294 1261 πουσα.
341 1195 446 1261 Πόθεν
462 1196 494 1259 δὲ
510 1194 645 1276 εἰλήφασι
663 1193 695 1258 τό
713 1191 789 1259 εἶναι
804 1198 838 1257 αί
850 1204 927 1278 τρεῖς
943 1194 1045 1280 οίρχαί,
1068 1196 1157 1261 πόλιν
1170 1200 1244 1282 λέγε.
1292 1204 1342 1275 Τίς

189 1300 220 1363 δέ
244 1296 261 1363 ό
282 1297 401 1373 ταύταις
423 1295 546 1381 όρισμόν
569 1295 798 1379 συστησόμενοςς
831 1301 874 1360 Εί
888 1298 942 1379 μέν
958 1296 1013 1383 γόρ
1031 1300 1152 1374 ἕκαστος
1170 1302 1259 1389 ἐντῷ
1277 1302 1340 1389 ίδίῳ

187 1399 269 1490 τόπῳ
293 1405 499 1487 περιορίζεται,
530 1397 627 1464 οόκέτι
650 1401 742 1464 τέλεια
763 1397 797 1463 τό
818 1402 884 1481 τρία
904 1397 1093 1484 εὑρεθήσεται
1115 1398 1296 1485 ιόριζόμενα
1310 1406 1340 1469 lv

187 1524 244 1568 τισι
258 1512 449 1588 περιεκτικοῑς
461 1501 574 1579 τόποις,
594 1500 780 1586 εὑρεθήσεται
796 1503 827 1566 δέ
840 1501 872 1567 τό
887 1501 1068 1585 περιεκτικόν
1083 1512 1182 1585 μεῖζον
1193 1512 1251 1570 τοῦ
1264 1530 1339 1587 περι-

188 1608 343 1687 εχομένου,
373 1607 423 1669 καί
446 1603 544 1669 οόκέτι
568 1602 599 1669 τό
616 1603 819 1689 περιεχόμενον
834 1602 908 1679 θεός
924 1602 960 1668 όν
974 1608 1113 1687 κληθείη,
1142 1604 1215 1672 ἆλλό
1234 1614 1340 1689 μᾶλλον

187 1705 208 1790 ή
225 1708 392 1793 περιεκτική
413 1704 561 1791 όροθεσία.
607 1710 649 1769 Εἰ
668 1706 699 1770 δὲ
714 1708 765 1771 καί
782 1710 823 1781 είς
838 1704 944 1772 ταότόν
961 1705 1093 1789 α’λλήλοις
1108 1707 1262 1792 γενόμενοι
1276 1712 1337 1777 ἔκο-

187 1832 255 1886 στος
276 1808 351 1875 κατό
374 1815 464 1874 δίεσιν
485 1808 537 1874 τόν
559 1813 636 1874 ίδιον
655 1808 812 1892 ἐκληριόθη
829 1807 937 1888 τόπον,
968 1812 1019 1874 καλ
1033 1812 1157 1885 ἕκαστος
1172 1812 1204 1876 ἐν
1218 1818 1260 1899 τῷ
1275 1814 1338 1901 ίδίῳ

188 1909 230 1977 τόν
248 1919 290 2000 τῳ
304 1915 393 2001 ἑτέρῳ
408 1909 462 1977 οόκ
479 1915 653 1997 ἐντρίβεται,
676 1908 745 1976 οὐδὲ
761 1913 923 1996 ἐπέρχεται,
947 1909 1044 1977 οόκίτι
1058 1915 1092 1977 αί
1104 1910 1191 1997 ιίρχαλ
1205 1910 1339 1997 α’λλήλαις

186 2017 328 2094 ἐναντίαι,
358 2014 427 2081 οόδέ
444 2041 487 2090 τις
506 2012 603 2079 αὐτῶν
620 2012 719 2095 φαόλη
736 2012 942 2099 εὑρεθήσεται,
971 2012 1020 2079 διό
1035 2012 1069 2080 τό
1084 2014 1160 2081 κατό
1175 2016 1210 2083 τό
1226 2020 1338 2085 δίκαιον

185 2119 237 2181 καί
257 2116 367 2200 ἥσυχον
388 2121 439 2182 καί
459 2115 601 2192 εὐσταθὲς
621 2124 681 2181 τῶν
703 2119 786 2181 ἰδίων
805 2119 1008 2197 ἐπιμέλεσθαι,
1039 2119 1091 2182 καί
1112 2115 1155 2201 μή
1177 2122 1337 2205 περαιτέρω

186 2224 297 2301 βαίνειν
315 2222 549 2302 ἐπιβαλλόμενον.
595 2222 638 2282 Εἰ
658 2220 689 2282 δὲ
711 2216 729 2282 ό
749 2220 802 2300 μὲν
819 2218 951 2304 πονηρός
966 2216 1025 2285 όπό
1040 2226 1094 2285 τοῦ
1111 2218 1175 2287 ίίνω
1190 2220 1337 2305 κατισγότ-

185 2348 233 2386 ται
247 2324 298 2387 καί
316 2322 444 2404 βιάζεται
460 2325 510 2387 καί
527 2330 749 2399 καταπονεῑται,
779 2323 985 2407 μεμερισμένος
1001 2320 1043 2387 dv
1058 2324 1109 2387 καί
1125 2324 1158 2389 ἐν
1173 2325 1242 2413 ίδίῳ
1256 2324 1336 2413 τόπῳ

185 2422 342 2509 όποίρχοιν,
365 2418 401 2490 οὗ
416 2423 511 2490 τόπου
525 2432 565 2512 τῳ
580 2422 642 2488 όνω
657 2421 763 2512 ἀγαθῷ
778 2421 865 2489 ου’δέν
880 2424 1034 2509 προςήκει,
1057 2423 1128 2492 οόδέ
1139 2454 1169 2493 τι
1181 2422 1234 2493 ὕπ’
1246 2425 1336 2495 αότοῦ

184 2535 348 2610 κεκτῆσθαι
362 2535 421 2593 τῶν
439 2530 571 2593 ἐνταῦθα
584 2528 657 2611 λέγω
677 2528 708 2591 ἐν
724 2533 764 2614 τῷ
778 2533 832 2591 τοῦ
847 2534 982 2612 πονηροῦ
998 2526 1096 2617 τόπῳ,
1125 2528 1333 2615 τυραννικοίτε·

184 2656 237 2715 ρος
257 2638 365 2712 μᾶλλον
385 2627 574 2715 εὑρεθήσεται
597 2626 615 2693 ό
638 2628 714 2707 όίνιο,
745 2630 795 2693 καί
814 2625 912 2694 οόκέτι
928 2626 1058 2714 οίγαθός,
1088 2628 1141 2697 τόν
1161 2635 1242 2699 ἴδιον
1260 2630 1334 2711 υίόυ,

61 2757 113 2803 ρος.
125 2748 170 2793 σου.
184 2736 282 2797 είτουν
299 2732 443 2819 Χριστόν,
472 2729 644 2806 οίποστείλας
664 2734 715 2796 ’ίυα
737 2728 772 2796 τό
790 2729 926 2814 οίλλότρια
940 2729 1026 2822 λόβή.
1071 2735 1133 2799 Καὶ
1147 2742 1210 2801 ποῦ
1232 2731 1335 2823 όόρος

185 2832 202 2900 ό
218 2839 351 2920 διορίζων
369 2835 420 2911 τός
436 2845 512 2921 τρεῖς
528 2833 632 2920 όρχός,
660 2832 734 2899 κατό
749 2831 801 2899 τόν
816 2840 869 2898 τοῦ
885 2830 1015 2919 οίγόρτου
1032 2842 1084 2917 τῆς
1097 2832 1275 2915 όποθίσεοις
1287 2834 1332 2905 λό-

183 2964 250 3023 γους
275 2937 481 3022 Ζητηθήσεται
493 2937 549 3024 γόρ
562 2936 698 3018 τέταρτός
712 2964 755 3012 τις
769 2937 981 3013 ἐπιεικέστατος
993 2939 1044 3003 καί
1056 2944 1116 3003 τῶν
1128 2947 1222 3023 τριαῖν
1235 2938 1332 3023 σοφό-

182 3066 280 3125 τερος,
303 3038 492 3127 όριογνιόμαν
508 3066 538 3105 τε
553 3042 604 3105 καὶ
619 3038 802 3121 ἐπιστήμων,
828 3038 862 3114 δς
880 3036 916 3103 τό
930 3041 1020 3125 μέτρα
1033 3038 1147 3131 έκοίστῳ
1163 3042 1291 3127 διένειμέ
1304 3066 1333 3107 τε

183 3147 234 3209 καί
254 3142 325 3220 τεός
346 3154 422 3229 τρεῖς
442 3147 664 3226 εἰρηνοποίησεν
688 3140 788 3225 2ήδη,
821 3140 861 3224 μή
879 3140 1063 3209 στασιόσαιεν
1083 3142 1161 3230 πρός
1183 3142 1332 3229 ἆλλήλοος,

183 3250 257 3331 μηδὲ
270 3250 312 3324 είς
324 3245 359 3311 τό
373 3245 461 3311 ι’ίλλου
479 3245 563 3320 όίλλος
582 3243 782 3310 3α’ποστέλλοι.
823 3246 883 3308 Καὶ
899 3236 987 3321 οὗτος
1002 3246 1056 3329 μίν
1070 3250 1175 3323 πείσας
1188 3244 1242 3325 τός
1258 3254 1333 3335 τρεῖς

183 3348 274 3435 οίρχός
290 3347 480 3434 εὑρεθήσεται
497 3350 632 3430 τέταρτος
650 3350 701 3412 καὶ
714 3344 883 3432 σοφώτερος
898 3349 949 3412 καί
966 3350 1193 3435 ἐπιεικέστερος,
1214 3352 1267 3415 καί
1279 3346 1330 3417 σέ-

182 3450 233 3528 τός
246 3455 278 3517 δὲ
290 3456 322 3518 ἐν
335 3456 400 3541 ίδίῳ
413 3451 496 3541 τόπῳ
511 3450 600 3516 πόλιν
615 3449 825 3533 ζητηθήσεται,
847 3448 899 3531 ἀφ’
914 3442 1006 3537 οὗπερ
1022 3454 1064 3527 είς
1077 3451 1168 3533 μέσου
1184 3444 1261 3535 ήλθε
1275 3458 1332 3519 viv

182 3563 287 3639 τριῶν,
308 3558 359 3620 καί
375 3554 487 3643 ἑκάστῳ
502 3552 535 3620 τό
549 3557 638 3638 μέρος
651 3560 754 3633 σοφῶς
769 3551 917 3639 διοίρισεν,
937 3556 989 3619 ἵνα
1004 3552 1045 3637 μή
1058 3556 1101 3629 είς
1114 3552 1258 3637 α’λλήλσυς
1270 3552 1331 3623 α’δι·

181 3668 269 3723 κοῖεν.
313 3662 355 3722 Εἰ
369 3659 400 3723 δὲ
418 3661 449 3722 ἐν
464 3666 527 3734 τοῖς
541 3664 594 3722 τοῦ
611 3655 692 3735 ἑνός,
720 3658 794 3740 λέγω
811 3655 850 3739 δή
865 3663 919 3722 τοῦ
933 3658 1130 3743 δημιουργοῦ,
1159 3660 1194 3723 αί
1206 3658 1265 3725 δείο
1280 3656 1329 3745 τίρ·

180 3764 229 3843 γαί
244 3763 316 3825 εἰσιν
331 3759 595 3843 ἐμπολιτευόμεναι,
617 3758 636 3824 ό
650 3784 679 3824 τε
694 3756 825 3843 πονηρός
838 3761 869 3826 έν
884 3768 947 3835 τοῖς
958 3766 1012 3825 τοῦ
1027 3762 1213 3845 δημιουργοῦ
1224 3760 1330 3847 μοίραις

181 3889 211 3928 τε
232 3866 284 3929 καὶ
302 3864 424 3947 χώραις,
454 3866 505 3927 καὶ
527 3860 544 3928 ό
564 3871 618 3928 τοῦ
638 3860 758 3947 οίγαθοῦ
779 3860 907 3947 Χριστός
923 3860 1122 3945 ἐπιδημήσας,
1152 3860 1254 3931 οόκίτι
1273 3862 1329 3951 ἷρι

180 3964 281 4050 κριτής
297 3968 348 4032 καί
365 3965 545 4051 δημιουργός
562 3964 653 4048 μόνον
671 3961 876 4050 εὑρεθήσεται,
904 3962 975 4029 οίλλό
991 3965 1042 4029 καί
1057 3963 1191 4049 ιίγαθός,
1220 3988 1327 4055 συγγι-

182 4076 244 4154 ρῶν
258 4078 321 4144 τοῖς
335 4071 420 4133 δυσὶν
435 4072 476 4144 εἰς
491 4067 526 4132 τό
542 4072 603 4133 ίδια
618 4064 744 4133 ποιεῖνό
759 4065 927 4149 βούλονται·
948 4066 971 4151 ἢ
986 4064 1117 4154 ιίδρανής
1129 4064 1327 4155 εόρεθήσετι,

179 4173 231 4235 καί
252 4170 293 4254 μή
316 4170 424 4254 ίσχόαν
442 4178 570 4236 κωλῦσαι
592 4177 651 4237 τῶν
671 4174 754 4236 ἰδίαν
773 4168 844 4246 τοός
861 4169 1030 4257 οίλλοτρίους
1048 4168 1194 4257 ἅρπαγας.
1235 4170 1328 4239 m}

213 4396 393 4447 6ιε.ν11.-
422 4390 738 4476 1.,δριίίμεναεοήριίττ
803 4396 829 4447 2.
845 4388 900 4463 ἤδη
916 4400 1000 4479 ειτίρτλ
1017 4410 1063 4463 μσο
1083 4392 1107 4451 τί
1125 4390 1171 4463 δδ,
1195 4398 1261 4522 ff
1275 4398 1327 4451 Η

179 4467 336 4515 emendatione
359 4468 467 4515 Comaru
489 4470 558 4526 αιηυε
579 4469 678 4518 Patavii.
711 4468 738 4518 λιι
769 4468 861 4516 habent.
894 4469 1005 4517 Petamus
1020 4468 1186 4529 τυεμλοοδολκτ

178 4536 244 4583 libris
257 4538 319 4585 τοιίιι
335 4540 367 4586 est
383 4528 534 4601 ὁριζόμενος.
768 4532 827 4653 uma.
835 4526 990 4657 maffia:
1002 4548 1044 4599 τσο
1054 4538 1174 4601 mind.
1205 4534 1324 4621 Ἦμ-
