3046 5084
160 313 219 376 192
572 325 693 378 ειεισει
711 325 880 377 npn’nmn

157 469 204 508 ται
218 439 314 521 κάτα,
343 442 400 517 ἕως
415 438 454 506 ἂν
468 439 506 507 τά
521 444 584 507 ῖδια
604 442 692 506 τέκνα
708 445 827 530 δυνηθῇ
848 438 1007 523 ἀναλαβεῖν
1020 442 1074 506 καί
1086 437 1244 508 άνελκόσαι
1265 444 1313 522 είς

156 541 273 627 ἑαυτήν.
316 543 378 606 Καὶ
402 542 494 608 ταῦτά
519 546 578 609 ἐστι
599 541 637 607 τά
661 541 779 626 ληρυίδη
803 539 903 607 αῦτῦν
928 543 981 608 καί
1002 541 1142 626 μυθιάδη.
1183 541 1235 620 Ὦς
1256 548 1311 612 καί

156 647 292 730 περὶτοῦ
307 640 393 730 άγίου
408 642 490 708 Ἠλία
503 651 629 728 τολμοῖσι
641 648 827 727 βλασφημεῖν
842 645 894 709 καί
906 645 1014 728 λέγειν,
1037 643 1084 710 ότι
1100 646 1210 728 φησίν,
1234 643 1311 713 Ὅτε

156 745 328 829 άνελήφθη,
348 744 517 828 κατεβλήθη
537 744 626 811 πάλιν
648 748 690 822 είς
705 744 758 811 τόν
774 744 896 827 κόσμον.
932 740 1028 810 Ἦλθε
1044 746 1117 831 γάρ,
1140 749 1232 830 φησί,
1254 753 1311 831 μία

154 853 283 931 δαίμων,
305 849 357 913 καὶ
370 845 524 932 ἐκράτησε,
545 850 597 912 καί
620 843 700 911 εἶπεν
721 845 801 935 αὐτῷ
825 846 888 927 ότι,
917 853 988 912 Ποῦ
1007 848 1140 938 πορεάη;
1170 850 1226 932 ἔχει
1247 848 1310 937 γάρ

154 952 242 1016 τέκνα
260 947 319 1015 άπό
338 956 411 1028 σοῦ,
438 951 490 1014 καί
512 946 548 1014 οῦ
567 947 693 1014 δύνασαι
712 946 846 1013 ἀνελθεῖν
869 950 921 1014 καί
940 941 999 1013 άδε
1019 947 1141 1031 άφεῖναι
1159 949 1197 1015 τά
1217 952 1311 1017 τέκνα

156 1073 219 1117 σου.
263 1053 340 1130 Καὶ,
361 1051 452 1132 φησί,
472 1051 562 1134 λέγει,
586 1047 693 1114 Πόθεν
708 1052 781 1131 ἔχεις
797 1051 885 1114 τέκνα
900 1047 951 1115 ἄπ’
966 1053 1056 1133 ἐμοῦ,
1077 1054 1129 1116 καί
1150 1051 1208 1138 ἐμοῦ
1225 1051 1311 1136 ἥμην

155 1155 189 1219 ἐν
205 1150 321 1240 άγνείμς
353 1152 457 1236 Λέγει,
479 1152 570 1233 φησί,
601 1152 680 1229 Ναί,
702 1148 751 1215 ὅτε
771 1153 920 1226 ἐνυπνίοις
938 1152 1184 1236 ἐνυπνιαζόμενοι·
1199 1155 1309 1220 πολλά-

155 1281 204 1330 κις
218 1257 250 1319 ἐν
269 1261 306 1343 τῇ
328 1250 475 1339 άπορροίιγ
489 1259 548 1316 τοῖν
573 1250 769 1338 ισπερμάτων
786 1251 955 1335 ἐκενάθης,
978 1252 1033 1339 ἐγά
1051 1252 1132 1337 ἤμην
1148 1252 1170 1337 ἦ
1185 1263 1310 1338 μεταλα-

156 1359 253 1438 βοῦσα
270 1352 329 1420 άπό
349 1361 405 1419 σοῦ
427 1351 463 1417 τά
480 1355 634 1438 σπέρματα
651 1354 703 1419 καί
720 1352 849 1438 γεννῶσά
869 1375 915 1419 σοι
932 1353 1027 1432 υίοῦς.
1072 1354 1174 1441 Πολλὴ
1192 1357 1225 1422 δέ
1247 1384 1310 1441 μοι

156 1460 206 1539 ρία
222 1463 281 1522 τοῖν
305 1453 342 1520 τά
357 1461 479 1521 τοιαῦτα
491 1454 643 1541 λεγόντοιν.
688 1460 762 1531 Πιῦς
781 1453 837 1541 γάρ
858 1454 981 1522 δάναται
999 1461 1115 1541 δαίμων
1131 1466 1248 1542 πνεῦμα
1270 1458 1311 1526 δν

156 1555 333 1644 άκάθαρτον
346 1559 398 1622 καί
419 1554 576 1639 άσόματον
597 1554 765 1639 ’σωμάτων
781 1557 1023 1641 μεταλαμβάνεινς
1054 1561 1098 1622 Et
1117 1559 1150 1624 δὲ
1171 1561 1224 1626 καί
1245 1558 1310 1627 άπό

155 1657 301 1743 σωμάτων
319 1657 532 1743 μεταλαμβάνει
549 1662 602 1725 καὶ
624 1662 753 1738 κυίσκει,
775 1656 874 1725 οῦκέτι
889 1662 950 1726 ἐστὶ
961 1666 1092 1743 πνεῦμα,
1113 1658 1185 1725 άλλά
1205 1668 1309 1746 σοῖμα·

44 1787 96 1833 m·
110 1776 144 1818 Ν·
157 1769 242 1844 σῦμα
256 1762 288 1826 δέ
302 1759 354 1841 δν,
381 1767 448 1837 πῦς
469 1763 547 1827 ἐστιν
566 1758 694 1847 άόρατον
707 1762 758 1825 καὶ
774 1767 907 1844 πνεῦμας
938 1763 999 1827 Καί
1016 1759 1109 1845 πολλὴ
1123 1759 1232 1828 άτοπία
1253 1771 1312 1848 τῆς

157 1861 256 1929 αῦτυῖν
270 1866 459 1948 μωρολογίας.
495 1860 657 1929 Βοάλονεαι
669 1861 726 1948 γάρ
741 1861 797 1945 τὴν
810 1860 873 1929 κατ’
885 1860 983 1929 αότοῖν
999 1867 1163 1949 μαρτυρίαν
1175 1863 1231 1948 τόν
1244 1862 1309 1933 άπό

155 1973 209 2048 τῆς
223 1968 377 2047 ἐπιστολῆς
391 1971 445 2029 τοῦ
460 1961 557 2030 Ἰοόδα
574 1972 682 2047 μᾶλλον
701 1968 743 2043 είς
761 1963 886 2042 ἓαυτοῦς
901 1970 995 2048 δῆθεν
1010 1964 1188 2051 ἐπάγεσθαι,
1210 1968 1243 2033 ἐν
1261 1975 1308 2058 τηῖ

156 2070 262 2153 λέγειν,
295 2069 356 2131 Καὶ
380 2070 414 2132 οῖ
431 2067 484 2150 μέν
504 2065 742 2149 ἐνυπνιαζόμενοι
765 2065 862 2152 σάρκα
886 2068 938 2150 μὲν
959 2072 1126 2150 μιαίνυυσι,
1146 2068 1309 2157 κυριότητα

157 2171 190 2234 δέ
203 2166 356 2250 άθειοῦσι,
378 2166 468 2246 δόξας
480 2169 513 2234 δὲ
530 2177 544 2216 ⁸
553 2174 768 2252 βλασφημοῦσι
815 2166 879 2234 Οῦκ
901 2165 964 2234 εἶπε
981 2170 1014 2235 δέ
1036 2167 1055 2236 ό
1069 2168 1215 2257 μακάριος
1233 2169 1306 2238 Ἰοῦ-

157 2275 211 2348 δας
236 2269 365 2351 άδελφός
386 2277 440 2336 τοῦ
463 2274 570 2356 κυρίου
590 2273 659 2357 περὶ
682 2271 936 2353 ἐνυπνιαζομίνων
959 2272 992 2336 έν
1012 2269 1154 2353 σάμασιν.
1196 2269 1309 2351 Eme

156 2372 213 2459 γάρ
229 2375 362 2459 ἐπιφέρει
381 2374 434 2437 καί
448 2371 575 2438 δεικνύει
591 2371 637 2437 ότι
658 2375 726 2458 περί
746 2379 806 2438 νῦν
822 2373 1073 2455 ἐνυπνιαζομένιιν
1087 2375 1162 2458 λίγει
1176 2381 1237 2441 νῦν
1255 2382 1307 2441 λιι-

156 2474 289 2541 λοάνταν
305 2471 346 2551 άς
361 2472 399 2539 δι’
415 2472 574 2560 όνειράτοιν
593 2471 631 2538 τά
645 2470 744 2539 αῦτῦν
759 2471 891 2558 βήματα,
919 2475 971 2539 καί
986 2471 1043 2541 οῦκ
1063 2472 1212 2560 όνανήψει
1233 2503 1306 2562 γρη.

156 2577 306 2663 γορησευς
324 2581 478 2662 λογισμῶν.
523 2576 585 2640 Καί
601 2572 723 2660 γάρκαὶ
739 2577 806 2660 περὶ
826 2581 885 2640 νῦν
907 2577 939 2642 ἐν
957 2571 1148 2662 Ἰερουσαλὴμ
1165 2575 1304 2643 διδασκά-

157 2686 216 2744 λιου
229 2681 304 2763 λέγει
319 2674 452 2759 Ἡσαΐας,
476 2675 592 2752 Πάντες
605 2675 692 2754 κόνις
709 2679 828 2744 4ἐννεοί
844 2674 882 2742 οῦ
899 2675 1059 2760 δυνάμενοι
1071 2675 1217 2759 ῦλακτεῖν,
1238 2679 1304 2745 ίνυ·

157 2778 344 2861 πνιαζόμενοι
359 2783 476 2861 κοίτην,
497 2780 549 2845 καί
570 2775 608 2844 τά
629 2780 704 2863 ἑξῆς.
749 2781 811 2844 Καὶ
827 2771 887 2845 όδε
908 2780 940 2844 δέ
957 2782 990 2845 ἐν
1008 2786 1045 2870 τῇ
1061 2786 1113 2847 τοῦ
1131 2777 1228 2846 Ἰοόδα
1243 2782 1307 2848 ἐπι-

158 2888 245 2969 στολῇ
260 2884 386 2945 δείκνυσι
403 2881 510 2966 λέγων,
531 2878 788 2965 Ἐνυπνιαζόμενοι
803 2884 914 2962 κοίτην,
936 2880 956 2944 ῦ
972 2879 1028 2949 οῦκ
1045 2886 1144 2950 οἴδασι
1159 2884 1306 2969 λέγοντες·

158 2984 209 3048 καί
221 2985 328 3059 έδειξεν
348 2980 395 3047 ότι
414 2980 451 3048 οῦ
474 2985 613 3068 περὶτῆς
634 2981 833 3059 ἐνυπνιάσεας
853 2985 927 3068 λέγει
942 2989 996 3049 τοῦ
1009 2981 1126 3066 ῦπνου,
1148 2982 1220 3052 άλλά
1240 2989 1311 3074 περί

158 3093 212 3169 τῆς
225 3081 389 3169 μυθάδους
411 3082 509 3151 αῦτῦν
530 3090 694 3175 τραγῳδίας
715 3087 766 3152 καί
781 3089 967 3172 ληρολογίας,
989 3082 1032 3164 οῖς
1045 3085 1096 3153 διά
1109 3087 1210 3155 ῦπνου
1229 3095 1308 3175 λεγο-

159 3190 265 3272 μίνης,
286 3188 338 3253 καί
359 3184 416 3253 οῦκ
436 3183 497 3253 άπδ
519 3189 686 3275 ἐρρωμένης
707 3191 849 3264 διανοίας.

24 3601 91 3670 KQ
104 3598 146 3655 ‘⁸'-
246 3605 405 3681 Περικακῦ
426 3598 459 3664 δέ
483 3594 525 3675 οῦς
539 3594 662 3680 άληθῶς
674 3595 712 3662 τά
726 3594 824 3663 πάντα
840 3598 973 3675 ἐξειπεῖν.
1018 3600 1097 3663 Θεοῦ
1108 3592 1165 3683 γάρ
1181 3596 1241 3663 lm
1254 3594 1310 3679 μό-

159 3719 215 3759 νου
235 3696 406 3769 ῦποκλεῖσαι
420 3699 473 3767 τόν
488 3697 588 3784 βυθόν
602 3705 656 3782 τῆς
671 3704 831 3784 δυςυδμίας
851 3699 968 3784 ταότης.
1013 3701 1074 3766 Καί
1094 3696 1311 3787 παρελεόσσμαε

159 3797 194 3861 ἐκ
212 3804 266 3861 τοῦ
281 3801 391 3885 τόπου,
420 3800 578 3886 εὐξάμενος
599 3808 641 3892 τῷ
661 3808 840 3889 παμβασιλεῖ
851 3810 930 3894 θεῷ,
952 3804 1066 3888 μηδένα
1079 3804 1122 3881 είς
1134 3800 1187 3870 τάν
1202 3799 1312 3887 βόρβα·

160 3922 214 3983 ρον
227 3899 482 3991 έγκαταπαγῖγναι,
509 3904 583 3988 μηδέ
598 3906 728 3987 ἐμαυτοῦ
748 3902 803 3990 τήν
825 3908 942 3972 ἐννοιαν
959 3909 1131 3990 μεταλαβεῖν
1149 3911 1203 3989 τῆς
1218 3900 1313 3980 δυςιό-

160 4003 233 4079 δους
242 3996 436 4089 άκαθαροίας.
455 4013 583 4094 Προῖτον
596 4010 650 4092 μέν
660 4006 717 4095 γάρ
733 4006 925 4086 όάπόστολος
935 4014 1057 4086 Παῦλος
1066 4002 1313 4075 ίκκόιετειαῦτιῖν

160 4109 260 4169 πᾶσαν
276 4104 357 4186 βίζαν
373 4114 427 4189 τῆς
440 4114 560 4192 κακίας,
588 4114 656 4199 περί
672 4118 772 4198 χηρῶν
789 4112 940 4197 νεωτέραν
952 4111 1172 4197 παραγγέλλειν,
1196 4103 1311 4189 Κάνθε,

159 4207 268 4288 φησίν,
290 4207 433 4293 νεωτέρας
448 4218 608 4294 παραιτοῦ·
630 4211 702 4297 μετά
718 4211 775 4299 γάρ
793 4211 827 4280 τό
843 4218 1091 4299 καταστρηνιῦσαι
1104 4214 1160 4277 τοῦ
1177 4212 1311 4293 Ioum&

194 4392 336 4476 cmxgn.
359 4423 394 4434 -
419 4396 442 4448 1.
460 4397 610 4463 σπερμάτων
626 4406 719 4465 reposui
784 4403 809 4456 2.
827 4396 1313 4472 Ρνοσωμᾶτωνίῢίωθῧπέθλέπῑ

156 4476 366 4582 mmmm,
397 4466 718 4527 ςυοδοκιοιιιθπεαῖ-
750 4475 930 4524 rescribendum

782 4538 809 4591 ο
827 4538 1020 4608 flammea
1034 4536 1087 4587 ιιι.
1101 4536 1178 4590 νισι.
1192 4536 1314 4606 μιτρη-
