3046 5084
380 300 515 352 rnnaau
532 300 609 354 sus.
626 299 795 354 ununssas
813 303 875 357 utu.
892 304 911 354 t.
929 305 1009 356 roos.
1026 305 1055 354 u.
1233 293 1292 357 14³

142 424 200 483 1η
215 423 544 503 etsemcisanseciteot.
592 417 669 483 Tum
685 420 856 504 quibusdam
871 421 1051 486 interiectis:
1081 427 1232 504 Propterea
1248 447 1294 485 re·

144 525 252 603 taqua
263 526 343 584 domo
353 533 465 602 patrem
479 531 510 580 et
520 530 636 580 matrem
652 542 743 593 marn,
761 533 790 581 et
801 525 965 584 adhaerebit
974 529 1062 584 acori
1072 546 1150 598 suae,
1169 537 1199 586 et
1211 539 1296 587 crunt

145 627 199 685 duo
213 631 241 686 in
256 647 368 686 caruem
384 644 477 683 unam
514 618 629 702 Quibus
645 621 783 682 continuo
800 621 938 684 subiecit:
963 628 1038 700 Quos
1053 629 1121 684 dens
1136 631 1291 697 coniunxit,

144 728 223 788 dona
240 750 296 788 non
313 735 434 804 separet.
482 717 598 801 Quibus
616 720 714 784 verbis
732 722 851 783 omnino
871 723 1001 784 salvator
1020 725 1118 786 docuit
1133 736 1294 788 creatorem

145 827 292 892 homiuum
311 824 517 888 universorum
534 841 602 886 esse
620 823 722 899 deum,
753 823 934 905 eundemque
957 832 1068 907 patrem
1091 844 1186 887 suum.
1231 824 1296 890 Nu·

145 929 219 1016 ptias
237 948 324 1014 porro
344 944 402 987 nou
420 923 456 986 ab
474 919 602 999 satana,
634 923 685 986 sed
706 946 724 986 a
742 923 797 987 deo
815 923 962 987 derisatas
981 945 1049 988 esse
1066 926 1187 1008 primum
1207 928 1298 989 domi·

145 1052 202 1094 nus
221 1030 284 1113 ipsa
303 1036 441 1088 testatur:
471 1028 545 1102 Quos
560 1029 643 1098 daus,
674 1023 785 1107 inquit,
815 1030 978 1100 coniurati,
1005 1029 1086 1087 domo
1103 1050 1158 1088 aaa
1173 1041 1293 1108 separet.

148 1131 226 1195 Tum
246 1138 366 1192 sanatus
381 1127 544 1211 apostulus:
567 1127 763 1199 Honaradiles,
788 1125 846 1202 ait,
871 1133 999 1207 nuptiae,
1024 1141 1054 1188 ct
1069 1141 1149 1189 toras
1164 1134 1296 1192 tamara·
1310 1147 1447 1206 notatas.

147 1236 234 1294 latus.
281 1227 394 1293 Deinde
414 1227 507 1291 viduis
526 1228 628 1289 eodem
645 1228 731 1289 modo
747 1229 898 1312 praecipit,
921 1249 973 1312 per
989 1228 1176 1292 Timotheum
1195 1232 1233 1292 ita
1254 1233 1296 1294 io·

148 1352 260 1416 quensc
290 1333 522 1393 Adulescentulus
537 1334 635 1390 ociiuas
651 1334 759 1391 avita.-
790 1351 852 1390 cnn
870 1336 942 1391 cacia
963 1334 1125 1392 luamatoc
1133 1335 1250 1413 suerint
1265 1340 1295 1396 in
1310 1352 1327 1394 1.
1335 1353 1394 1397 rim.
1405 1357 1426 1410 s,

150 1438 277 1507 cantro,
308 1433 412 1494 nudm
430 1434 535 1501 uolunt.
580 1428 656 1492 Tum
672 1431 840 1515 quibusdam
860 1431 1039 1496 interiectis:
1062 1436 1195 1507 Nubant,
1210 1438 1296 1514 filim
1330 1404 1360 1447 η’
1375 1408 1405 1450 η

144 1545 308 1615 procreent,
332 1545 434 1595 matres
448 1534 579 1614 scornidas
593 1538 667 1606 stat,
693 1544 751 1597 etc.
797 1530 830 1595 ln
848 1554 905 1616 quo
925 1535 1019 1616 legem
1040 1535 1182 1599 eiusmodi
1200 1538 1295 1599 saucit

149 1655 233 1720 mam
251 1634 447 1721 praetergredi
465 1635 574 1697 nemini
588 1635 690 1712 liceat,
714 1645 835 1717 quaeat
856 1655 873 1696 a
893 1636 948 1698 deo
964 1636 1094 1718 proiecta
1116 1638 1171 1715 sit,
1196 1650 1227 1700 et
1244 1638 1295 1701 ho-

147 1734 271 1801 miuibus
292 1736 456 1799 honestatis
478 1757 582 1798 caussa
604 1736 773 1798 constituta.

230 1836 316 1922 Quod
332 1859 405 1901 vero
425 1838 461 1899 ad
476 1837 629 1921 opiniones
649 1837 714 1898 iiius
731 1836 850 1916 attinet,
874 1858 944 1920 quas
962 1838 997 1900 de
1016 1839 1122 1902 divinis
1140 1840 1293 1925 propheta·
1313 1861 1372 1928 cap.
1385 1865 1427 1915 vt.

145 1961 211 2004 rum
228 1941 355 2005 oraculis
371 1938 553 2003 calumniose
575 1946 757 2000 commentus
771 1946 835 2012 est,
860 1957 923 1999 cum
942 1939 977 2000 ad
994 1940 1078 2002 deum
1096 1942 1243 2024 pertinere
1260 1943 1294 2005 it-

145 2042 190 2106 los
214 2044 350 2125 negavit,
383 2040 496 2104 infinita
520 2040 659 2123 quaedam
684 2038 714 2100 in
738 2037 862 2099 medium
888 2038 996 2100 afferre
1019 2040 1102 2118 licet,
1134 2043 1294 2106 cuiusmodi

146 2154 216 2208 suut
231 2165 304 2228 quae
326 2143 430 2206 urricus
451 2141 514 2225 ipse
534 2140 580 2203 dei
600 2139 675 2202 fitius
693 2138 837 2222 loquitur,
863 2158 926 2199 cum
945 2140 1053 2202 decora
1069 2162 1121 2204 sua
1140 2164 1294 2206 ornamen-

147 2257 234 2330 taque
258 2264 423 2330 proponens
448 2243 492 2304 his
514 2242 613 2305 verbis
632 2239 739 2304 utitur:
784 2236 931 2318 Primum,
954 2243 1081 2302 Adraam
1098 2255 1184 2321 pater
1203 2259 1444 2329 oesterromnpn

146 2351 317 2409 desiderauit
333 2351 427 2407 os'dere
443 2349 514 2406 dem
533 2366 636 2418 meunt,
660 2354 689 2404 et
705 2347 784 2416 asilii,
803 2354 833 2402 ct
842 2347 959 2420 gauisus
973 2355 1031 2404 cst:
1056 2365 1091 2406 aa
1106 2366 1236 2423 rursum,
1261 2353 1298 2409 Si

147 2453 299 2510 traductis
314 2452 424 2526 Moysi,
450 2449 600 2508 crederetis
611 2448 741 2529 forsitan
756 2457 785 2506 ct
798 2448 883 2519 ratde,
907 2449 942 2504 de
958 2467 1000 2505 rna
1014 2451 1085 2506 enim
1099 2451 1148 2507 ille
1165 2454 1289 2527 scripsit.
1302 2467 1444 2525 tonante.

146 2548 257 2635 Ecquis
274 2570 346 2612 vero
359 2550 485 2633 prudeus
502 2558 532 2611 et
546 2559 664 2632 accepta
681 2547 818 2609 divinitus
834 2546 975 2630 sapientia
993 2548 1140 2630 praeditus
1156 2548 1295 2634 imposto-

147 2671 210 2715 rem
228 2649 408 2715 Saturniium
434 2671 492 2714 uon
515 2649 600 2712 tacite
624 2647 796 2725 convincat,
821 2669 886 2711 cum
904 2650 1080 2711 salvatorem
1100 2650 1199 2714 videat
1217 2652 1294 2715 veri-

148 2754 218 2815 tatis
235 2753 466 2837 comprobandae
487 2751 582 2835 gratia
607 2750 795 2834 semetipsum
819 2771 884 2812 cum
908 2749 1019 2833 ingenti
1043 2752 1135 2834 gioria
1157 2765 1294 2837 retegen-

150 2863 209 2915 tem
223 2874 282 2916 non
301 2874 364 2916 eam
382 2854 566 2937 ultraquam
586 2851 615 2915 in
632 2852 727 2914 medio
741 2848 823 2913 Etim
839 2850 977 2915 acMosis
995 2853 1135 2917 exhibere
1149 2855 1291 2934 voluisse,

150 2953 199 3037 qui
218 2963 249 3017 et
265 2954 320 3039 ipsi
336 2975 390 3018 sua
405 2956 525 3038 quisque
541 2953 676 3016 instructi
693 2953 787 3037 gioria
803 2974 868 3016 cam
880 2952 929 3016 itto
945 2955 1094 3038 conspecti
1110 2961 1198 3020 suut?
1219 2956 1293 3022 Pos-

149 3065 219 3119 sunt
234 3065 265 3119 et
284 3056 341 3119 alia
357 3055 385 3119 id
402 3077 495 3139 genus
515 3055 632 3132 afferri,
664 3075 863 3139 quaecumque
885 3056 948 3139 ipso
972 3057 1079 3119 domini
1103 3080 1155 3121 ore
1175 3071 1293 3142 totoque

148 3166 325 3221 testamento
346 3179 424 3222 novo
441 3156 631 3242 pronunciata
651 3157 679 3219 id
696 3167 796 3242 aperte
812 3159 984 3221 confirmant
1005 3159 1099 3242 legem
1119 3182 1154 3222 ac
1171 3161 1294 3243 prophe-

148 3271 193 3324 tas
209 3269 350 3344 vetusque
365 3260 591 3323 instrumentum
609 3278 695 3320 omne
709 3279 773 3322 cum
792 3281 869 3321 nova
886 3261 1063 3338 convenire,
1087 3272 1240 3343 utrumque
1257 3261 1293 3323 ab

147 3382 206 3426 uuo
225 3363 385 3446 eodemque
402 3361 457 3424 deo
471 3356 618 3423 manasse.
665 3356 914 3442 Quemadmodum
932 3383 997 3424 eum
1014 3362 1101 3439 dicit,
1134 3365 1249 3422 Venient
1263 3367 1292 3424 in
1326 3387 1409 3433 mnia,

147 3470 237 3526 mos
254 3467 407 3539 Abrahae,
431 3467 515 3525 isaac
533 3474 563 3523 et
581 3464 665 3525 iacod
682 3467 711 3525 in
731 3485 820 3544 regno
837 3469 994 3536 coelorum,
1019 3476 1049 3523 ct
1063 3467 1239 3542 requiescent
1256 3467 1291 3525 ad
1342 3441 1403 3495 ⁸’¹¹'

147 3570 304 3642 madere,
329 3577 387 3631 etc.
432 3564 506 3630 Item
523 3564 610 3645 ittud,
634 3565 709 3649 quod
731 3563 761 3628 iu
779 3586 905 3649 persona
926 3563 1046 3628 Davidis
1064 3564 1100 3624 de
1123 3583 1156 3626 se
1180 3567 1291 3646 praedi-

148 3677 225 3731 ctum
242 3669 354 3731 tuerat:
378 3672 463 3731 deicit
476 3672 604 3731 dominus
618 3671 727 3729 dominc
743 3690 817 3741 mea,
842 3671 915 3728 Sede
929 3689 947 3727 a
961 3670 1070 3727 deutris
1086 3670 1162 3727 mets.
1210 3666 1287 3732 Tum
1318 3680 1403 3778 tl'pptsp.

147 3769 225 3852 quod
238 3765 407 3832 pharisaeis
423 3771 513 3834 dixit:
543 3774 730 3851 Nunquamne
753 3773 880 3848 legatus,
904 3770 1036 3847 Lapidem
1058 3788 1136 3847 quen
1155 3773 1288 3851 reproba·
1320 3767 1404 3848 mim]

146 3871 432 3948 contestificantes?
472 3870 584 3936 Eodem
604 3872 690 3934 etiam
708 3871 835 3956 pertinet
851 3869 926 3952 quod
944 3865 1044 3931 Lucas
1067 3870 1174 3934 asserit
1192 3874 1289 3937 saiva·
1326 3854 1360 3910 ²¹’
1373 3857 1405 3900 ⁴²

147 3979 242 4035 torem
260 3989 277 4032 a
295 3971 417 4033 mortuis
432 3973 590 4037 excitatum
598 3971 773 4037 Nathanatili
790 3992 825 4033 ac
835 3967 985 4055 Cleophae
1001 3971 1030 4034 iu
1041 3972 1088 4035 via
1104 3975 1286 4058 apparuisse,

146 4082 234 4157 atqua
251 4091 290 4136 ex
306 4071 509 4157 prophetarum
524 4073 699 4139 testimoniis
715 4072 920 4150 admonuisse,
940 4078 1070 4154 'quonian
1087 4081 1129 4137 sic
1145 4079 1292 4157 oportebat
1301 4101 1394 4162 umus,
1405 4108 1439 4151 u.

148 4178 289 4237 anunm
303 4179 383 4255 pati,
407 4185 436 4235 et
450 4197 469 4236 a
485 4181 603 4237 mortua
624 4179 707 4236 tertia
727 4178 772 4235 dte
789 4195 948 4254 resurgere.
994 4174 1148 4242 Postremo
1167 4178 1237 4242 nihil
1258 4180 1287 4244 io

181 4358 207 4411 2.
223 4358 265 4416 sis
278 4377 325 4414 non
339 4364 423 4413 tatem
436 4363 487 4413 cod.
497 4361 595 4423 ttmdia.
610 4364 632 4409 et
646 4361 701 4410 edit.
768 4357 793 4412 4.
811 4352 832 4427 ἦ
845 4376 891 4413 non
903 4365 971 4415 nabet
984 4368 1035 4416 aad.
1053 4369 1126 4417 Vatia.

147 4429 222 4489 Μ
240 4431 352 4482 Pdwittt
365 4432 468 4494 rtttmffi
483 4444 513 4480 w
529 4430 580 4480 tt&
596 4429 668 4479 ¹¹⁰⁸<ss
768 4429 792 4481 5·
808 4431 860 4483 rtis
874 4433 981 4499 ψαλμῶν
997 4432 1041 4488 καὶ
1056 4426 1106 4487 a’nd
1123 4434 1173 4489 saio
1187 4441 1287 4503 ’προφη-

182 4492 298 4562 &istm
312 4501 366 4550 libri
380 4512 459 4550 omma
472 4497 512 4553 tat
524 4511 569 4562 pro
584 4489 645 4550 sits.
734 4497 784 4551 ruo
799 4498 851 4550 cad
864 4500 937 4552 Vatia.
