3046 5084
264 333 325 396 218
685 342 805 394 sANcn
824 341 991 394 EPss’ssANn

264 466 318 525 τοῦ
336 457 433 540 Ἰησοῦ
454 457 524 524 άνα.
571 458 755 524 Πεπονθότα
775 458 808 522 δὲ
829 457 880 522 τόν
898 454 1013 539 Ἰησοῦν
1033 457 1085 520 καλ
1107 455 1193 522 πάλιν
1214 459 1419 543 ἐγηγερμένον,

265 559 394 645 Χριστόν
418 561 451 624 δὲ
471 558 523 625 τόν
545 557 663 624 άυαθεν
681 557 807 624 ἐλθόντα
828 561 869 634 είς
887 556 978 623 αῦτόν
997 554 1104 639 άπαθῆ
1123 555 1310 638 άναπτάντα,
1341 557 1418 644 ὅπερ

263 664 322 729 έστλ
340 660 372 727 τό
388 659 533 727 κατελθὸν
548 664 580 728 ἐν
594 665 663 725 είδει
678 667 857 744 περιστεράς,
875 660 925 725 καλ
940 657 977 724 ου’
991 656 1043 724 τόν
1056 656 1169 740 Ἰησοῦν
1183 656 1258 727 εἶναι
1274 660 1418 746 Χριστόν.

128 851 194 918 Κεφ·
214 848 245 920 β’·
345 862 530 930 Ἐκπέπτωκε
545 864 577 929 δέ
592 865 644 929 καλ
661 855 763 941 οὗτος,
793 859 834 937 ός
850 859 937 947 όρῦτε
953 861 1062 936 πάντες
1077 864 1108 926 οί
1121 869 1175 944 τῆς
1192 859 1334 945 άληθείας
1350 866 1418 950 ἔρα.

262 969 336 1032 σταλ.
383 963 494 1030 Φάσκει
512 962 566 1050 γάρ
581 962 633 1030 τόν
649 963 741 1046 νόμον
756 961 906 1027 δεδωκότα
921 961 976 1027 οῦκ
990 959 1124 1047 άγαθόν,
1147 955 1185 1029 οῦ
1200 971 1241 1052 τῷ
1255 962 1340 1053 νόμρο
1354 971 1418 1032 πεί.

261 1077 374 1133 θεσθαι
390 1071 474 1132 δοκεῖ
479 1117 488 1145 ,
517 1071 606 1148 δῆλον
621 1067 653 1130 δὲ
669 1065 713 1131 ότι
731 1061 771 1140 υός
786 1061 902 1152 άγαθχῦ.
948 1069 1021 1138 Πῶς
1035 1055 1090 1129 νῦν
1105 1061 1124 1129 ό
1137 1064 1268 1151 πονηρός
1280 1065 1333 1132 τόν
1346 1065 1418 1152 άγα-

264 1169 322 1234 θόν
338 1167 430 1250 νόμον
447 1169 590 1245 δέδακενς
621 1170 663 1230 Εἰ
676 1165 731 1251 γάρ
748 1163 839 1230 καλόν
855 1162 888 1229 τό
906 1162 947 1247 μη
962 1165 1122 1247 μοιχεύειν,
1149 1168 1200 1233 καλ
1218 1166 1309 1233 καλόν
1323 1166 1358 1235 τό
1374 1167 1418 1253 μη

263 1268 417 1350 φονεύειν,
446 1268 530 1357 πόσῳ
551 1293 583 1353 γε
602 1275 711 1350 μᾶλλον
731 1265 749 1332 ό
768 1264 966 1348 ἐντειλάμενος
982 1271 1102 1348 βελτίων
1124 1271 1184 1349 είη,
1215 1268 1268 1335 ἐάν
1284 1295 1315 1354 γε
1338 1267 1419 1356 όμη

263 1367 379 1455 πράξας
393 1367 509 1454 άγαθός
528 1367 740 1454 1όμολογῆταις
769 1374 835 1443 ποῦς
849 1369 881 1432 δὲ
895 1367 1169 1453 κατηγορηθήσεται
1184 1369 1262 1437 κακοί
1278 1371 1419 1456 πρόπαν

263 1469 283 1538 ό
298 1469 331 1537 τό
349 1468 467 1555 άγαθόν
483 1470 692 1554 συμβουλεύων
710 1472 760 1534 καλ
777 1466 894 1554 οἷγαθόν
910 1467 1011 1544 διδούς
1028 1469 1135 1552 νόμους
1163 1468 1247 1535 Ἀλλά
1264 1473 1419 1557 μανιιύδης

263 1572 282 1640 ό
303 1571 378 1657 άυηρ
399 1571 546 1648 τοιούτοις
566 1576 709 1659 έγχειροῦν.
757 1564 852 1646 Οὗτος
870 1572 903 1634 δέ
919 1573 1010 1650 ἐστιν,
1040 1569 1202 1656 άγαπητολ,
1231 1570 1274 1649 εἷς
1290 1581 1351 1641 τῶν
1367 1578 1417 1642 eu}

262 1683 322 1740 τῶν
339 1672 511 1740 άπυστόλαν
528 1671 545 1739 ό
559 1674 614 1757 τήν
630 1671 759 1759 ταραχήν
776 1671 986 1758 ἐργασάμενος,
1017 1670 1067 1738 ότε
1083 1678 1115 1739 ολ
1128 1676 1196 1759 περὶ
1210 1671 1353 1757 Ἰάκωβον
1370 1703 1419 1763 γε-

262 1776 411 1864 γράφασιν
427 1779 468 1851 είς
484 1775 538 1858 τὴν
553 1773 730 1858 Ἀντιόχειαν
747 1773 916 1857 ἐπιστολὴν,
938 1776 1067 1859 λέγοντες
1083 1774 1145 1855 ότι,
1159 1773 1314 1861 Ἕγνιυμέν
1334 1806 1420 1857 τινας

263 1881 294 1956 ἐξ
312 1876 397 1961 ἡμῶν
411 1875 487 1963 πρός
502 1875 580 1960 ύμᾶς
595 1875 736 1952 ἐλθόντας
751 1878 802 1941 καλ
816 1874 999 1959 ταράξαντας
1013 1873 1093 1958 ύμᾶς
1106 1876 1220 1961 λόγοις,
1243 1876 1290 1956 οἷς
1304 1877 1342 1948 ού
1358 1885 1418 1948 διε·

262 1979 428 2062 τειλάμεθα.
473 1981 534 2043 Καὶ
549 1971 637 2054 οὗτος
652 1975 694 2054 είς
707 1980 767 2043 έοτι
780 1986 840 2043 τῶν
853 1976 1049 2043 άντιστάνταν
1062 1985 1102 2067 τῷ
1117 1977 1191 2068 άγίρτ
1207 1983 1324 2071 Πέτρῳ,
1340 1985 1418 2051 ἐπει.

263 2080 301 2165 δὴ
324 2085 440 2165 είςῆλθε
460 2078 536 2164 πρός
553 2079 718 2167 Κορνήλιον
737 2078 789 2145 τόν
809 2079 908 2165 άγιον,
938 2078 986 2144 ῦτε
1005 2085 1198 2161 μετεστείλατο
1218 2080 1311 2149 αῦτόν
1328 2111 1419 2150 κατα-

262 2185 382 2261 ξιαθελς
397 2181 539 2260 ὀπτασίας
555 2175 693 2268 άγγέλου,
722 2184 775 2247 καί
791 2178 809 2247 ό
824 2183 940 2265 Πέτρος
955 2183 1095 2260 έδίσταζε,
1124 2185 1175 2249 καί
1190 2180 1248 2249 ελδε
1263 2183 1297 2250 τό
1314 2184 1418 2271 όραμα

262 2293 315 2369 τῆς
330 2284 443 2368 όθόνης
456 2287 507 2350 καλ
526 2282 562 2348 τά
580 2287 611 2350 ἐν
628 2281 719 2372 αύτῇ,
741 2285 792 2347 καλ
807 2281 916 2365 ἤκουσε
931 2281 1011 2365 παρά
1025 2287 1130 2368 κυρίου
1147 2285 1238 2368 μηδὲν
1253 2285 1354 2352 κοινόν
1370 2291 1415 2352 λέ-

261 2412 323 2472 γειν
338 2384 360 2470 ἢ
376 2384 557 2473 άκάθαρτου.
604 2377 698 2459 Οὗτος
715 2376 771 2449 οῦν
786 2389 933 2470 παρεκίνει
949 2385 1015 2470 περί
1031 2391 1086 2450 τοῦ
1104 2388 1223 2474 Πέτρον
1238 2384 1415 2465 άνελθόντος

261 2492 303 2565 είς
317 2486 506 2574 Ἰερουσαλὴμ
522 2484 559 2551 τό
575 2484 679 2569 πλήθη
695 2493 754 2550 τῶν
770 2488 803 2550 έκ
822 2488 1086 2572 περιτομῆςλέγων
1102 2486 1164 2568 ότι,
1194 2492 1324 2573 Είςῦλθε
1337 2489 1415 2576 πρός

262 2589 374 2676 ἄνδρας
391 2588 588 2675 άκροβυστίαν
606 2589 732 2670 ἔχοντας.
773 2584 909 2669 Ἐποίησε
928 2589 1062 2655 δὲταῦτα
1082 2588 1240 2675 Κόρινθος
1255 2592 1325 2676 πρλν
1342 2589 1364 2674 ἢ
1381 2594 1414 2659 ἒν

261 2700 298 2782 τῇ
314 2690 395 2780 Ἀσίιγ
411 2688 536 2775 κηρύξαι
550 2687 584 2754 τό
600 2687 693 2754 αῦτοῦ
709 2688 859 2775 κηρυγμα,
888 2692 939 2756 καλ
954 2692 1089 2772 ἐμπεσεῖν
1104 2694 1146 2767 είς
1160 2690 1194 2759 τό
1210 2689 1414 2780 κερισσότερον

261 2801 316 2875 τῆς
332 2794 439 2857 ἑαυτοῦ
455 2789 599 2866 άπωλείας
613 2789 779 2878 βάραθρον.
823 2790 883 2857 Διό
899 2790 955 2877 γάρ
972 2790 1005 2858 τό
1023 2789 1097 2858 εἶναι
1113 2791 1205 2861 αύτόυ
1220 2797 1414 2881 έμτερίτομον

263 2898 357 2976 δῆθεν
377 2891 539 2970 άυτιδικίας
559 2895 643 2959 ἕνεκα
665 2901 724 2959 τῶν
745 2897 777 2961 έν
794 2891 973 2983 άκροβυστίιγ
989 2902 1100 2963 πιστοῦν
1119 2896 1170 2963 διά
1188 2905 1242 2982 τῆς
1257 2906 1418 2984 περιτομῆς

262 2994 318 3080 τὴν
337 2994 489 3081 πρόφασιν
510 2993 685 3081 έθηράσατο.

127 3421 194 3490 Κεφ.
209 3420 243 3490 χ.
351 3412 412 3472 Τοῦ
431 3405 464 3470 δὲ
478 3409 583 3489 κυρίου
599 3404 725 3472 πάντοτε
740 3406 795 3490 την
810 3408 973 3491 ἐπιμέλειαν
990 3414 1045 3490 τῆς
1059 3405 1292 3493 άνθραπότητος
1307 3432 1414 3475 ποιου-

262 3510 364 3591 μένου,
385 3510 438 3574 καλ
450 3506 483 3573 τό
497 3509 590 3589 σαφὲς
603 3515 655 3591 τῆς
670 3506 809 3592 άληθείας
822 3512 855 3576 έν
870 3519 932 3586 τοῖς
946 3517 1000 3592 τῆς
1012 3507 1154 3592 ῦληθείας
1162 3513 1241 3587 υἱοῖς
1254 3506 1414 3591 άσφαλιζυ-

263 3611 368 3691 μένου,
389 3613 441 3676 καὶ
458 3609 561 3686 δόντος
578 3612 684 3699 Πέτρῳ
702 3620 742 3700 τῷ
760 3609 834 3701 άγλῳ
850 3609 1005 3700 α’ποστόλμ
1020 3611 1206 3695 ποιήσασθαι
1226 3610 1322 3689 ιτοῦς
1336 3611 1418 3700 πρός

263 3708 354 3776 αύτόυ
370 3715 420 3778 καλ
434 3712 506 3789 τούς
519 3710 611 3779 αύτοῦ
628 3715 770 3799 ἐλέγχους,
791 3700 905 3798 φανερά
918 3719 1027 3800 γίνεται
1041 3711 1062 3797 ἡ
1076 3722 1129 3781 τοῦ
1144 3718 1303 3801 Κηρλνθυυ
1319 3712 1417 3783 ῦνοια.

264 3815 344 3895 Φησὶ
359 3813 415 3898 γάρ
432 3812 450 3880 ό
469 3814 552 3901 ῦγιος
571 3818 701 3902 Πέτρος,
730 3813 805 3901 Ἐγιύ
821 3814 900 3899 ἤμην
917 3818 950 3881 έν
965 3814 1048 3882 πόλει
1065 3813 1187 3907 Ἰόππη,
1216 3818 1269 3884 καλ
1286 3813 1369 3885 τλδυν
1385 3819 1420 3883 δν

140 3937 194 3985 m·
208 3926 251 3971 112
265 3916 339 4005 μέση
352 3923 389 4003 τῇ
400 3914 494 4004 ἡμέρα
506 3920 574 4003 περλ
588 3917 669 4004 όίραν
682 3920 767 4000 ἕκτην
780 3915 896 4000 όθόνην
911 3919 1091 4000 καθιεμένην
1109 3921 1142 3985 έν
1157 3920 1291 4007 τέτρασιν
1303 3916 1417 4006 άρχαῖς,

262 4021 296 4084 έν
311 4011 331 4109 ᾗ
347 4009 493 4100 ἦνπάντα
506 4017 542 4083 τά
557 4019 723 4102 τετράποδα
737 4021 787 4085 καλ
801 4018 921 4105 ἑρπετά·
942 4022 995 4086 καλ
1010 4017 1075 4086 εἶπέ
1089 4046 1151 4103 μοι,
1175 4021 1277 4088 Θύσον
1288 4022 1340 4087 καλ
1355 4017 1414 4100 φά·

262 4146 307 4206 γε·
329 4117 386 4205 έγύ
402 4119 435 4183 δὲ
450 4115 548 4199 είπον,
572 4121 665 4207 Κύριε
683 4127 843 4205 μηδαμῶς,
866 4120 911 4189 ότι
928 4120 1071 4188 ούδέπυτε
1086 4120 1190 4189 κοινόν
1206 4121 1228 4206 ἢ
1243 4119 1419 4207 ἀκάθαρτον

263 4224 397 4304 είςῆλθεν
411 4223 453 4296 είς
469 4218 502 4285 τό
522 4222 616 4304 στόμα
631 4250 704 4306 μου·
726 4222 874 4310 άπεκρίθη
890 4225 923 4289 δέ
939 4250 990 4308 μοι
1007 4227 1040 4290 ἐκ
1055 4226 1195 4310 δευτέρου
1210 4221 1296 4307 φαντί
1311 4224 1345 4289 λιι
1360 4230 1418 4291 τοῦ

263 4320 405 4408 ούρανοῦ,
420 4321 460 4387 “A
475 4319 493 4387 ό
509 4320 582 4399 θεός
598 4325 769 4412 έκαθάρισε,
791 4326 828 4392 σύ
841 4325 883 4411 μη
897 4332 1016 4393 κοίνου·
1037 4329 1089 4393 καλ
1105 4329 1136 4404 έξ
1151 4324 1244 4410 αὐτῆς
1259 4323 1339 4407 λδού,
1359 4324 1419 4393 δύο

298 4477 359 4527 Gn.
378 4480 408 4527 11.
432 4508 462 4518 -
494 4478 516 4531 1.
535 4483 561 4530 Ιιι
583 4483 649 4532 libris
668 4486 738 4547 υιιλρυ
761 4489 824 4534 extat
890 4479 1419 4547 οιε.ΙΙΙ.-1.Βτειττ’μιλτοῦςμτυτδν,

264 4543 429 4612 ὁμολογεῖται.
856 4553 919 4614 md
935 4555 960 4603 λιι
976 4555 1043 4603 λῶντι
1058 4557 1098 4603 αλ.
