3046 5084
259 316 320 377 208
683 329 803 380 ειΝσΤι
821 329 989 379 σειειιιαιι

259 442 315 507 κόν
331 444 422 518 ἐστιν,
445 439 485 516 ῶς
501 438 519 506 ό
534 441 618 527 ἅγιος
637 449 756 518 Παῦλος
769 441 788 508 ό
803 442 966 519 ἀπόστολος
982 444 1048 523 ἐφη.
1092 441 1152 506 Διά
1168 440 1223 528 γάρ
1241 440 1295 519 τάς
1308 443 1406 521 κακάς

260 542 358 608 αὐτῶν
371 542 490 628 πράξεις
504 543 537 608 τδ
553 542 745 626 ἀνταπόδομα
760 543 981 627 ἀποδοθήσεται
997 542 1105 618 αὐτοῖς.
1146 543 1255 620 ’Λδεῶς
1274 543 1330 629 γάρ
1352 545 1408 612 τόν

258 651 331 710 νοῦν
349 642 447 708 αότῶν
463 648 505 720 είς
526 643 644 728 οἶστρον
660 646 852 722 ἐκδεδωκότος
872 645 1000 710 πάθεσιν
1016 643 1134 727 ήδονῶν
1151 651 1265 730 μυρίων
1280 648 1407 725 ἓαντοός

258 745 491 830 παραδεδώκασι.
539 750 617 810 Φασὶ
637 746 693 831 γάρ
718 746 764 811 ότι
785 748 841 812 ὅσα
862 753 1006 830 νομίζεται
1026 746 1107 831 παρά
1130 746 1305 833 ἀνθρώποις
1325 749 1406 815 κακά

257 845 345 925 εἶναι,
369 845 405 912 οὐ
420 845 498 912 κακά
514 846 653 932 ἀπάρχει,
676 846 746 914 ἀλλά
762 849 850 929 φύσει
866 849 949 913 καλά.
987 847 1082 913 Οόδέν
1097 848 1153 935 γάρ
1170 853 1230 915 ἐστι
1245 848 1334 931 φάσει
1350 878 1405 916 κα-

255 948 329 1028 κόν,
357 959 419 1025 τοῖς
441 950 473 1013 δὲ
499 948 673 1032 ἀνθρώποις
693 955 838 1031 νομίζεται
860 948 936 1014 εἶναι
958 957 1064 1031 φαῦλα.
1109 954 1170 1015 Καὶ
1192 959 1284 1016 ταῦτα
1306 952 1405 1018 πάντα

257 1050 309 1116 ἐάν
325 1077 368 1125 τις
384 1050 482 1139 πράξῃ
499 1054 530 1115 ἐν
544 1059 580 1139 τῇ
597 1059 649 1137 μιᾷ
666 1050 758 1139 ταότη
774 1057 931 1138 παρουσίᾳ,
954 1049 1051 1116 οάκέτι
1067 1061 1334 1135 μετενσωματοῦται
1350 1052 1405 1119 αό-

255 1160 308 1218 τοῦ
333 1150 352 1234 ή
376 1151 459 1233 ψυχή
477 1155 518 1226 είς
536 1152 568 1216 τό
591 1152 678 1216 πόλιν
702 1150 1001 1234 ἀντικαταβληθήναι,
1025 1151 1095 1217 ἀλλά
1118 1151 1178 1219 ἀπό
1198 1159 1234 1219 ἐν
1255 1156 1405 1238 ποιήσασα

256 1261 355 1318 πᾶσαν
368 1258 473 1335 πρᾶξιν
488 1251 727 1339 ἀπαλλαγήσεται,
744 1256 977 1337 έλευθερωθεῖσα
994 1258 1045 1317 καὶ
1058 1257 1162 1338 μηκέτι
1175 1257 1359 1339 χρεωστοῦσά
1374 1285 1404 1323 τι

255 1362 315 1420 τῶν
337 1353 412 1434 πρός
430 1359 536 1438 πρᾶξιν
558 1358 589 1419 ἐν
605 1363 646 1442 τῷ
664 1355 774 1442 κόσμῳ.
822 1361 919 1420 Ποίαν
938 1357 969 1419 δὲ
991 1362 1096 1440 πρᾶξιν
1115 1361 1223 1436 εἰπεῖν,
1246 1361 1328 1424 δέδια
1346 1359 1403 1425 πά·

255 1464 316 1532 λιν,
344 1455 384 1537 μή
408 1455 559 1541 βορβόρου
585 1460 670 1537 δίκην
695 1458 916 1538 κεκαλυμμένον
941 1455 1040 1539 όχετόυ
1062 1457 1247 1541 ἀποκαλύψω
1273 1465 1325 1524 καί
1345 1484 1405 1527 τισι

257 1557 334 1634 δόξω
364 1556 526 1639 λοιμώδους
551 1560 709 1640 δυςοδμίας
738 1557 908 1643 ἐργάζεσθαι
934 1559 988 1642 τήν
1015 1560 1187 1645 ἐμφόρησιν.
1229 1559 1300 1625 Ἀλλ’
1321 1563 1405 1646 ὅμως

257 1658 413 1742 ἐπειδήπερ
432 1662 461 1735 ἐξ
482 1657 623 1741 ἀληθείας
642 1659 826 1741 συνεχόμεθα
842 1659 877 1723 τά
896 1660 976 1745 παρά
997 1672 1060 1737 τοῖς
1078 1661 1274 1744 ήπατημένοις
1291 1661 1403 1730 ἀποκα-

257 1761 366 1843 λύψαι,
394 1760 567 1846 σεμνότερον
586 1765 678 1826 εἰπεῖν
697 1764 794 1826 τεκαὶ
814 1770 866 1844 τής
885 1760 1025 1845 ἀληθείας
1042 1761 1084 1846 μή
1107 1766 1160 1841 ἔξω
1180 1768 1291 1847 βαίνειν
1311 1768 1402 1848 ἐμαυ-

255 1863 308 1929 τόν
323 1862 543 1947 καταναγκάσω.
592 1869 626 1927 Τί
647 1864 694 1941 δέ,
717 1861 784 1926 ἀλλο
799 1890 827 1928 τι
843 1872 940 1928 πᾶσαν
957 1862 1172 1950 ἀρρητουργίαν
1189 1870 1241 1931 καλ
1259 1864 1403 1950 ἀθέμιτον

256 1971 380 2046 πρᾶξιν,
406 1964 444 2047 ἣν
469 1963 505 2030 οά
520 1964 642 2047 θεμιτόν
662 1967 711 2030 ἐπὶ
733 1964 877 2046 στόματος
899 1969 1012 2050 φέρειν,
1041 1960 1124 2031 οὗτοι
1145 1967 1323 2050 πράττουσις
1350 1971 1402 2034 καλ

256 2076 317 2132 πᾶν
338 2066 416 2142 είδος
437 2064 642 2152 ἀνδροβασιῶν
665 2069 716 2130 καὶ
733 2070 938 2152 λαγνιεστέρων
962 2066 1082 2151 όμιλιῶν
1105 2067 1181 2153 πρός
1204 2080 1346 2155 γυναῖκας
1368 2075 1401 2137 ἐν

257 2168 367 2258 ἑκάστῳ
391 2171 468 2251 μέλει
495 2169 643 2251 στόματος,
673 2175 793 2254 μαγείας
817 2195 847 2233 τε
870 2173 920 2233 καλ
946 2174 1129 2254 φαρμακείας
1151 2173 1202 2234 καὶ
1226 2175 1400 2238 ιεἰδωλολα-

254 2277 350 2358 τρείας
369 2274 562 2347 ἐκτελοῦντεςς
592 2273 653 2334 Καὶ
675 2278 761 2335 τοῦτο
787 2269 861 2335 εἷναί
884 2294 973 2351 φασιν
996 2275 1131 2356 ἐργασίαν
1153 2269 1322 2351 ἀποδόσεως
1340 2282 1400 2339 τῶν

257 2376 288 2438 ἐν
310 2382 351 2461 τῷ
370 2372 483 2455 σῶματι
499 2370 704 2453 ὀφειλημάτων
726 2376 766 2448 είς
791 2371 824 2436 τό
848 2375 950 2455 μηκέτι
973 2377 1171 2458 ἐγκαλεῖσθαι,
1200 2356 1222 2457 ή
1243 2378 1350 2458 μέλλειν
1369 2402 1398 2440 τι

256 2474 389 2558 πράξεως
407 2479 491 2560 ἔργον
507 2473 712 2539 ἀπαιτεῖσθαι·
737 2476 786 2537 καί
804 2474 911 2540 τούτου
929 2478 1013 2540 ἕνεκα
1030 2473 1070 2557 μή
1091 2473 1326 2561 ἀποστρέφεσθαι
1343 2474 1398 2559 τήν

255 2576 355 2660 ψυχήν
381 2576 451 2658 μετά
478 2577 531 2658 τήν
552 2578 689 2641 ἐντεῦθεν
713 2573 880 2662 ἀπαλλαγήν
898 2579 948 2641 καὶ
969 2576 1056 2642 πάλιν
1080 2580 1122 2653 είς
1144 2576 1397 2661 μετενσωμάτωσιν

256 2682 306 2745 καί
327 2677 518 2764 μεταγγισμόν
539 2687 650 2763 χωρεῖν.

346 3089 449 3166 Οὕτως
467 3088 522 3175 γάρ
539 3093 595 3173 έχει
610 3088 646 3154 τό
662 3088 761 3156 αάτῶν
774 3090 975 3176 συντάγματα,
999 3086 1040 3165 ιός
1057 3087 1221 3175 ἀναγνόντα
1243 3087 1295 3154 τόν
1316 3110 1400 3155 συνε-

257 3193 310 3259 τόν
325 3193 487 3275 θαυμάζειν
504 3195 554 3258 καὶ
571 3196 782 3275 ἐκπλήττεσθαι
797 3196 847 3259 καὶ
864 3192 994 3258 ἀπιστεῖν
1011 3195 1037 3257 εἰ
1050 3198 1141 3256 ταῦτα
1156 3190 1252 3266 οὕτως
1271 3186 1331 3255 όπό
1347 3188 1399 3255 ἀν-

256 3295 391 3380 θρώπων
415 3295 579 3381 γενήσεται,
609 3294 645 3361 οό
668 3296 761 3379 μόνον
784 3304 843 3361 τῶν
866 3294 937 3361 καθ’
958 3293 1036 3377 ήμᾶς
1059 3292 1145 3359 πόλιν
1171 3291 1396 3370 κατοικούντων,

256 3397 325 3464 ἀλλά
344 3400 393 3464 καλ
411 3404 470 3463 τῶν
488 3396 559 3479 μετά
574 3407 678 3482 θηρῶν
693 3401 743 3463 καὶ
760 3396 871 3480 όμοίων
889 3398 980 3480 θηρσί
1001 3398 1052 3460 καλ
1072 3394 1203 3477 κτήνεσι,
1222 3395 1273 3459 καλ
1293 3390 1397 3474 σχεδόν

255 3503 347 3566 εἰπεῖν
363 3501 400 3567 τά
418 3508 516 3567 κυνῶν
538 3502 589 3566 καλ
606 3498 670 3565 όῶν
690 3500 827 3585 πράττειν
843 3499 1024 3582 τολμῶντων.
1069 3499 1148 3562 Φασλ
1161 3494 1231 3581 γάρ,
1253 3502 1311 3558 Δεῖ
1322 3492 1398 3559 πάν-

256 3629 314 3677 τως
329 3611 427 3669 πᾶσαν
443 3612 547 3687 χρήσιν
567 3602 680 3669 τούτων
700 3612 867 3679 ποιεῖσθαι,
888 3606 938 3666 ’ίνα
959 3601 999 3684 μή
1021 3604 1192 3678 ἐξελθοῦσαι
1209 3598 1261 3661 καλ
1277 3593 1400 3682 όστερή-

140 3718 191 3765 1²¹8·
204 3710 248 3754 ¹⁰⁰·
262 3710 348 3769 σασαί
365 3733 444 3782 τινος
466 3711 553 3793 ἐργου
570 3705 678 3772 τούτου
694 3707 779 3770 ἕνεκα
799 3712 1044 3790 καταστραφῶσιν
1063 3707 1105 3779 είς
1121 3698 1240 3782 στόματα
1260 3696 1348 3765 πόλιν
1368 3702 1403 3764 αἱ

256 3808 365 3888 ψυχαί,
388 3810 429 3881 είς
449 3809 482 3872 τό
506 3813 613 3893 πρᾶξαι
631 3801 722 3883 αὖθις
738 3807 758 3871 όί
777 3804 818 3889 μή
837 3810 971 3889 ἐπραξαν.
1015 3808 1077 3870 Καὶ
1092 3800 1178 3869 τοῦτό
1197 3804 1274 3880 ἐστι,
1295 3801 1399 3883 φασίν,

256 3907 329 3992 ὅπερ
347 3905 490 3990 όἸησοῦς
507 3914 538 3975 ἐν
552 3918 593 3999 τῷ
608 3909 762 3998 εὐαγγελίῳ
779 3906 842 3973 εἷπε
857 3906 907 3973 διά
924 3912 1094 3993 παραβολῆς
1108 3906 1170 3985 ὅτι,
1188 3904 1271 3971 Ἴσθι
1288 3902 1400 3969 εὐνοῶν

255 4017 296 4098 τῷ
312 4008 449 4097 ἀντιδίκῳ
465 4032 534 4090 σου,
557 4005 629 4100 ἐνρῖ
650 4006 687 4101 ής
707 4014 738 4076 ἐν
758 4018 793 4100 τή
817 4008 877 4098 όδρῑ
900 4008 958 4093 μετ’
977 4007 1084 4086 αάτοῶ,
1112 4010 1165 4073 καὶ
1186 4006 1240 4084 δός
1260 4008 1399 4091 ἐργασίαν
1449 4092 1452 4097 χ

255 4111 443 4194 ἀπηλλάχθαι
460 4110 508 4175 ἀπ’
525 4112 632 4192 αὐτοῦ,
655 4113 696 4196 μή
712 4141 776 4189 πως
792 4110 811 4179 ό
824 4110 969 4186 ἀντίδικος
982 4114 1106 4195 παραδῶ
1124 4132 1155 4173 σε
1170 4116 1211 4197 τῷ
1224 4114 1323 4195 κριτῇ,
1344 4106 1397 4169 καλ

256 4210 274 4279 ό
290 4214 390 4298 κριτής
410 4221 452 4301 τῷ
472 4211 619 4303 όπηρέτη,
640 4219 691 4279 καί
710 4214 891 4299 όόπηρέτης
910 4212 1001 4302 βάλλη
1025 4234 1057 4277 σε
1074 4215 1116 4287 είς
1135 4206 1285 4290 φυλακήν·
1305 4200 1395 4289 ἀμήν,

255 4313 334 4398 ἀμήν
355 4318 427 4401 λέγω
448 4336 510 4391 σοι,
533 4312 569 4377 οά
591 4315 631 4398 μή
649 4319 768 4406 ἐξέλθης
787 4320 915 4395 ἐκεῖθεν,
938 4318 994 4391 ἕως
1009 4314 1046 4378 ἀν
1061 4312 1183 4400 ἀποδῷς
1200 4307 1253 4375 τόν
1273 4309 1396 4391 ἔσχατον

253 4416 426 4502 κοδράντην.
470 4422 588 4482 Μῦθον
606 4419 638 4481 δέ
658 4445 723 4482 τινα
740 4417 915 4483 πλάττουσιν
935 4421 965 4482 οἱ
978 4415 1064 4483 αάτολ
1081 4412 1156 4499 πρός
1176 4412 1330 4477 ῑέπίλυσιν
1343 4416 1398 4493 τῆς

295 4557 352 4608 Cn.
370 4558 413 4609 lv.
431 4585 464 4599 -
499 4558 520 4609 1.
539 4553 729 4623 εἰδωλολατρίας
744 4559 780 4608 τα.
797 4559 871 4619 μήτε.
