3046 5084
320 377 456 430 ennean
473 378 537 430 nnn.
551 378 571 429 r.
588 377 669 430 noar.
681 378 725 429 111.
742 377 842 430 naen.
855 376 937 429 xcii.
1145 368 1207 430 657

55 497 200 561 addidisse
220 498 407 561 manifestam
428 509 484 562 est.
530 495 617 582 Quod
638 497 707 560 iicet
724 496 780 561 ista
799 497 887 560 dictio
908 498 948 560 ita
971 508 1002 560 ot
1019 498 1149 583 concipis
1172 497 1207 562 ab

54 600 187 685 apostolo
203 612 283 665 essct
297 621 451 687 expressa,
472 612 559 686 atque
574 595 733 683 ἱερόθυτον
745 600 781 663 ad
798 594 998 663 εἰδωλόθυτον
1011 601 1207 679 adiunxisset,

55 724 143 767 unum
164 714 263 767 tamen
282 704 416 787 idemque
438 723 505 766 esse
525 703 687 766 indicarent
708 702 728 765 ii
751 703 799 786 qni
818 702 940 765 rationis
959 703 1104 789 paululum
1122 703 1208 766 babe-

55 817 138 884 rent,
172 807 215 869 sic
237 817 270 868 ot
289 806 430 870 abusione
450 806 571 890 quadem
590 804 672 869 vocis
689 805 757 869 iilud
776 825 934 890 usurpasse
952 807 1123 870 crederetur
1141 827 1210 891 apo-

54 909 166 988 stolus,
191 909 266 992 quod
290 908 423 973 homiues
446 910 552 973 idolum
575 904 669 990 iepdv,
692 907 746 971 boc
769 918 815 970 est
837 929 971 988 sacrum,
996 910 1142 994 appellare
1161 930 1209 971 so-

55 1012 128 1075 lent.
175 1010 323 1094 Quocirca
347 1011 418 1074 feisa
440 1010 491 1074 iiia
513 1023 561 1075 tua
583 1011 658 1075 ratio
682 1010 825 1089 concidit,
861 1033 925 1074 cum
947 1013 975 1073 id
998 1011 1152 1075 verissime
1172 1012 1211 1074 sit

54 1115 251 1200 patefactum,
276 1113 324 1198 qui
339 1113 425 1176 idolis
442 1113 604 1192 immolant,
630 1114 705 1199 qnod
724 1108 883 1196 ieqddvrov
896 1113 945 1176 isti
961 1125 1080 1195 vocant,
1105 1115 1210 1198 quique

54 1218 110 1280 boc
127 1239 159 1281 se
177 1217 330 1280 mendacio
348 1216 488 1300 obstringi
508 1217 584 1302 passi
603 1227 689 1295 sunt,
721 1228 770 1280 ant
787 1216 879 1280 adbuc
898 1216 1061 1302 patiuntur,
1093 1218 1211 1279 daemo-

55 1321 112 1384 niis
134 1319 286 1385 immoiare
309 1341 366 1382 non
385 1316 517 1383 Christo.
563 1317 649 1404 Quod
669 1319 784 1403 quidem
807 1320 894 1403 longe
913 1319 948 1382 ab
967 1320 1024 1383 iliis
1043 1319 1146 1383 aberat
1162 1320 1210 1403 qui

57 1425 180 1508 exlege
200 1434 258 1486 tum
277 1422 436 1486 iustissime
453 1421 668 1485 sacrificabant.
714 1419 799 1504 Quod
816 1423 909 1508 ipsum
928 1434 1023 1487 tamen
1041 1424 1143 1487 eodem
1161 1444 1213 1487 vo·

55 1528 134 1591 lente
151 1527 212 1590 deri
229 1524 332 1604 desiit3
356 1525 594 1609 quemadmodum
612 1525 670 1588 iam
688 1524 757 1588 olim
775 1546 828 1610 per
844 1527 1013 1611 prophetam
1032 1524 1212 1589 Hieremiam

56 1630 233 1694 vaticinatus
252 1639 315 1692 est:
350 1632 385 1690 llt
401 1632 470 1709 quid
485 1631 615 1690 mihitur
637 1632 671 1688 de
688 1629 884 1711 Sodauffirrs,
915 1643 943 1690 et
959 1636 1160 1692 eriznnmomum
1177 1634 1211 1690 de
1223 1652 1287 1697 nter.
1298 1651 1363 1709 qua

58 1745 137 1795 terra
153 1735 329 1813 longumque?
367 1727 457 1793 Item:
484 1735 617 1792 l'r'cthnoe
630 1742 695 1792 tuoe
706 1752 762 1792 nori
773 1735 946 1811 placuerunt
957 1737 1034 1794 mihi.
1074 1731 1115 1795 Et
1130 1732 1210 1811 abibi,

61 1840 138 1898 Tolle
158 1840 283 1897 rimemus
306 1846 384 1909 trias,
417 1836 524 1906 Israel,
557 1845 586 1894 et
601 1837 734 1894 cornedr'te
751 1856 861 1896 cernes.
908 1839 973 1896 Non
992 1840 1064 1897 curin
1078 1841 1215 1916 praecepi
1224 1859 1325 1904 interero.

52 1941 185 2021 putribus
199 1942 300 1999 cestris
314 1942 343 1998 in
360 1941 415 2010 de'e,
441 1958 495 2018 quo
513 1940 687 2017 apprehendi
698 1958 808 1998 monum
827 1959 932 2012 eorum,
960 1951 992 2000 ul
1007 1943 1149 1999 educerem
1166 1961 1213 1999 eos
1242 1913 1263 1967 π’
1276 1913 1308 1954 ²¹¹

56 2048 90 2105 de
112 2055 190 2104 terra
207 2045 351 2122 Aegypti,
376 2044 411 2101 de
432 2044 567 2114 aichinus,
598 2043 650 2100 sed
668 2043 720 2101 hoc
735 2046 870 2121 praecepi
888 2045 961 2114 alhs,
996 2063 1214 2122 unuinquemque

51 2150 151 2228 fucere
172 2149 308 2206 iustitium
332 2165 393 2204 cum
411 2147 544 2224 proremo
567 2165 627 2204 suo.
676 2139 750 2206 Cum
775 2143 863 2227 igitur
884 2143 971 2222 dicit,
1002 2148 1067 2206 Non
1082 2148 1217 2225 praecepi

57 2253 130 2322 illis,
156 2258 187 2310 et
204 2248 279 2309 idem
296 2246 437 2309 tamenin
456 2247 519 2329 dege
534 2242 634 2331 Moysi
652 2245 803 2330 praecipit,
830 2248 952 2324 Quilibet
961 2250 1089 2326 filiorum
1104 2251 1207 2321 lsrael,
1220 2271 1365 2327 nuncupa,
1441 2287 1442 2290 =

56 2358 86 2413 si
98 2352 205 2435 offerat
217 2352 389 2429 sucrificium
405 2353 439 2410 de
454 2350 540 2410 dedus
554 2360 606 2410 aut
620 2350 727 2424 ouibus,
752 2351 905 2410 musculum
921 2354 1127 2413 immaculatum
1144 2352 1214 2436 offe

59 2467 117 2529 rut,
145 2475 178 2516 ac
198 2473 325 2532 rursum,
351 2457 460 2534 Siquis
472 2457 641 2532 peccauerit,
666 2463 694 2512 et
708 2456 737 2513 in
751 2455 846 2533 aliquo
860 2459 999 2515 lituratum
1015 2466 1059 2515 est
1069 2457 1211 2529 delictum,

58 2559 163 2642 offeret
176 2578 292 2636 agnum,
318 2555 399 2632 item,
425 2559 461 2616 Si
468 2560 632 2637 peccauerit
640 2558 773 2635 populus,
792 2559 894 2638 efferet
907 2561 1035 2632 uitulum,
1062 2556 1106 2621 his
1122 2556 1215 2619 omni·

46 2660 113 2723 ¹bus
135 2669 218 2743 grata
239 2658 294 2721 sibi
315 2657 404 2721 inisse
423 2656 570 2720 sacrificia
588 2656 734 2735 declaret,
765 2679 840 2741 quae
860 2669 920 2722 tum
937 2681 988 2744 pro
1006 2660 1099 2724 salute
1117 2659 1215 2746 populi
1300 2730 1305 2741 ⁵

59 2762 144 2825 istius
162 2761 256 2824 obtata
275 2770 358 2840 sunt3
391 2780 450 2822 non
474 2760 549 2844 qnod
575 2759 632 2824 illis
648 2759 810 2844 indigeret,
842 2770 893 2824 ant
909 2763 1062 2826 admodum
1082 2773 1213 2848 cuperet,

60 2866 110 2929 sed
126 2875 159 2928 ut
174 2865 208 2927 ad
225 2885 325 2927 eorum
342 2883 374 2927 se
390 2862 616 2926 imbecillitatem
631 2873 661 2928 et
676 2862 860 2949 anticipatum
877 2865 1019 2930 humanae
1034 2867 1139 2931 mentis
1154 2867 1215 2953 opi-

60 2969 177 3031 nionem
201 2967 451 3046 accommodaret,
484 2976 571 3050 atque
598 2976 629 3029 ut
654 2986 671 3028 a
694 2966 881 3051 plurimorum
907 2969 984 3033 cultu
1008 2971 1156 3035 numinum
1180 2969 1216 3032 ad

60 3071 146 3135 unius
170 3070 214 3134 dei
234 3067 430 3153 cognitionem
451 3068 565 3133 illorum
585 3068 698 3133 animos
718 3071 897 3134 traduceret.
944 3071 1061 3137 Etenim
1080 3072 1216 3158 qnoniam

59 3175 89 3238 in
109 3171 261 3238 sacrificiis
279 3171 471 3236 vehementer
486 3171 613 3258 ipsorum
631 3173 725 3236 defixa
745 3195 828 3238 mens
847 3185 922 3253 erat,
949 3187 1083 3260 tanquam
1101 3174 1217 3262 pietatis

60 3278 132 3342 baec
148 3286 248 3340 essent
265 3275 375 3353 officia,
400 3295 474 3359 quae
492 3275 577 3339 idolis
594 3297 647 3360 pro
664 3276 834 3361 expiatione
853 3299 905 3341 sua
923 3300 957 3340 nc
974 3279 1068 3341 salute
1086 3288 1217 3364 praesta·

60 3390 143 3458 rent,
178 3379 263 3443 simul
287 3398 324 3441 ne
347 3378 384 3441 ob
407 3378 647 3442 cousuetudinem
667 3381 837 3464 extorqueri
856 3381 952 3444 subito
973 3382 1028 3444 sibi
1046 3381 1101 3445 ista
1120 3383 1218 3447 omnia

61 3481 212 3546 modestius
232 3483 360 3559 ferrent,
385 3503 439 3545 suo
455 3482 483 3544 in
503 3481 620 3546 nomine
639 3482 701 3546 fieri
718 3483 775 3547 ista
792 3483 940 3567 aliquanto
960 3497 1092 3570 tempore
1110 3486 1215 3565 voluit,

61 3609 118 3672 quo
140 3607 156 3649 a
179 3584 302 3669 plurium
322 3585 442 3648 deorum
461 3585 541 3648 inani
558 3585 636 3649 cuitu
655 3606 768 3650 annuas
786 3586 851 3650 ilias
868 3587 1052 3652 ceremonias
1075 3589 1111 3651 ad
1131 3587 1217 3652 obse·

61 3690 159 3776 quium
176 3709 260 3752 suum
280 3689 491 3767 transferrent,
517 3699 602 3773 atque
623 3698 654 3752 ut
671 3710 729 3753 nno
747 3691 860 3754 domum
880 3692 998 3775 cognito
1017 3692 1091 3773 deo,
1116 3714 1216 3756 corro-

61 3793 220 3876 borataquc
237 3791 267 3854 in
284 3790 364 3854 ibium
382 3791 436 3855 tide
454 3802 573 3873 nostra,
604 3792 742 3879 deinceps
759 3793 795 3857 ab
812 3794 913 3856 eodem
931 3794 1098 3860 audiamus:
1129 3801 1218 3858 Num·
1232 3813 1316 3859 rnatu.

61 3899 130 3978 quil
152 3897 325 3957 manducabo
350 3916 450 3957 carnes
470 3882 635 3971 >adoreum
670 3909 723 3959 out
741 3901 906 3977 sanguinem
928 3901 1072 3961 hircorum
1091 3901 1217 3981 potabo?
1230 3869 1263 3924 ω’
1280 3869 1310 3912 ¹³¹

60 3999 148 4062 item:
173 4002 319 4080 Numquid
332 4003 523 4081 quodraginta
536 4005 619 4076 anau
635 4002 807 4081 socrqiicium
822 4002 962 4062 obtulistis
979 4006 1050 4064 mihi
1062 4004 1091 4065 in
1107 4007 1216 4065 deserto
1232 4024 1367 4079 abactas

60 4106 157 4164 domm
173 4105 286 4164 lsrael?
329 4099 511 4186 Quamquam
530 4103 641 4167 infinita
660 4104 714 4168 iam
734 4115 819 4167 erant
839 4103 937 4169 oblata
955 4105 1109 4170 sacrificia.
1156 4101 1216 4169 Sed

60 4292 131 4343 dtiter
145 4284 257 4342 Pbtcuius
272 4295 359 4342 censuit
374 4295 395 4342 ei
409 4294 525 4343 iurationi
542 4307 623 4344 occur·
656 4288 742 4354 adroic
759 4290 878 4360 γινόμενα
896 4293 933 4356 εἰς
948 4292 1036 4350 ἑαυτὸν
1054 4292 1214 4362 μεταλλάξαι

60 4363 168 4425 rendum,
181 4362 221 4423 qui
232 4363 362 4423 rescripsit:
379 4359 415 4419 εἰς
426 4357 456 4414 δὲ
467 4357 495 4414 τὸ
507 4357 543 4427 μή
554 4354 623 4423 ἅπαξ
655 4364 760 4414 iudicent
775 4365 868 4414 erarditi.

60 4429 179 4497 χαλεπῶς
188 4425 222 4495 φέ
238 4444 281 4494 ειν,
296 4424 340 4482 διὰ
349 4424 395 4495 eq'u
408 4424 551 4494 scribetur,
565 4429 622 4483 τοῦ·
690 4430 730 4482 to.
748 4430 871 4498 φάγωμαι
892 4434 946 4482 edit.
959 4436 1033 4495 princ.

60 4512 89 4548 τα
109 4500 187 4549 ποιεῖν
224 4512 259 4555 ως
279 4497 367 4561 καιροῦ
390 4494 426 4556 εἰς
449 4491 527 4583 iniquo
544 4492 622 4550 edroi
689 4495 730 4550 tt.
747 4497 846 4564 clupei
862 4503 916 4551 iibri
933 4503 997 4551 editi.
1057 4538 1062 4552 .

60 4558 189 4630 ἠθέλησε,
214 4563 259 4617 τοῦ
274 4559 433 4631 ἀποστρέψαι
448 4559 498 4620 cino
514 4567 564 4632 τῆς
578 4583 621 4619 πα·
690 4560 730 4619 42.
749 4565 774 4620 di
791 4567 824 4637 τῇ
843 4566 934 4638 ἐρήμῳ
950 4573 1001 4621 cod.
1015 4571 1069 4621 Vm.

61 4631 150 4687 dubios
175 4631 331 4699 φαντασίας,
360 4632 404 4687 καὶ
429 4630 460 4688 ταὶ
485 4629 541 4688 κατ’
567 4631 622 4694 ἔτας

113 4715 201 4772 corpus
216 4714 350 4761 fluereeeol.
365 4715 393 4761 11.
971 4730 1011 4791 42
