3046 5084
412 333 457 383 sn
475 306 978 389 srrsrohsstsenennrrnunr.
1225 321 1267 383 25

125 449 339 537 disorepornnt‚
362 452 438 536 qnod
453 451 598 515 neminen
609 460 748 515 oeternno
766 451 844 517 vitto
861 462 1023 537 compotem
1039 470 1106 515 esse
1122 471 1210 536 posto
1224 450 1268 514 oi·

125 562 228 616 nerent
249 551 306 615 nisi
327 552 455 637 qnotidie
476 552 600 617 ierant.

206 649 329 718 XVUl.
360 650 482 730 0sseni,
505 672 627 735 quorum
642 672 748 715 nomen
766 653 988 736 procerissimos
1007 652 1161 737 signifieat.
1207 651 1266 737 Qui

125 774 167 818 ex
180 755 362 840 praescripto
380 753 453 837 legis
471 752 566 815 omnia
583 752 745 831 inoiehnnt,
768 753 820 815 sed
836 764 988 837 praetereo
1008 754 1167 839 scripturos
1187 754 1268 818 edhi-

126 855 254 933 hohant,
277 866 308 919 et
329 876 369 918 ox
390 851 600 937 posterioribus
622 852 770 939 prophetis
791 852 945 937 plerosque
966 853 1149 918 reiieiehnnt.

210 953 304 1021 ΧΙΧ.
334 953 522 1019 Nosssroeos
539 952 731 1019 Extinotores
750 954 936 1039 interpretari
959 956 1073 1039 possis,
1102 955 1151 1040 qni
1170 954 1269 1020 earnis

126 1079 181 1122 osu
200 1078 323 1143 prorsus
339 1055 526 1119 interdicent.
568 1054 618 1119 Ao
634 1054 769 1118 animetis
787 1053 949 1136 abstinent,
973 1056 1152 1140 patriarchas
1165 1077 1269 1121 omnes

126 1160 174 1243 qni
193 1159 223 1221 in
236 1142 437 1221 Pentstonoho
448 1156 485 1221 oi
500 1152 619 1243 Moysis
635 1167 668 1221 et
685 1152 754 1221 iesn
768 1156 819 1220 filii
832 1154 921 1220 Neve
937 1166 1067 1243 tempore
1082 1159 1270 1223 eontinentur

126 1258 311 1338 noeriorum,
334 1268 364 1322 et
378 1257 415 1321 iis
431 1256 515 1321 tidem
531 1257 686 1337 adhihent,
710 1257 870 1322 oninsrnodi
887 1270 956 1323 sunt
971 1259 1113 1341 Ahrnnrn,
1138 1257 1223 1323 isone
1239 1271 1271 1324 et

126 1358 228 1439 lnnoh,
250 1360 345 1444 iisqne
359 1359 528 1444 superiores
544 1380 666 1437 ornnes,
688 1378 745 1423 ner
760 1380 819 1423 non
834 1356 959 1444 Moyses
974 1361 1038 1445 ipso
1053 1362 1267 1441 cantharum,

127 1471 213 1565 etopus
235 1458 316 1525 lesu.
362 1456 519 1525 Csotornnr
543 1461 668 1545 qninqne
685 1460 734 1525 itin
747 1461 893 1525 volumina
906 1458 1023 1547 Moysis
1046 1483 1113 1527 esse
1136 1484 1196 1527 non
1217 1484 1270 1549 pn·

127 1572 206 1642 tent,
229 1575 259 1625 ot
279 1561 334 1627 alis
355 1561 392 1625 sb
413 1562 450 1625 iis
471 1562 589 1626 diversa
610 1582 702 1647 penes
722 1580 757 1625 se
778 1582 846 1626 esse
864 1564 1013 1648 jactitant.

208 1660 286 1727 XX.
311 1662 485 1742 hierothei,
503 1685 567 1728 onnn
580 1661 706 1727 iudaeos
721 1663 751 1727 in
768 1664 902 1728 omnihus
917 1685 984 1728 sese
999 1676 1194 1750 praestarent,
1208 1664 1270 1730 Ho-

126 1765 225 1830 rodsnr
242 1761 391 1829 Christum
407 1784 475 1829 esse
495 1764 721 1849 profitebantur,
745 1764 830 1848 eique
852 1762 962 1829 Christi
978 1767 1148 1851 dignitatem
1166 1789 1201 1831 no
1216 1789 1269 1832 no·

125 1888 194 1932 men
213 1866 401 1948 affingebant.
1084 1858 1088 1865 '

207 1965 326 2033 Prionos
340 1966 398 2031 isto
417 1974 591 2045 tonsuret,
615 1965 664 2057 qni
678 1965 823 2031 haereses
842 1964 909 2031 XX
929 1968 1072 2033 eontinet.
1113 1966 1149 2034 in
1166 1970 1270 2034 eniens

36 2052 40 2063 ¹
125 2069 163 2134 ie
178 2068 381 2133 internetione
401 2063 513 2133 Christi
537 2066 722 2131 severitatis
744 2068 929 2152 professione
952 2081 1100 2155 postremo
1123 2072 1190 2136 tono
1211 2072 1271 2136 iis-

127 2173 248 2236 seritur.

161 2373 342 2439 85.an
407 2418 411 2425 .
749 2368 1242 2441 thoosnrorhoortmton
