3046 5084
263 342 321 403 186
684 353 805 405 ειοοτι
823 354 990 405 ιινινιιιιιιι
1048 422 1051 427 ι

260 471 388 551 μίζοντες
402 466 435 532 τό
453 464 547 548 ὄνομα
559 465 592 532 τό
601 466 740 549 Σαβαοδθ
756 466 883 551 άργοντά
896 495 962 533 τινα
976 464 1061 546 εἶναι,
1076 464 1132 532 οῦκ
1148 465 1258 543 εἰδότες
1272 466 1319 532 ὅτι
1332 467 1416 535 ὅπου

259 571 351 652 λέγει,
378 568 453 632 Τάδε
468 570 543 653 λέγει
559 567 663 652 κύριος
677 567 824 650 Σαβοοδθ,
847 568 903 634 οῦκ
920 568 1015 652 ὄνομά
1028 596 1106 645 τινος
1121 567 1213 647 εἶπεν,
1235 567 1294 634 άλλ’
1314 568 1416 652 ὄνομα

260 673 476 753 δοξολογίας
442 696 494 751 της
508 666 660 751 θεότητος.
704 668 899 752 Σαβατόθ
863 699 919 755 γαρ
940 669 1126 755 ἑρμηνεύεται
1148 669 1207 736 άπό
1226 678 1278 753 τῆς
1295 668 1415 756 Ἑβραϊ-

261 779 318 853 κής
335 772 488 837 διαλέκτου
506 770 620 895 Κύριος
641 778 701 837 τῶν
717 772 881 853 δυνάμεων.
915 770 1019 837 Ὅπου
1033 769 1089 857 γάρ
1107 774 1139 838 ἐν
1158 779 1195 861 τῇ
1216 779 1325 860 παλαιῦ
1347 777 1413 837 δια·

259 871 345 961 θήκη
362 869 396 937 τό
413 846 594 955 Σαβαωθ
566 871 661 955 ονομά
683 876 744 938 ἐστι
760 875 974 957 γεγραμμένον,
997 870 1157 954 δόναμιν’
1137 879 1315 954 υποφαίνει,
1337 873 1416 940 ὅθεν

261 971 279 1039 ό
299 972 422 1049 Ἀκύλας
445 981 596 1097 παγταχοῦ
621 972 655 1039 τό
676 971 806 1038 Ἀδωναῒ
823 971 962 1055 Σοβατόθ
985 974 1136 1057 έρμηνεῦει
1158 977 1267 1059 λέγοι,
1297 975 1415 1099 Κύριος

260 1097 410 1160 στρατιων.
457 1067 547 1139 Οὗτοι
564 1074 597 1138 δὲ
611 1072 686 1139 κατά
700 1073 797 1138 πάντα
817 1073 928 1158 τρόπον
945 1077 1120 1158 ἐμμανέντες
1138 1075 1214 1141 κατά
1235 1083 1289 1141 τοῦ
1313 1076 1415 1143 αῦτῦν

261 1174 406 1241 δεσπότου
423 1174 476 1240 τόν
493 1173 534 1257 μή
551 1172 623 1240 ὄντα
635 1182 768 1258 ζητοῦσι,
789 1176 843 1240 καὶ
857 1173 910 1241 τόν
927 1174 999 1242 όντα
1014 1175 1228 1258 ἀπολωλέκασι,
1251 1185 1360 1259 μᾶλλον
1379 1179 1414 1243 δέ

261 1276 385 1352 έαυτοῦς
406 1274 567 1342 α’ποίλεσαν.

183 1636 188 1646 .
232 1596 249 1652 ’,
337 1581 429 1647 ’Ἀλλα
451 1582 483 1646 δὲ
500 1580 555 1647 ὅσα
576 1587 780 1666 1φλυαροῦσιν
796 1583 829 1647 ἐν
850 1578 898 1659 οἷς
912 1592 1083 1667 περικακεῖν
1105 1586 1166 1649 ἐστι
1185 1582 1221 1650 τά
1244 1592 1297 1667 τῆς
1314 1582 1414 1652 αῦτῦν

262 1689 368 1769 μανίας
384 1687 484 1769 λέγειν.
534 1685 615 1758 Τινὲς
632 1684 664 1748 δέ
679 1686 709 1760 ἐξ
726 1681 824 1749 αὐτῶν
840 1686 955 1769 γυναιξὶ
970 1683 1011 1766 μή
1027 1684 1232 1766 πλησιάζοντες
1246 1696 1312 1763 ταῖς
1324 1690 1414 1762 ἰδίαις

262 1789 342 1872 χερσί
360 1783 458 1851 αὐτῶν
479 1784 604 1860 ἕαυτοῦς
620 1789 797 1869 φθείρουσι,
824 1783 879 1867 τήν
898 1786 932 1850 δέ
951 1784 1050 1852 αὐτῶν
1069 1785 1191 1872 φθοράν
1211 1787 1414 1871 λαμβάνουσιν

262 1893 305 1965 είς
321 1886 375 1964 τάς
390 1897 501 1972 χεῖρας,
524 1890 574 1953 καλ
594 1886 689 1963 οῦτως
705 1889 856 1966 ἐσθίουσι,
878 1886 1023 1972 γράμενοι
1041 1891 1322 1979 σεσυκοφαντημίιη
1339 1915 1411 1976 μαρ-

262 1994 348 2078 τυρία
356 2040 364 2069 ,
388 1996 471 2077 θεῷ,
492 1992 537 2053 Αἱ
547 1998 640 2073 χεῖρες
655 1980 742 2054 αὗται
756 1987 922 2072 ἐπήρκεσαν
937 1987 975 2056 οῦ
991 1987 1084 2071 μόνον
1098 1992 1175 2072 ἐμοὶ,
1196 1988 1268 2058 άλλά
1284 1993 1419 2069 καλιαῖς

261 2090 317 2158 σῦν
333 2093 410 2173 ἐμοὶ,
431 2093 483 2155 καὶ
502 2097 567 2179 3τῷ
583 2089 688 2169 πάλιν,
710 2087 944 2175 4Ἐργαζόμενοι
958 2100 1023 2168 ταῖς
1039 2094 1128 2167 ίδίαις
1141 2095 1249 2178 χερσὶν,
1269 2097 1321 2159 ίνα
1336 2093 1413 2160 ὁδῦ-

262 2203 357 2277 νησθε
377 2195 429 2258 καλ
446 2202 509 2268 τοῖς
532 2191 574 2275 μή
591 2195 689 2275 έχουσι
709 2196 894 2274 μεταδοῦναι.
934 2190 988 2268 Ὦς
1005 2195 1056 2258 καί
1079 2194 1297 2278 περὶτούτων,
1319 2192 1411 2277 οἶμαι,

263 2295 391 2378 ἐκινήθη
405 2293 438 2359 τό
456 2294 542 2379 δι’γιον
559 2301 676 2376 πνεῦμα
696 2297 728 2361 ἐν
743 2301 785 2383 τῷ
801 2290 955 2382 άποστόλφ
967 2290 1083 2382 Ἰοῦδηι,
1112 2297 1187 2380 λέγω
1203 2295 1241 2379 δή
1257 2299 1289 2363 ἐν
1303 2304 1339 2385 τῇ
1360 2293 1412 2360 ὁπ’

264 2395 356 2463 αὐτοῦ
371 2402 513 2485 γραφείση
527 2404 675 2485 καθολικῇ
692 2399 836 2484 ἐπιστολῇ.
877 2394 993 2473 Ἰούδας
1005 2398 1039 2461 δέ
1051 2399 1130 2463 ἐστιν
1147 2390 1269 2475 οῦτοςό
1285 2396 1412 2478 α’διλφδς

261 2498 404 2582 Ἰακώβου
417 2501 469 2563 καλ
484 2503 589 2584 κυρίου
606 2497 769 2583 λεγόμενος.
804 2494 956 2575 ’Τπέδειξε
972 2497 1026 2584 γάρ
1044 2496 1155 2577 αὐτοῦς
1169 2499 1203 2566 τό
1222 2499 1308 2586 άγιον
1323 2506 1410 2564 πνεῦ-

263 2629 305 2687 μα
321 2601 371 2667 διά
385 2606 439 2683 τῆς
454 2607 558 2683 φωνῆς
576 2608 631 2664 τοῦ
644 2597 743 2665 ’[οόδα
763 2597 838 2665 κατά
859 2598 896 2664 τά
912 2599 1005 2682 κτήνη
1021 2604 1240 2686 φθειρομένους
1253 2603 1304 2667 καί
1323 2606 1412 2682 φθεί-

264 2729 385 2787 ροντας,
414 2700 455 2778 σός
467 2704 542 2788 λέγει
559 2701 621 2781 ότι,
643 2700 722 2766 Ὅσα
740 2702 794 2784 μέν
816 2699 872 2767 οῦκ
888 2705 1019 2782 οἴδασιν,
1042 2701 1217 2789 ἀγνοοῦντες
1232 2699 1411 2780 άλίσκονται,

264 2806 320 2870 ὅσα
337 2805 369 2869 δέ
384 2808 514 2881 οἴδασιν,
536 2801 578 2880 οἷς
594 2801 632 2869 τά
649 2802 740 2889 άλογα
760 2809 820 2881 ζῦα
838 2807 1024 2885 φθείρονται
1068 2812 1177 2871 Κυνῶν
1190 2802 1247 2890 γάρ
1263 2807 1349 2888 δίκην
1360 2807 1412 2871 καί

264 2910 371 2990 χοίρων
387 2903 441 2986 τήν
458 2903 507 2970 άπ’
523 2903 623 2971 αὐτῶν
637 2903 760 2991 φθοράν
775 2908 964 2971 ἐπιτελοῦσιν.
1010 2909 1051 2970 Οί
1065 2905 1152 2983 κῦνες
1168 2905 1224 2993 γάρ
1239 2910 1291 2973 καὶ
1304 2911 1337 2974 ολ
1352 2916 1413 2991 γοῑ·

265 3033 329 3092 ροτ,
351 3003 389 3072 οῦ
403 3005 461 3088 μήν
477 3005 548 3073 άλλά
568 3010 618 3073 καλ
637 3007 708 3073 άλλα
724 3014 799 3087 ζῶα,
820 3006 917 3083 οῦτως
932 3011 1122 3089 φθείρονται,
1144 3010 1196 3075 καλ
1210 3007 1265 3092 τήν
1283 3006 1413 3096 άπόρρυ-

157 3139 207 3181 pag.
221 3128 253 3169 υτ.
267 3130 316 3175 σιν
330 3109 383 3192 τήν
399 3106 459 3175 άπό
473 3116 533 3174 τῶν
547 3107 691 3192 σωμάτιον
706 3107 805 3175 αῦτῦν
820 3112 962 3175 ἐσθίουσι.
993 3110 1055 3173 Καί
1070 3106 1126 3195 γάρ
1141 3108 1263 3193 άληθῶς
1278 3114 1414 3177 ἐνυπνια-

265 3210 381 3295 ζόμενοι
400 3208 495 3296 σάρκα
516 3216 682 3293 μιαίνουσι,
707 3210 866 3295 κυριότητα
888 3211 921 3276 δέ
937 3209 1094 3290 άθετοῦσι,
1122 3211 1212 3289 δόξας
1234 3213 1267 3278 δέ
1283 3217 1414 3294 βλασφη-

265 3321 368 3397 μοῦσι·
399 3311 522 3396 Μιχαήλ
544 3315 577 3379 δέ
598 3311 617 3380 δ
636 3310 809 3398 άρχάγγελος
833 3311 1036 3398 διαλεγόμενος
1057 3320 1098 3402 τῷ
1121 3311 1251 3401 διαβόλῳ
1272 3315 1338 3397 πτρλ
1358 3319 1413 3377 τοῦ

266 3419 423 3492 Μωϋσέως
443 3417 578 3498 σώματος
593 3412 651 3481 οῦκ
664 3413 768 3500 ήνιγιε
780 3413 868 3499 λόγον
882 3419 1086 3499 βλασφημίας,
1107 3412 1179 3481 άλλά
1196 3411 1287 3494 εἶπεν,
1306 3411 1414 3480 Ἐπιτο-

267 3516 357 3597 μήσαι
371 3542 419 3585 σοι
432 3517 451 3585 ό
464 3516 582 3603 κύριος·
605 3509 688 3583 οῦτοι
702 3518 735 3583 δέ
748 3516 805 3582 ὅσα
821 3514 878 3581 οῦκ
892 3520 1007 3597 οἴδασι,
1029 3525 1165 3599 φυσικοῖς
1177 3521 1414 3601 βλασφημοῦσιν,

192 3659 197 3672 ·
266 3615 311 3681 ὅτι
330 3617 365 3682 τά
385 3621 454 3706 άγια
470 3628 530 3685 τοῖν
547 3617 640 3705 άγίων
657 3617 693 3684 τά
714 3616 785 3700 μετά
805 3615 952 3704 άγιασμσῦ
968 3616 1040 3702 ἡμῖν
1056 3620 1268 3705 παραδοθέντα
1282 3623 1416 3704 βλασφη-

267 3724 387 3799 μοῦσιν,
409 3726 450 3799 τίς
465 3721 640 3807 αἰσχρότητα
656 3718 741 3787 αῦτολ
756 3721 1008 3804 μεταβαλλόμενοι.
1052 3723 1114 3787 Καλ
1128 3719 1222 3787 ταῦτά
1237 3724 1316 3789 ἐστιν
1330 3720 1416 3788 ῦτινα

267 3816 342 3884 κατά
361 3828 418 3886 τῶν
444 3822 617 3891 ἀποστόλων
639 3822 801 3906 ἐτόλμησαν
821 3823 930 3909 λέγειν,
960 3820 1001 3900 τίς
1017 3825 1069 3889 ιιαλ
1091 3821 1273 3910 όμαιιάριος
1296 3823 1416 3900 Ποῦλός

268 3941 374 4004 φησιν,
396 3920 456 3999 Ὦς
474 3928 506 3991 τέ
530 3952 612 4003 τινας
626 3933 738 4008 τολμᾶν
755 3922 835 4009 ήμῦις
852 3927 960 4011 λέγειν,
994 3924 1174 4010 Ποιήσωμεν
1188 3925 1225 3993 τά
1242 3925 1337 4005 κακά,
1365 3929 1416 3991 ἵνα

268 4028 342 4115 δλθη
356 4020 404 4105 ἐφ’
419 4022 497 4106 ήμᾶς
510 4026 547 4093 τά
562 4026 680 4114 άγαθά,
702 4020 747 4094 όν
761 4026 794 4093 τό
809 4033 900 4113 κρίμα
915 4026 1033 4093 ἔνδικόν
1049 4030 1118 4094 ἐστι.
1163 4028 1271 4104 Πόσος
1282 4028 1315 4093 δέ
1329 4024 1416 4101 άλλας

268 4126 407 4213 άγάγοιμι
422 4134 583 4214 μαρτυρίας
594 4128 671 4194 κατά
688 4138 747 4197 τῶν
764 4127 966 4214 βλασφήμωνς
998 4123 1090 4196 Οὗτοι
1112 4129 1170 4216 γάρ
1190 4133 1223 4197 οί
1242 4137 1307 4204 ταῖς
1326 4131 1416 4202 ἰδίαις

303 4318 360 4365 Cn.
375 4319 421 4368 x1.
440 4346 470 4354 -
492 4317 512 4367 1.
530 4317 681 4383 φλυαροῦοιι
696 4338 743 4372 ιισιι
758 4322 827 4370 habet
890 4323 916 4375 3.
934 4324 998 4370 Libri
1014 4324 1084 4383 υυλρο
1100 4318 1138 4373 τδ.

268 4387 319 4435 cod.
337 4388 409 4436 λὀιίο.
891 4388 915 4441 4.
935 4386 1101 4454 ἐργαζόμενος
1116 4389 1184 4438 coda
1203 4388 1274 4437 λἀλὶο.
1291 4386 1388 4449 madia.

302 4455 326 4504 ’λ
345 4455 410 4503 Libri
424 4457 495 4518 υιιλρο
511 4449 549 4505 τδ.
892 4458 916 4509 5.
934 4455 1040 4523 δύνηται
1056 4458 1108 4508 cod.
1125 4456 1198 4505 λἀιίο.
