3046 5084
372 298 508 349 sensuri
526 299 602 353 ΔΜ.
618 298 788 355 uenuste
806 299 869 351 tte.
881 302 901 350 l.
919 301 1000 352 Tem.
1014 301 1045 350 ll.
1223 289 1281 353 135

129 417 158 480 in
176 414 265 502 Syrie
284 418 414 499 degens,
439 414 617 487 Antiochiae
631 416 749 481 seilicet
765 417 803 482 od
819 415 980 502 Daphnea,
1003 419 1150 502 ingentem
1168 419 1278 483 eallidi-

130 528 218 582 tetom
241 542 276 584 ae
297 518 416 587 fallendi
439 514 572 602 peritiam
594 515 625 579 iu
646 516 749 589 orben
763 517 890 581 invexit.
934 517 1051 582 Etenim
1073 519 1130 583 duo
1148 521 1190 584 illi
1208 543 1277 585 eon-

128 620 259 706 discipuli
280 624 381 697 luere,
406 615 551 681 Basilides
568 636 604 679 ae
620 602 799 681 Saturnilus.
844 615 976 698 Quorum
993 619 1043 681 ille
1062 619 1092 681 in
1111 620 1277 706 Aegyptum

128 724 274 806 proiectus
297 722 356 785 illie
375 718 532 782 altissimas
551 716 662 780 erroris
683 717 729 780 sui
752 718 887 780 tenebras
906 719 1027 800 vulgare
1048 720 1190 800 instituit,
1223 721 1279 785 Se-

129 824 254 888 turnilus
272 844 309 886 eo
327 841 413 905 quem
430 817 515 881 dixi
506 838 537 899 pe
550 818 617 931 lpeo
631 816 765 882 habitans
761 817 901 911 perinde
917 839 950 881 ae
963 816 1131 883 Menander
1143 769 1280 884 minium

127 924 163 986 ab
180 923 307 1006 Angelis
331 924 438 984 lautum
460 939 527 987 esse
548 892 745 1011 piiedjeabet.
789 917 950 983 Praeterea
970 942 1057 983 unum
1078 942 1144 985 esse
1160 920 1279 986 Patrem

127 1025 280 1108 ignotum,
305 1022 355 1106 qui
371 1019 522 1099 Virtutes,
542 1017 730 1106 Principum
752 1031 783 1084 et
796 1018 964 1083 Potestetes
981 1023 1139 1085 creaverit.
1184 1021 1280 1087 Porro

128 1125 264 1206 Angelos
288 1144 305 1186 a
323 1121 468 1207 superiori
483 1122 591 1185 virtute
608 1122 787 1200 descivisse,
816 1123 978 1205 exquibus
998 1134 1108 1207 septem
1128 1125 1277 1202 mundum,

129 1237 159 1288 et
176 1245 253 1308 quae
270 1228 376 1288 mundo
396 1234 464 1287 sunt
482 1225 693 1309 comprehensa
709 1224 908 1315 epndiderint,
939 1224 1060 1307 eiusque
1079 1226 1176 1288 mundi
1195 1248 1278 1290 sunm

131 1347 274 1410 quemque
297 1325 441 1410 Angelum
466 1335 578 1409 partem
601 1325 746 1389 divisione
770 1328 917 1389 sortitum.
969 1323 1098 1388 Eosdem
1122 1338 1218 1391 tamen
1248 1329 1278 1390 in

131 1450 217 1492 uuum
235 1428 444 1491 couvenientes
461 1426 557 1490 aiebat
574 1449 639 1490 eum
661 1426 692 1489 in
710 1447 810 1490 eorum
826 1427 939 1490 animus
958 1426 1126 1506 incidisset,
1150 1450 1279 1492 eommu-

130 1531 209 1594 niter
225 1529 367 1593 homiuem
382 1529 417 1592 ed
432 1528 509 1592 illius
525 1529 681 1612 imaginem
698 1529 846 1591 effinxisse
863 1530 946 1592 vocis
963 1552 1036 1613 quae
1049 1531 1146 1592 lirrtim
1164 1532 1278 1594 eceelo

130 1630 285 1716 prodierat.
330 1628 425 1712 Quam
448 1629 544 1692 obiter
565 1641 767 1714 conspectum,
801 1641 832 1693 et
852 1630 974 1693 subinde
994 1641 1193 1694 recurrentem
1214 1655 1278 1696 enus

131 1734 260 1796 detinere
281 1732 400 1795 minime
422 1731 603 1814 potuissent,
634 1731 741 1793 imitari
762 1732 907 1808 voluisse3
941 1754 995 1795 nee
1013 1734 1098 1796 aliam
1119 1733 1277 1797 fabricandi

128 1834 252 1899 heminis
270 1835 456 1897 occasionem
477 1833 542 1895 illes
565 1831 712 1895 habuisse.
758 1827 833 1895 Cum
853 1833 930 1895 enim
948 1854 1075 1917 superne
1092 1835 1188 1899 lumen
1209 1836 1277 1899 illud

126 1936 312 2013 emicuisset,
344 1954 381 2000 eu
402 1954 451 1997 res
472 1932 607 2016 Angelos
628 1933 709 2016 ipsos
730 1933 888 2011 excitavit,
919 1934 967 2015 qui
989 1936 1128 1999 coelestis
1146 1937 1279 2001 similitu-

126 2038 202 2101 dinis
225 2036 436 2123 exprimeudae
462 2034 625 2111 desiderio,
660 2032 785 2096 hominis
813 2034 978 2116 figmentum
1004 2035 1155 2099 elaborare
1183 2041 1278 2100 eonati

127 2150 206 2203 sunt.
251 2136 446 2220 Posteaquam
469 2136 548 2200 euim
569 2134 708 2200 eoelestis
731 2133 849 2198 luminis
870 2156 969 2198 amere
991 2138 1065 2220 capti
1087 2149 1173 2216 sunt,
1205 2141 1279 2221 quod

127 2240 241 2325 quidem
264 2240 313 2304 ubi
330 2239 465 2322 apparuit
485 2259 526 2302 ex
540 2238 656 2301 illorum
674 2248 794 2322 repente
813 2236 905 2299 oeulis
924 2248 1101 2316 evanuerat,
1132 2238 1152 2301 ii
1170 2261 1281 2302 scamina

128 2342 205 2406 illius
228 2341 386 2425 eupiditate
408 2361 443 2403 ne
466 2340 614 2423 voluptate
635 2339 763 2425 pertusi,
795 2359 860 2402 erim
883 2338 960 2401 illins
984 2337 1161 2402 iucunditate
1182 2339 1282 2404 setiam

128 2444 246 2507 minime
269 2453 406 2524 possent,
439 2462 475 2504 eo
501 2442 576 2525 quod
601 2450 723 2525 repente
745 2462 862 2504 sursum
887 2441 1052 2517 evolasset,
1086 2451 1145 2504 tum
1168 2443 1280 2505 demum

127 2544 270 2630 impostor
290 2544 340 2607 ille
361 2544 442 2607 velut
463 2542 492 2605 in
511 2564 601 2607 seeum
623 2544 664 2605 ita
680 2542 805 2605 invicem
825 2544 937 2605 locutos
954 2541 1087 2626 Angelos
1105 2542 1280 2606 introducit:

128 2651 276 2709 Facmnus
299 2649 434 2707 hominem
463 2649 502 2706 ad
523 2650 672 2725 tecgmen
700 2655 730 2705 et
748 2649 968 2706 similitudinem.
1028 2643 1085 2711 Uti
1111 2644 1282 2729 perticulam
1295 2669 1352 2712 cen,
1370 2672 1387 2724 1,
1400 2672 1431 2715 uc.

127 2752 262 2811 Nostrum
284 2769 369 2831 quam
390 2747 421 2810 iu
441 2744 553 2810 Genesi
573 2749 647 2811 deus
669 2758 807 2831 usurpat,
837 2747 903 2809 ideo
926 2747 1106 2826 decurtavit,
1138 2759 1169 2811 ut
1187 2749 1281 2811 errori

130 2871 185 2913 suo
202 2849 285 2911 idem
303 2850 486 2927 adstrueret,
510 2848 592 2932 quasi
610 2849 660 2911 alii
676 2849 737 2911 sint
751 2849 850 2932 operis
867 2848 1013 2927 artifices,
1037 2850 1194 2933 imaginem
1212 2873 1283 2913 vero

130 2951 224 3034 ipsam
243 2950 279 3012 ad
298 2949 383 3013 elium
403 2951 507 3014 referri
526 2952 709 3034 significent,
734 2972 798 3012 eum
816 2949 856 3013 ita
873 2951 1046 3034 loquuntur:
1071 2957 1219 3014 Faciamus
1234 2957 1283 3013 de-

130 3057 229 3115 rninem
250 3055 289 3113 ad
308 3056 454 3132 imaginem
473 3065 503 3114 et
520 3056 739 3114 similitudinem.
787 3048 945 3116 Caeterum
968 3054 1045 3117 edito
1068 3055 1097 3117 in
1119 3056 1212 3118 lucem
1233 3054 1283 3115 he-

129 3153 208 3217 miue
225 3152 358 3237 Aregeles
377 3155 418 3218 ait
435 3175 506 3240 prae
522 3153 720 3218 imbecillitate
741 3176 795 3218 sua
813 3155 953 3238 perficere
972 3177 1043 3240 epus
1060 3177 1144 3219 suurn
1165 3155 1283 3217 minime

128 3255 276 3340 quivisse3
309 3257 430 3340 proinde
451 3257 480 3319 in
503 3256 568 3320 solo
586 3255 732 3319 iacentem
749 3278 784 3319 ac
801 3256 1012 3320 subsultantem
1030 3258 1172 3341 reptantis
1191 3257 1284 3317 instar

127 3358 296 3436 vermiculi,
327 3379 423 3442 neque
441 3358 558 3441 erigere
576 3378 626 3436 se,
658 3379 753 3442 neque
769 3359 844 3422 aliud
863 3359 1015 3443 quiequam
1034 3379 1124 3440 agere
1140 3356 1281 3440 potuisse,

128 3460 220 3524 donee
239 3458 342 3524 Virtus
364 3460 414 3523 illa
430 3461 568 3524 coelestis
589 3460 643 3524 hoe
662 3459 842 3545 prospiciens
864 3472 950 3544 atque
972 3461 1009 3523 ob
1027 3458 1182 3540 imaginem
1201 3479 1283 3521 suam

128 3571 214 3647 atque
237 3561 360 3645 effigiem
380 3562 506 3627 hominis
528 3563 649 3627 miserto
670 3562 717 3626 vis
738 3584 810 3625 suae
832 3563 987 3625 scintillam
1010 3559 1146 3638 immisit,
1177 3582 1232 3644 qua
1254 3572 1283 3625 et

127 3665 208 3732 illum
232 3665 330 3728 erexit
350 3676 379 3728 et
401 3667 490 3730 vitam
512 3664 664 3750 impertiit.
708 3663 856 3728 Nimirum
877 3683 931 3748 per
951 3659 1105 3724 scintillam
1126 3662 1208 3725 istam
1229 3664 1283 3727 hu-

127 3785 243 3828 manam
260 3765 384 3827 citimam
403 3766 579 3852 intelligunt.
626 3767 724 3851 Atque
741 3766 808 3829 ideo
825 3764 958 3840 servari,
990 3761 1047 3839 ait,
1072 3764 1188 3827 omuino
1205 3767 1282 3828 sein-

128 3865 218 3929 tillam
233 3863 309 3926 hanc
323 3877 449 3949 oportet,
469 3868 566 3953 perire
581 3889 654 3933 vero
668 3869 803 3954 quiequid
818 3866 943 3929 hominis
960 3863 1106 3948 proprium
1119 3878 1182 3946 est3
1206 3869 1282 3951 quod

128 3980 187 4031 tum
207 3964 315 4029 eccidit
329 3986 394 4029 cum
408 3968 437 4029 id
452 3971 528 4055 quod
543 3990 560 4032 e
577 3971 662 4033 coelo
679 3970 826 4053 delapsum
844 3977 891 4030 est
906 3966 1024 4030 delinito
1039 3970 1177 4055 temporis
1192 3970 1283 4030 inter-

127 4069 206 4136 vallo
224 4089 340 4134 sursum
359 4068 475 4149 evolet·
503 4071 695 4156 similiterque
714 4071 789 4154 quod
809 4070 938 4132 infimum
956 4080 1002 4133 est
1018 4091 1054 4134 eo
1073 4071 1149 4134 unde
1167 4070 1282 4155 prodie-

131 4243 203 4293 vnce.
230 4242 309 4292 omitt
323 4241 360 4290 ed.
373 4241 448 4301 princ.
461 4246 482 4289 et
495 4243 546 4289 eod.
560 4243 656 4302 Rhodia.
723 4244 792 4290 umttt
807 4239 893 4290 eadem
909 4239 958 4292 lux.
993 4242 1058 4291 Libri
1073 4243 1157 4290 debent
1174 4233 1258 4292 edred.

164 4305 188 4358 u,
204 4305 269 4375 πρὸς
285 4301 347 4360 αυτό
365 4309 417 4357 eud.
436 4309 524 4368 vace„
548 4313 570 4356 et
585 4309 640 4357 tede
654 4311 691 4358 ed
757 4307 782 4360 6.
801 4311 996 4376 δραματουργῶν
1013 4313 1064 4361 eod
1083 4312 1172 4370 tutte,
1193 4313 1214 4358 et
1228 4311 1283 4358 tude

130 4325 237 4425 deterritp
253 4378 310 4427 cod.
329 4377 426 4438 fidedic
446 4379 467 4425 et
486 4343 542 4425 edit.
556 4378 634 4436 pvtne
653 4392 690 4445 τῳ
725 4379 804 4427 Petne.
829 4379 1078 4445 δραματουργεῖσοό.
1089 4379 1185 4441 ltdedv‘p.
1198 4380 1283 4427 dedu.

132 4437 173 4506 (τὸ
190 4445 241 4493 eod.
255 4444 367 4511 numia.)
384 4440 448 4509 πρὸς
465 4437 565 4502 αὐτοὺς.
722 4447 799 4508 princ.

164 4504 340 4576 inirdepo,
364 4514 625 4574 Cnncriurneecutue,
651 4516 692 4575 pei
757 4512 807 4576 t,
810 4511 1194 4579 ‚Etinleenetnequidemid
1217 4511 1282 4577 qnod
