3046 5084
410 322 471 385 434
830 329 949 379 ειιιοει
967 326 1134 378 εοιειιειειι

408 449 475 531 τήν,
506 447 547 523 ῶς
564 446 665 529 νύμφη
680 447 851 528 ἐκδεχομένη
869 444 920 509 τόν
937 448 1065 526 νυμφίον
1081 446 1200 526 ἑαυτῆς,
1229 447 1281 508 ’ίνα
1297 447 1352 533 ἴση
1369 444 1389 511 δ
1407 445 1490 531 ἐγῶ,

409 551 464 635 έγῶ
488 552 505 616 δ
526 550 571 613 σύ.
616 553 809 631 Καθίδρυσον
835 550 866 612 ἐν
887 554 928 635 τῷ
950 549 1089 628 νυμφῶνί
1110 566 1165 611 σου
1187 542 1219 611 τό
1236 548 1354 631 σπέρμα
1376 555 1437 615 τοῦ
1457 574 1523 631 φω

407 653 492 735 Λύβε
509 651 577 735 παρ’
595 655 667 734 ἐμοῦ
686 648 737 714 τόν
753 653 900 731 νυμφίον,
928 651 979 713 καὶ
998 646 1131 730 χώρησον
1148 646 1252 727 αύτόν,
1282 650 1334 713 καλ
1351 650 1518 735 χαρήθητι

407 753 495 841 αύτῷ.
536 752 613 818 Ἰδού
633 750 654 835 ή
675 751 757 836 χύρις
775 760 920 833 κατῆλθεν
942 754 990 815 ἐπί
1011 772 1050 815 οε.
1086 748 1223 827 ’Ἀνοιξον
1244 748 1276 815 τό
1294 749 1392 834 στόμα
1412 776 1491 833 σου,

406 855 622 941 προφήτευσον.
670 862 729 935 Τής
743 855 774 917 δέ
789 851 929 937 γυναικός
944 850 1185 936 ύποκρινομίνης,
1211 850 1256 916 Ού
1272 852 1492 937 προεφήτευοα
1516 897 1517 901 1

405 985 487 1037 ποτε,
510 961 559 1023 καί
575 955 630 1022 ούκ
645 953 712 1021 ολδα
727 954 932 1037 προφητεύειν,
956 953 1119 1035 ἐπικλήσεις
1134 954 1216 1029 τινός
1230 954 1426 1037 ποιούμενος,
1452 961 1487 1025 ἐκ
1502 961 1520 1023 δ

405 1064 492 1143 τέρου
509 1064 550 1135 είς
565 1058 745 1139 κατάπληξιν
760 1065 812 1138 τῆς
830 1054 1023 1138 αἰτατωμένης
1041 1058 1132 1137 φησίν
1146 1054 1237 1145 αύτή,
1256 1054 1400 1135 ’Ἀνοιξον
1415 1058 1454 1127 τό
1472 1082 1518 1125 στ

405 1187 475 1240 σου,
506 1162 630 1242 λύλησον
654 1159 699 1223 ότι
723 1159 849 1241 δήποτε,
878 1160 928 1223 καὶ
948 1156 1150 1239 προφητεύεις.
1192 1156 1229 1221 Ἡ
1248 1160 1279 1223 δὲ
1298 1170 1498 1241 χαυνωθεῖσα

404 1274 598 1343 κεπφωθεῖσα
617 1259 675 1326 ύπό
695 1269 755 1325 τῶν
773 1262 1007 1346 προειρημένων,
1040 1264 1292 1342 διαθερμανθεῖσα
1309 1260 1365 1345 τήν
1380 1262 1489 1348 ψυχήν

404 1375 457 1447 τῆς
472 1370 651 1448 προςδοκίας
665 1371 718 1427 τοῦ
734 1365 842 1445 μέλλειν
856 1360 948 1444 αύτήν
963 1360 1171 1446 προφητεύειν,
1193 1370 1245 1445 τῆς
1258 1368 1387 1447 καρδίας
1401 1368 1498 1433 πλέον
1522 1409 1523 1418 1

406 1472 523 1543 δέοντος
539 1466 717 1546 παλλούσης,
749 1464 898 1551 ύποτολμᾷ
916 1472 1011 1528 λαλεῖν
1028 1463 1161 1547 ληρώδη,
1189 1467 1239 1529 καλ
1260 1464 1298 1531 τό
1315 1466 1449 1549 τυχόντα
1466 1469 1512 1535 π’

404 1578 496 1646 κενῶς
513 1573 562 1634 καί
581 1575 745 1651 τολμηρῶς,
768 1567 817 1631 δίτε
834 1565 892 1631 ύπό
912 1573 998 1631 κενοῦ
1022 1568 1285 1651 ΙΙτεθερμαμμένη
1302 1568 1482 1652 πνεύματος
1499 1584 1510 1647 <

403 1670 469 1746 θῶς
485 1670 501 1736 ό
516 1677 657 1755 κρείσσων
673 1668 756 1752 ήμῶν
772 1672 830 1751 έφη
847 1671 913 1752 περὶ
929 1675 988 1731 τῶν
1005 1666 1161 1748 τοιούτων,
1183 1668 1229 1733 ὅτι
1245 1668 1395 1754 τολμηρόν
1410 1676 1467 1739 καλ
1483 1672 1503 1739 τί

404 1776 452 1850 δὲς
468 1773 549 1856 ψυχή
564 1781 639 1861 κενῷ
655 1770 717 1855 αίέρι
734 1773 979 1856 θερμαινομένη),
1001 1773 1053 1835 καὶ
1067 1768 1127 1835 οίπύ
1141 1770 1248 1837 τούτου
1262 1771 1371 1837 λοιπόν
1386 1776 1523 1859 προφήτ

404 1874 511 1958 ἐαυτήν
531 1884 563 1921 ¹²
573 1873 794 1957 μεταλαμβάνει,
809 1877 860 1937 καὶ
875 1870 1035 1955 εύχαρισιεῑ
1046 1870 1166 1961 Μόρκιμ
1181 1880 1221 1961 τῷ
1233 1872 1403 1943 ἐπιδιδόντα
1417 1880 1516 1961 τήςίδ

402 1977 519 2063 χάριτος
535 1975 627 2066 αὐτῇ,
650 1979 700 2040 καὶ
715 1975 888 2058 ἀμείβεσθαι
903 1972 993 2039 αὐτόν
1010 1981 1160 2057 πειρᾶται,
1182 1972 1218 2041 ού
1231 1975 1324 2057 μόνον
1338 1976 1419 2043 κατολ
1434 1977 1521 2063 τήντ

402 2078 593 2162 ύπαρχόντων
607 2078 698 2156 δόσιν,
723 2077 796 2142 ὅθεν
807 2079 858 2142 καὶ
872 2076 1027 2162 χρημάτων
1040 2083 1157 2159 πλῆθος
1172 2076 1248 2142 πολύ
1261 2079 1473 2165 συνενήνοχεν,
1500 2080 1523 2134 ='¹

401 2185 452 2246 καλ
465 2180 538 2246 κατύ
553 2179 606 2263 τήν
622 2188 675 2245 τοῦ
690 2179 824 2263 σώματος
839 2184 1005 2257 κοινωνίαν,
1028 2178 1102 2243 κατύ
1116 2177 1214 2244 πάντα
1227 2181 1374 2248 ἐνοῦοθαι
1389 2180 1476 2273 αύτῷ
1521 2225 1523 2238 ι

400 2286 594 2373 θυμουμένη,
616 2287 667 2348 ἵνα
684 2281 740 2347 σύν
758 2280 836 2369 αύτῷ
855 2284 983 2371 κατέλθῃ
1002 2284 1043 2357 είς
1059 2280 1092 2347 τό
1108 2284 1148 2347 ἐν.
1183 2280 1262 2363 Ἤδη
1278 2283 1311 2349 δέ
1326 2290 1391 2351 τοῖν
1410 2292 1517 2369 ι’κτρα

281 2425 331 2472 ρας.
344 2412 388 2455 τοῦ.
402 2413 463 2471 ρων
482 2386 557 2461 τινὲς
576 2393 724 2470 γυναικῶν
741 2392 800 2449 τῶν
817 2386 945 2466 ἐχουσῶν
963 2382 1015 2449 τόν
1035 2382 1133 2466 φόβον
1150 2391 1204 2449 τοῦ
1218 2390 1296 2449 θεοῦ
1313 2387 1368 2451 καλ
1386 2386 1432 2471 μή
1451 2390 1494 2456 ἐ»
1521 2429 1523 2436 ι

400 2494 561 2571 τηθεισῶν,
594 2486 629 2562 ἃς
647 2484 756 2569 ὁμοίως
773 2495 837 2562 ταῖς
854 2495 971 2562 λοιπαῖς
990 2484 1163 2569 ἐπετήδευσε
1178 2490 1397 2570 παραπείθειν,
1430 2516 1450 2555 κ

400 2590 503 2665 αύταῖς
520 2587 734 2674 προφητεύειν,
765 2590 814 2653 καὶ
834 2586 1078 2670 καταφυσήσασαι
1097 2590 1148 2653 καί
1163 2592 1441 2671 καταθεματίοασατ
1473 2635 1475 2644 ν

401 2696 602 2778 ἐχωρίσθησαν
623 2697 675 2755 τοῦ
695 2690 832 2756 τοιούτου
848 2689 975 2768 θιιίσου,
1011 2688 1143 2775 ύκριβῶς
1159 2694 1266 2756 είδνῖαι
1288 2690 1335 2756 δτι
1351 2718 1435 2777 προο
1505 2693 1515 2717 ’

401 2793 455 2877 ούχ
471 2792 530 2857 ύπό
548 2792 681 2878 Μύρκου
697 2801 750 2858 τοῦ
768 2792 863 2878 μύγον
880 2795 1020 2879 ἐγγίνεται
1037 2802 1100 2869 τοῖς
1115 2791 1304 2878 ύνθρύττοις,
1334 2790 1399 2859 ἄλλ’
1414 2792 1466 2873 οίς
1480 2796 1519 2863 ἂν

399 2895 472 2971 θεός
490 2894 607 2961 ίίνωθεν
624 2897 778 2984 ἐπιπέμψη
794 2894 847 2977 τήν
863 2893 946 2978 χύριν
961 2892 1068 2975 αύτοῦ,
1097 2887 1181 2961 οὗτοι
1197 2893 1362 2970 θεόςδοτον
1380 2898 1487 2981 ἐχουστ

400 3004 596 3079 προφητείαν,
628 3000 678 3062 καὶ
698 2995 762 3062 τότε
779 3005 916 3062 λαλοῦσιν
937 3000 1013 3061 ἔνθα
1034 2999 1085 3061 καλ
1105 2994 1196 3063 όπόττ
1214 2994 1289 3072 Θεός
1305 2995 1469 3081 βούλεται,
1506 2998 1519 3052 ν’

401 3099 453 3183 ούχ
475 3100 523 3165 ὅτε
541 3100 669 3183 Μάρκος
685 3097 798 3165 κελεύει.
849 3099 889 3164 Τό
911 3098 967 3184 γύρ
985 3106 1107 3164 κελεῦον
1123 3106 1176 3164 τοῦ
1191 3102 1388 3181 κτλενομένου
1406 3102 1511 3187 μεῖζόν

399 3206 448 3269 καί
465 3200 658 3287 κυριώτερον,
681 3204 744 3266 ἐπεὶ
763 3201 794 3266 τό
812 3202 864 3283 μὲν
881 3210 1065 3285 προηγεῖται,
1094 3198 1126 3267 τό
1144 3202 1177 3265 δέ
1190 3197 1397 3269 ύποτέτακτατ.
1442 3208 1490 3271 E!
1507 3243 1510 3260 ι

400 3303 528 3389 Μοίριος
542 3306 594 3385 μὲν
609 3303 727 3381 κελεύει,
748 3302 769 3384 ή
785 3302 868 3379 ύλλος
880 3329 924 3380 τις
938 3301 989 3379 (ῶς
1004 3303 1146 3368 είῶθαοιν
1160 3305 1210 3369 ἐπλ
1224 3312 1287 3381 τοῖς
1300 3308 1438 3385 δείπνοις
1458 3316 1494 3357 ¹⁴
1512 3349 1516 3356 -

398 3407 508 3493 κλήρου
525 3400 607 3472 οὗτοι
628 3404 752 3470 πόντοτε
770 3411 881 3483 παίζειν
901 3406 951 3470 καί
968 3404 1102 3488 ύλλήλοις
1119 3404 1350 3491 ἐγκελεύεσθαι),
1380 3406 1416 3477 τό
1447 3453 1448 3460 1
1469 3449 1506 3464 w

398 3512 506 3587 νεύειν,
534 3511 584 3574 καί
607 3506 681 3592 πρός
702 3506 754 3583 τός
775 3510 853 3583 ἰδίας
871 3510 1033 3589 ἐπιθυμίας
1049 3510 1166 3583 ἐαντοῖς
1183 3506 1400 3591 μαντεύεσθαι,
1430 3514 1516 3579 ἐσται

399 3612 524 3677 κελεύων
538 3617 640 3693 μείζων
653 3636 681 3675 τε
696 3614 747 3674 καί
760 3610 937 3694 κυριώτερος
952 3618 1005 3675 τοῦ
1019 3616 1205 3695 προφητικοῦ
1218 3608 1406 3695 πνεύματος,
1429 3612 1453 3681 ίί
1483 3637 1487 3668 ι
1506 3657 1508 3668 ι

399 3741 455 3790 πος
471 3713 522 3792 ῶν,
542 3714 614 3796 ὅπερ
628 3711 781 3777 ύδύνατον.
816 3711 900 3776 Ἀλλύ
914 3720 1036 3779 τοιαῦτα
1050 3710 1225 3794 κελευόμενα
1240 3708 1291 3777 ὕπ’
1303 3710 1405 3781 «dxciv
1419 3716 1499 3785 πντύ

398 3843 448 3895 τα,
480 3819 530 3881 καὶ
545 3824 684 3881 λαλοῦντα
701 3812 790 3881 όπότε
805 3813 960 3898 βούλονται
978 3813 1080 3893 αύτολ,
1110 3818 1259 3899 ἐπίσαθρα
1276 3818 1329 3882 καλ
1342 3814 1467 3903 οίδρανῆ
1493 3859 1505 3870 ν

397 3917 527 4002 τολμηροί
544 3919 575 3982 δὲ
591 3921 640 3983 καί
654 3916 759 3999 ύναιδή
777 3913 835 3982 ύπό
851 3925 903 3983 τοῦ
919 3925 1040 3982 Σατανᾶ
1058 3915 1263 4000 ἐκπεμπόμενα
1276 3913 1355 4004 πρός
1368 3921 1412 3999 ἐξ
1433 3969 1434 3972 ¹
1456 3920 1523 3972 1'v

398 4024 449 4086 καί
464 4018 608 4085 ύπῶλειαν
623 4028 682 4085 τῶν
697 4019 737 4103 μή
753 4018 874 4085 εύτονον
889 4018 943 4103 τήν
956 4024 1068 4099 πίστιν,
1089 4018 1128 4103 ἢν
1141 4016 1191 4085 τίκτ’
1206 4018 1297 4106 ύρχής
1311 4018 1363 4086 διιί
1378 4030 1435 4107 τῆς
1481 4067 1487 4076 ·

398 4130 462 4200 σίας
482 4124 662 4208 παρέλαβον,
683 4121 900 4203 φυλασσόντων.

399 4282 472 4329 Sume
490 4279 594 4345 primum
614 4285 663 4330 αιι.
704 4282 741 4329 λδ
763 4278 952 4347 ἐγκαταστῆσαι
1022 4278 1059 4329 12.
1073 4280 1480 4337 Billithelwiuscmm
1521 4315 1523 4324 .

396 4346 542 4410 intelleget&
561 4347 675 4415 μέγεθος.
986 4342 1115 4415 λαμβάνει.
1141 4344 1451 4417 κατακεκαλυμμένα
1488 4385 1490 4392 1
1522 4389 1523 4392 =

434 4419 471 4467 ll.
487 4415 680 4481 τεξιερμαμμένη
696 4417 746 4465 cod.
760 4419 832 4467 Vatic.
865 4417 952 4479 τεθερ·
985 4418 1462 4473 ἐπιτειλλιλιτοτιιτιιοοτιοιλλολετττνιιι
1516 4451 1519 4464 .

398 4483 497 4550 μαμίνη
512 4487 566 4536 cdii.
580 4488 656 4547 princ.
687 4482 878 4551 τεὲερμαομένη
897 4487 952 4536 αλιι.
985 4480 1107 4551 λαμβάνει
1125 4486 1261 4545 immutor
1279 4482 1304 4533 ἰιι
1322 4484 1479 4553 propheti&

396 4554 478 4604 Ριιοο.
986 4548 1455 4619 ουιιιιιιοιιιι,ντλριαρλιοτλιλιετιι·«
1479 4565 1481 4594 ι
1500 4593 1503 4596 .
