3046 5084
392 317 527 370 rausum
543 316 605 368 usn.
618 320 638 370 ι.
654 318 735 372 rom.
749 320 782 371 ιι.
798 321 896 373 naec.
908 322 1004 373 xxvi.
1217 312 1276 376 169

131 458 195 502 rum
217 437 246 501 in
266 457 338 522 agro
354 435 605 520 virgultorumquc
626 437 801 502 desiccatam
822 439 987 525 congeriem
1011 451 1040 503 et
1058 442 1094 503 ad
1109 441 1274 507 incendium

131 551 327 624 praeparatam
345 539 376 602 in
394 536 521 600 medium
538 538 702 619 proleram,
730 558 767 600 eo
785 539 859 620 quod
876 540 976 603 eadem
996 541 1045 602 illa
1064 543 1166 624 perditi
1184 542 1275 608 Nico·

132 641 169 703 lai
188 651 285 720 secta,
309 652 446 723 tanquam
464 635 603 699 insitione
621 637 761 719 quadam,
784 638 831 701 vel
849 640 943 721 potius
962 641 1001 701 uti
1021 643 1101 703 lerae
1118 643 1225 706 scabiei
1242 667 1276 707 ac

131 741 228 826 leprae
253 742 428 825 contagione
449 737 505 799 alia
530 756 568 799 ex
593 735 658 799 aliis
680 757 819 821 corpora,
850 739 893 800 sic
913 739 1057 802 hominum
1077 752 1225 805 tentantur
1241 766 1275 807 ac

131 853 355 928 corrumpuntur
369 837 469 901 animi.
504 835 569 899 llcc
583 837 678 921 itaque
696 839 780 901 modo
797 860 860 902 cum
876 841 1026 923 superiore
1044 842 1156 904 haeresi
1172 843 1276 905 cohae-

130 965 199 1007 rens
218 942 370 1023 exaliqua
388 950 480 1025 parte,
505 938 551 1021 qui
568 959 583 1000 a
600 936 726 1000 Nicolao
740 939 803 1023 ipso
821 941 941 1023 eiusque
957 942 1205 1020 antecessoribus,
1230 941 1278 1008 Si·

130 1066 217 1108 mone
237 1064 272 1105 ac
290 1040 433 1119 caeteris,
457 1039 639 1102 occasionem
657 1040 735 1102 uacti
752 1038 885 1105 Gnostici
903 1042 1106 1121 nominantur,
1130 1043 1279 1126 corripuer-

133 1164 197 1207 oroa
213 1144 269 1206 hoc
286 1151 333 1204 est
346 1141 496 1204 damnandi
511 1141 644 1225 penitus,
668 1151 787 1225 propter
803 1142 989 1226 impurissimi
1005 1144 1103 1227 flagitii
1120 1145 1195 1227 quod
1211 1167 1277 1229 per·

132 1258 250 1333 petrare
268 1243 364 1305 solent
382 1242 583 1326 turpitudinem
605 1262 640 1304 ac
658 1241 825 1325 nequitiam.
872 1240 1068 1324 Quamobrem
1088 1266 1151 1307 cum
1170 1266 1224 1309 uos
1241 1246 1276 1309 il-

131 1350 190 1411 lnm
207 1345 346 1407 hacteuus
361 1342 555 1406 continentiae
571 1342 606 1404 ad
624 1341 714 1406 breve
732 1355 842 1429 tempus
860 1345 1012 1423 cultorem,
1037 1366 1071 1408 ac
1086 1345 1208 1409 subinde
1226 1348 1275 1411 de·

132 1459 293 1524 sertorem,
318 1454 347 1506 et
362 1444 497 1529 hydropis
512 1442 634 1506 similem
650 1445 738 1528 (quod
752 1445 897 1530 serpentis
912 1467 1004 1528 genus
1020 1467 1059 1510 ex
1074 1447 1156 1531 aquis
1171 1447 1201 1510 in
1218 1459 1276 1510 ter-

134 1570 196 1612 ram
218 1546 354 1629 emergit,
386 1555 417 1608 et
437 1546 537 1608 eodem
550 1550 661 1629 'postea
682 1566 716 1608 se
737 1547 852 1631 recipit)
875 1548 1004 1627 calamo,
1037 1548 1084 1631 qui
1104 1546 1223 1613 Christo
1245 1549 1275 1612 iu

133 1671 247 1712 manum
264 1644 382 1710 traditus
399 1656 462 1726 est,
494 1667 662 1730 percussum
680 1649 910 1727 confecerimus,
940 1649 1066 1732 reliquas
1085 1651 1120 1712 ad
1138 1651 1275 1714 haereses

131 1751 288 1814 orationem
312 1759 441 1811 nostram
463 1747 708 1831 promovebimus.

322 1984 662 2062 ADVERSUS
704 1984 1078 2081 GNOSTIGOS,

375 2129 457 2200 quae
476 2111 528 2179 est
546 2105 693 2178 haeresis
708 2105 788 2196 vt,
812 2105 883 2178 sire
901 2105 1027 2180 XXVI.

210 2257 341 2321 Rursum
360 2254 494 2320 Gnostici
515 2253 564 2316 isti
584 2254 666 2318 varic
687 2254 722 2318 ah
745 2254 794 2316 illo
814 2256 963 2339 propagati
985 2257 1015 2320 in
1033 2257 1137 2319 mundo
1155 2257 1274 2342 pullula·
1293 2267 1351 2335 Cap.
1370 2270 1390 2316 1.

128 2371 208 2438 runt,
233 2358 366 2423 homines
384 2356 533 2420 erroribus
549 2356 697 2440 implicati,
721 2378 755 2420 ac
771 2358 851 2421 velut
867 2378 906 2419 ex
924 2357 1115 2420 amaritudine
1132 2361 1274 2442 procreati

130 2465 259 2540 fructus,
284 2458 522 2545 quemadmodum
536 2458 628 2521 cuivis
644 2459 827 2543 perspicuum
844 2471 901 2536 est,
926 2461 1005 2522 etad
1024 2460 1155 2522 veritatis
1171 2461 1275 2544 proba-

129 2564 236 2627 tionem
259 2583 316 2624 non
339 2562 432 2623 solum
456 2581 473 2622 a
495 2558 647 2637 fidelihus,
679 2561 729 2622 scd
753 2562 838 2624 etium
859 2560 895 2623 ab
915 2561 1079 2623 inlidclihus
1098 2561 1274 2644 deprehendi

128 2665 207 2728 nullo
223 2663 340 2747 negotio
359 2671 465 2748 potest.
510 2659 628 2724 Etenim
644 2661 778 2739 vulvam,
802 2683 836 2724 ac
855 2663 1076 2746 turpitudinem,
1102 2675 1274 2747 caeteraque

128 2766 157 2828 id
177 2786 270 2848 genus
292 2766 321 2826 iu
343 2784 480 2827 sermone
502 2763 630 2841 iactare,
662 2783 759 2825 nonne
781 2763 930 2826 ridiculum
952 2765 1120 2827 mortalibus
1142 2766 1274 2830 omnibus

131 2864 256 2929 Graecis
275 2864 394 2950 perinde
412 2886 446 2928 ac
465 2863 613 2941 barbaris,
637 2863 814 2948 sapientibus
835 2866 1092 2951 insipientibusque
1110 2867 1274 2932 videbitur?

132 2965 192 3031 Sed
212 2966 283 3028 hacc
301 2987 404 3050 magna
420 2988 540 3050 prorsus
555 2965 719 3042 calamitas,
743 2987 778 3028 ac
794 2967 968 3044 vehemens,
993 2980 1024 3030 ut
1039 2968 1079 3032 ita
1097 2970 1205 3048 dicam,
1229 2972 1274 3033 in-

130 3067 253 3130 felicitas
277 3077 339 3146 est,
371 3068 520 3131 damnatos
543 3067 627 3143 illos,
659 3077 689 3129 et
707 3088 808 3131 errore
828 3070 964 3154 deceptos
981 3081 1125 3133 sectarum
1144 3072 1272 3133 artilices

128 3168 244 3233 incitari
268 3179 370 3232 contra
390 3190 444 3232 uos
467 3181 553 3253 atque
572 3167 743 3250 insurgere,
773 3171 853 3234 velut
873 3173 973 3234 loedos
993 3174 1129 3255 quasdam
1149 3173 1271 3250 hostias,

129 3293 202 3356 quae
217 3270 378 3334 molestiam
393 3273 477 3334 nohis
493 3293 527 3334 ac
544 3274 684 3334 loetorcm
700 3282 728 3332 et
744 3272 881 3356 pruritum
896 3273 1029 3337 condictis
1045 3274 1101 3336 illis
1116 3275 1177 3337 suis
1192 3281 1282 3335 men?

128 3373 218 3437 daciis
241 3373 377 3437 abierant.
421 3371 503 3458 Ergo
524 3374 574 3437 isti
594 3396 657 3438 cum
680 3369 806 3438 Nicolao
828 3375 992 3453 coniuncti,
1024 3387 1053 3438 et
1075 3375 1110 3438 ah
1134 3395 1169 3436 co
1192 3373 1272 3435 velut

128 3475 328 3540 subventaneo
346 3477 489 3560 serpentis
506 3497 562 3538 ovo
580 3477 687 3563 scorpii
706 3478 769 3540 sive
788 3476 933 3562 aspidibus
951 3476 1100 3560 prognati,
1132 3475 1270 3557 quaedam

129 3575 214 3639 nobis
229 3576 356 3640 inaniter
371 3576 506 3655 sonantia
522 3579 640 3641 nomina
658 3579 804 3663 librosque
821 3577 976 3642 commenti
994 3586 1077 3651 sunt,
1102 3575 1182 3637 velut
1196 3577 1273 3639 inter

128 3689 262 3742 caeteros
284 3700 367 3763 quem
390 3678 514 3743 Noriam
537 3681 697 3765 appellant,
729 3693 814 3765 atque
833 3702 872 3744 ex
894 3676 1103 3761 superstitiosis
1122 3677 1271 3759 gentilium

129 3780 313 3865 opinionibus
329 3781 518 3844 conformatis
533 3782 568 3845 nd
583 3783 744 3846 institutum
760 3803 844 3845 sunm
861 3781 944 3862 nugis
959 3778 1014 3841 illis
1028 3797 1062 3839 ac
1077 3777 1179 3842 labulis
1193 3780 1272 3843 veri·

128 3881 181 3945 tati
202 3883 380 3948 mendacium
401 3883 572 3946 admiscent.
619 3881 732 3969 Quippe
750 3881 874 3947 Noriam
893 3881 977 3942 istam
994 3877 1102 3942 Noimi
1119 3882 1271 3965 coniugem

127 3983 248 4048 iaciunt.
294 3982 389 4067 Quam
405 3983 514 4047 idcirco
528 3981 652 4048 Noriam
669 3995 791 4064 vocant,
815 3994 847 4046 ut
862 4001 936 4065 quae
951 4002 967 4042 a
983 3982 1136 4065 gentilibus
1153 3985 1272 4047 concin-

128 4096 193 4148 nata
210 4097 278 4150 sunt
294 4086 425 4150 barbaris
442 4085 563 4148 vocibus
578 4086 793 4150 dissimulantes
810 4084 1014 4147 circumventis
1028 4106 1044 4148 a
1060 4106 1091 4148 se
1108 4085 1270 4148 hominihus

128 4186 241 4250 facilins
255 4188 394 4267 illudant,
419 4208 475 4271 qno
494 4186 606 4270 quidem
623 4198 724 4272 pacto,
748 4198 780 4249 ut
795 4184 927 4270 Pyrrhae
942 4187 1111 4251 vocabulum
1127 4188 1271 4270 iuterpre-

128 4289 215 4351 tando
229 4291 403 4368 redderent,
426 4286 539 4352 Noniae
556 4289 776 4373 appellationem
792 4287 967 4352 indiderunt.
1011 4287 1089 4353 Nam
1107 4311 1170 4352 cum
1185 4286 1271 4351 Nure

128 4389 201 4473 apud
221 4386 374 4456 Hebraeos
389 4391 504 4477 ignem,
535 4411 593 4455 uon
613 4390 662 4453 illa
685 4390 798 4473 quidem
818 4390 976 4456 secretiore
996 4392 1111 4476 lingua,
1144 4391 1194 4452 sed
1213 4387 1271 4475 Sy-
