3046 5084
126 1947 177 1993 μσς.
190 1933 235 1976 λλὸ.

249 350 310 412 416
672 358 791 410 οιοοτι
810 358 979 409 ενιεειινιι

248 477 383 563 τεράσεις
400 473 481 560 παρά
499 482 560 549 τοῖς
576 471 730 550 Ἰουδαίοις
745 476 885 560 λέγονται.
929 476 1000 539 Εἰσὶ
1017 475 1049 540 δὲ
1065 468 1152 540 αὗται
1169 477 1324 562 τέσσαρες·
1359 480 1420 560 μία

251 582 317 662 μέν,
349 576 368 661 ή
386 581 427 653 εἰς
445 576 539 659 όνομα
558 577 713 651 Μωυσέως
730 579 894 661 φερομένη,
925 578 1046 663 δευτέρα
1063 578 1095 643 δέ
1111 574 1133 659 ή
1149 584 1201 643 τοῦ
1216 580 1417 661 καλουμένου

248 679 451 765 Ῥαββιακιβά,
472 683 552 764 τρίτη
566 676 666 757 Ἀδδεί,
688 677 754 761 ήτοι
766 676 873 757 Ἰοῦδα,
895 677 1016 765 τετάρτη
1030 686 1089 744 τῶν
1103 684 1177 745 υίῶν
1188 678 1415 764 Ἀσαμωναίου.

248 784 328 849 Ἐπεί
346 791 406 848 ποῦ
423 785 511 864 ἐχεις,
534 782 680 862 φιλόνεικε
696 784 746 845 καί
764 778 944 845 άκατάστατε
960 781 1015 864 τήν
1029 780 1162 867 γνάμην,
1185 785 1277 860 δεῖξαι
1293 785 1329 848 ἐν
1345 792 1416 860 ταῖς

250 888 334 951 πέντε
348 890 461 972 βίβλοις
474 890 527 966 τῆς
542 881 742 965 Πεντατεόχου
757 887 809 947 καί
824 890 899 947 θεοῦ
915 889 1107 966 νομοθεσίας,
1130 883 1176 950 ι’ίτι
1191 882 1309 970 ἐρρήθη
1327 882 1349 951 ό
1365 885 1417 951 λό-

252 1015 304 1075 γος
321 986 339 1053 ό
354 985 435 1072 παρά
452 993 492 1074 τῷ
509 993 618 1068 σωτῆρι
633 987 799 1067 εἰρημένος,
834 984 910 1060 3“ος
926 988 986 1070 ἐρεῖ
999 994 1040 1075 τῷ
1054 989 1144 1071 παιρλ
1158 985 1252 1052 αῦτοῦ
1268 989 1415 1075 Κορβάν,

251 1090 268 1156 ό
287 1093 346 1156 ἐστι
363 1094 474 1172 δῶρον,
506 1087 561 1154 οῦκ
579 1085 802 1169 ω’φεληθήσεταί
818 1114 845 1152 τι
864 1090 893 1164 ἐξ
912 1085 1021 1166 αὐτοῦς
1051 1086 1123 1153 Ἀλλ’
1138 1087 1194 1155 οῦκ
1210 1092 1285 1172 ἐχεις
1302 1094 1414 1169 δεῖξαι.

243 1192 321 1278 ’Ἆρα
336 1198 408 1278 γοῦν
425 1193 541 1268 ἐξέπεσέ
555 1212 609 1255 σου
628 1186 646 1254 ό
662 1188 762 1273 λόγος,
792 1197 845 1253 τοῦ
859 1189 989 1272 ῥήματος
1006 1188 1141 1274 οὐδαμοῦ
1157 1198 1193 1281 τή
1211 1193 1415 1283 Πεντατεῦχιμ

253 1296 469 1379 έμφερομένου,
492 1295 542 1357 καλ
558 1290 653 1375 μάτην
667 1290 720 1373 τήν
735 1289 793 1356 ῦπό
810 1299 866 1357 σοῦ
879 1291 1068 1376 ήπατημίνην
1084 1292 1212 1379 Φλοίραν
1225 1293 1413 1374 ἐφάντασας.

257 1395 299 1460 Τά
317 1397 347 1460 δέ
362 1392 421 1460 όπδ
437 1397 593 1470 Μονῦσέως
607 1392 661 1460 οὐκ
677 1392 761 1469 ἐκτός
776 1402 829 1459 τοῦ
843 1402 920 1459 θεοῦ
934 1398 985 1459 καί
999 1393 1074 1461 αότά
1090 1394 1311 1480 ἐνομοθετήθη,
1336 1395 1414 1463 άλλδ

253 1503 285 1567 ἐκ
300 1506 352 1563 τοῦ
369 1505 444 1563 θεοῦ
458 1496 507 1562 διά
522 1497 687 1575 Μωῦσέως,
710 1496 727 1562 δ
742 1499 791 1561 καὶ
806 1499 834 1574 ἐξ
849 1495 940 1580 αῦτῆς
952 1505 1005 1580 τῆς
1019 1505 1072 1563 τοῦ
1087 1506 1219 1584 σωτῆρος
1232 1501 1415 1586 ἐπικρίσεως

252 1607 407 1668 δείκνυται.
451 1597 552 1676 Αάτάς
570 1597 625 1685 γάρ
644 1598 679 1674 ἃς
698 1598 864 1684 παρήγαγες
882 1605 1043 1685 μαρτυρίας
1061 1600 1135 1666 κατά
1154 1609 1265 1667 σαυτοῦ
1285 1604 1413 1671 ἐπισυν-

251 1705 366 1791 ήγαγες.
413 1702 525 1767 Φάσκει
541 1700 596 1787 γάρ
613 1699 631 1767 ό
648 1700 750 1786 κάρτος
768 1703 800 1766 ἐν
818 1709 858 1789 τῷ
875 1699 1031 1791 εὐαγγελίῳ
1048 1702 1108 1783 ότι,
1138 1711 1278 1786 Μωῦσῆς
1293 1707 1415 1792 ἐγραψε

252 1806 327 1873 κατά
340 1805 394 1889 τήν
409 1808 643 1891 σκληροκαρδίαν
658 1801 750 1886 ῦμῦν.
777 1802 816 1867 Ὃ
833 1805 864 1868 δὲ
880 1806 993 1890 ἐγραψε
1006 1812 1153 1889 Μωῦσής,
1168 1803 1223 1871 οῦκ
1237 1805 1324 1883 ἐκτός
1338 1812 1416 1891 βου-

253 1909 363 1994 λήσεως
379 1916 456 1975 θεοῦ
472 1911 615 1994 ἔγραψεν,
647 1904 716 1970 άλλά
732 1909 763 1972 ἐκ
781 1905 947 1987 πνεύματος
962 1904 1050 1992 άγίου
1067 1910 1270 1991 ἐνομοθέτησε.
1316 1912 1416 1997 Λέγει

252 2013 307 2100 γάρ
326 2010 343 2077 ό
362 2011 465 2098 κύριος
484 2013 573 2098 ἐντῷ
592 2008 761 2098 εὐαγγελίῳ,
784 2007 825 2073 Ὃ
843 2006 861 2073 ό
877 2009 951 2085 θεός
969 2012 1150 2091 συνέζευξεν,
1181 2010 1349 2097 ἅνθρωπος
1369 2012 1415 2098 μή

251 2117 400 2202 χωριζέτω.
434 2116 494 2178 Καί
513 2120 576 2188 πῶς
591 2115 738 2190 σννέζευξε
753 2115 889 2194 διεξῆλθε
903 2109 936 2177 τό
951 2115 1040 2197 ῥῆμα,
1062 2116 1112 2178 ίνα
1126 2112 1280 2198 μάθωμεν,
1302 2116 1414 2201 λέγων,

252 2218 330 2285 Ἀντί
347 2216 455 2284 τοῦτον
471 2220 639 2295 καταλείψει
657 2212 820 2299 άνθρωπος
835 2212 887 2279 τόν
903 2216 1015 2300 πατέρα
1030 2213 1138 2295 αότοῦ,
1159 2217 1210 2282 καί
1224 2216 1413 2301 κολληθήσε·

161 2340 165 2347 ’
251 2350 298 2387 ται
315 2329 351 2410 τή
367 2322 485 2406 γυναικί
502 2316 610 2394 αῦτοῦ,
639 2318 689 2383 καλ
705 2319 821 2382 ἐσονται
838 2320 870 2382 οί
884 2316 939 2382 δύο
956 2320 997 2393 εἰς
1013 2316 1109 2403 σάρκα
1128 2320 1205 2402 μίαν.
1248 2314 1329 2385 Εἰτα
1345 2321 1413 2387 ἐπι·

126 4283 192 4350 Κεφ.
209 4272 232 4335 ι’.

254 2428 352 2510 φέρει,
374 2425 478 2508 λέγων,
499 2417 533 2484 Ὁ
547 2412 602 2485 οῦν
619 2417 637 2485 ό
652 2418 725 2495 θεός
738 2422 918 2498 συνέζευξεν,
941 2417 1103 2506 ἅνθρωπος
1119 2421 1160 2503 μή
1174 2422 1333 2505 χωριζέτω·
1357 2426 1413 2489 καί

253 2532 298 2592 τοί
313 2551 343 2611 γε
358 2523 494 2608 οάδαμοῦ
508 2530 561 2588 τοῦ
573 2529 678 2607 κυρίου
694 2529 780 2587 τοῦτο
796 2520 957 2607 εἰρηκότος,
974 2519 1104 2605 ὁπηνίκα
1116 2520 1169 2589 τόν
1181 2520 1275 2605 ’Λδάμ
1287 2524 1342 2589 καλ
1355 2522 1414 2609 τήν

254 2626 340 2692 Εῦαν
353 2630 491 2704 έπλασεν,
515 2623 653 2706 ἢμόνον,
679 2622 858 2706 Ποιήσωμεν
873 2623 955 2714 αὐτῷ
968 2621 1030 2689 κατ’
1044 2623 1133 2691 αάτόν
1149 2623 1277 2709 βοηθόν.
1322 2624 1413 2693 'AM

252 2737 338 2796 τοῦτο
361 2727 421 2793 ῦπδ
440 2735 493 2793 τοῦ
510 2725 603 2808 Ἀδάμ
625 2729 752 2809 είρηται,
785 2725 858 2792 έῖίτε
874 2724 979 2809 α’νέστη
998 2729 1030 2793 ἐκ
1048 2734 1102 2793 τοῦ
1119 2725 1232 2808 ῦπνου,
1262 2730 1313 2793 καλ
1332 2724 1413 2811 εἰπε,

258 2840 351 2898 Τοῦτο
376 2838 431 2895 νῦν
453 2827 559 2896 όστοῦν
581 2831 614 2893 ἐκ
637 2836 696 2893 τῶν
718 2825 812 2894 όστοῦυ
831 2856 905 2913 μου,
937 2831 989 2895 καλ
1004 2827 1077 2914 σάρξ
1094 2833 1126 2896 έκ
1142 2837 1195 2913 τῆς
1209 2828 1321 2917 σαρκός
1336 2856 1413 2915 μου,

254 2933 327 3016 αῦτη
344 2931 522 3016 κληθήσεται
537 2929 627 3017 γυνή,
649 2929 694 2996 ότι
714 2934 746 2997 έκ
763 2939 818 2997 τοῦ
836 2928 945 3017 άνδρός
960 2928 1051 3015 αὐτῆς
1065 2931 1183 3015 ἐλήφθη
1199 2931 1283 3016 αῦτη.
1328 2930 1414 3001 EM

253 3058 359 3121 φησιν,
389 3033 467 3100 Ἀντί
485 3033 591 3099 τοῦτον
608 3037 777 3113 καταλείψει
795 3032 958 3119 άνθροοτιος
975 3033 1027 3099 τόν
1043 3035 1153 3119 πατέρα
1171 3032 1264 3101 αῦτοῦ
1280 3037 1335 3103 καλ
1352 3034 1415 3121 τήν

252 3143 362 3226 μητέρα
377 3136 483 3215 αὐτοῦ,
505 3139 554 3202 καὶ
570 3135 781 3219 κολληθήσεται
795 3143 830 3226 τή
847 3138 963 3222 γυναικί
979 3134 1087 3216 αάτοῦ,
1109 3139 1160 3203 καλ
1174 3139 1289 3205 ἔσονται
1302 3140 1337 3204 οί
1348 3138 1412 3207 δυέι

253 3248 294 3323 εἰς
315 3242 409 3330 σάρκα
429 3246 506 3324 μίαν.
554 3238 599 3304 Οῦ
620 3246 674 3305 τοῦ
696 3246 770 3304 θεοῦ
791 3243 891 3304 τοίνυν
908 3247 994 3305 τοῦτο
1014 3236 1164 3319 εἰπόντος,
1194 3247 1248 3306 τοῦ
1264 3240 1298 3307 δέ
1311 3236 1414 3327 ’Am

252 3347 418 3433 εἰρηκότος,
441 3350 494 3410 τοῦ
508 3346 614 3427 κυρίου
632 3342 664 3406 δέ
679 3344 951 3429 ἐπιμαρτυροῦντος
968 3344 999 3407 ἐν
1013 3349 1055 3431 τῷ
1070 3340 1223 3431 εῦαγγελίφ
1239 3348 1319 3409 θεοῦ
1332 3340 1414 3413 εἶναι

253 3451 285 3516 τό
302 3454 397 3536 ρήμα,
421 3447 453 3514 τό
469 3445 519 3512 διά
533 3453 586 3510 τοῦ
603 3442 696 3526 Ἀδάμ
711 3447 880 3530 εἰρημένον,
903 3442 953 3510 άπ’
966 3443 1059 3528 αὐτῆς
1074 3452 1127 3527 τῆς
1141 3441 1316 3521 ῦποθέσεως
1334 3448 1414 3515 Ιδεει

253 3558 299 3630 ξεν
317 3552 362 3618 ότι
382 3555 443 3616 ἐκεῖ
455 3551 506 3633 μέν
520 3546 614 3630 Ἀδόμ
630 3552 736 3633 εἴρηκε,
758 3554 834 3613 θεοῦ
851 3548 882 3612 δέ
896 3546 1036 3631 βούλησις
1051 3549 1220 3634 ἐφθέγγετο.
1266 3548 1330 3613 Καί
1346 3540 1413 3617 οἶδε

253 3653 271 3719 ό
288 3662 425 3738 Μωῢσής
446 3654 656 3735 ἐνομοθέτησε,
687 3657 761 3716 θεοῦ
783 3647 861 3738 αὐτῷ
880 3655 1119 3736 καταγγείλαντος
1138 3647 1195 3733 τήν
1211 3654 1410 3734 νομοθεσίαν.

255 3759 315 3820 Καὶ
331 3750 419 3820 αὗται
435 3757 487 3838 μὲν
501 3754 559 3838 ήδη
574 3758 607 3820 αί
621 3752 676 3820 δύο
695 3774 749 3819 σου
762 3755 852 3831 λέξεις
865 3754 1015 3833 διέπεσον,
1036 3755 1088 3818 καλ
1103 3749 1140 3818 οῦ
1155 3750 1318 3839 πόρρωθεν
1333 3750 1411 3821 ιλλλά

254 3855 302 3924 εἶπ’
320 3856 411 3940 αὐτῆς
424 3864 477 3939 τῆς
490 3857 625 3943 χρήσεως.
670 3857 730 3921 Καὶ
746 3854 794 3922 ὅτι
809 3856 862 3938 μέν
877 3860 1043 3938 νομοθεσία
1060 3863 1136 3922 θεοῦ
1152 3857 1228 3935 ἐστι,
1250 3861 1340 3921 τοῦτο
1355 3858 1412 3941 δῆ-

252 3970 310 4027 λον.
355 3966 514 4040 Πανταχοῦ
532 3961 564 4025 δὲ
581 3958 655 4036 θεός
673 3967 831 4042 νομοθετεῖ
844 3956 880 4023 τά
896 3959 949 4040 μέν
965 3961 1007 4035 εἰς
1023 3957 1164 4042 χρόνους,
1191 3955 1228 4023 τά
1246 3957 1279 4024 δέ
1296 3958 1342 4035 εἰς
1358 3956 1413 4025 τῦ-

253 4089 338 4140 πους,
359 4060 395 4125 τά
409 4061 441 4125 δέ
454 4063 496 4137 εἰς
509 4059 697 4143 άποκάλνψιν
711 4069 771 4127 τοῦν
785 4059 946 4145 μελλόντων
958 4063 1078 4126 ἐσεσθαι
1092 4058 1227 4146 άγαθῦν,
1249 4050 1293 4126 νίν
1305 4060 1411 4129 ἐλθῦν

254 4163 271 4231 ό
287 4161 494 4248 κάριοςήμοῦν
508 4161 622 4247 Ἰησοῦς
639 4162 768 4246 Χριστός
784 4166 872 4241 ἔδειξε
891 4163 945 4247 τήν
960 4161 1109 4250 πλήρωσιν
1126 4166 1158 4230 ἐν
1177 4169 1219 4252 τῷ
1237 4159 1408 4255 εῦσγγελίφ.

342 4264 384 4330 Τά
399 4267 430 4330 δὲ
443 4274 496 4349 τῆς
508 4264 591 4350 παρά
603 4268 651 4331 σολ
663 4269 764 4353 ἐτέρας
775 4272 857 4333 θεῶν
871 4268 1040 4354 διαιρέσεως
1053 4273 1136 4353 τριχῆ
1147 4265 1236 4333 πάλιν
1247 4267 1411 4353 διαιρεθεί-

253 4391 307 4453 σης
322 4368 515 4451 έπαναλαβοίν
532 4369 584 4434 καλ
600 4365 674 4433 αάτά
689 4373 773 4448 δείξω
790 4367 872 4456 παρά
890 4372 935 4437 σολ
953 4370 1249 4454 σεσυκοφαντημένα,
1276 4368 1329 4435 καλ
1349 4366 1410 4437 οῦκ

286 4526 312 4579 3.
321 4518 374 4586 Ὃς
389 4541 435 4577 κοτε
452 4532 570 4589 comparet
586 4528 612 4576 λιι
628 4528 700 4578 mnis.

285 4592 311 4647 4,
326 4596 393 4647 λίδτί
407 4596 492 4646 ment
506 4586 554 4649 ότι.
590 4596 718 4647 cummim
731 4598 782 4647 ίωιι
797 4599 866 4649 νετλίλ
882 4594 990 4665 qundo.
