3046 5084
413 328 549 384 niutau
566 331 630 384 nte.
642 333 663 384 r.
679 332 760 385 nou.
772 334 817 386 ru.
833 333 934 385 naun.
947 333 1028 385 xnu.
1238 327 1299 391 tut

148 448 198 512 illo
217 459 347 535 temppre
365 450 503 536 deinceps
522 451 627 515 mnlier
642 451 743 516 divino
760 454 895 517 mandato
912 454 977 517 viro
995 453 1126 518 subiecta
1146 477 1213 519 csse
1233 478 1300 519 coe·

150 552 241 635 perit,
276 565 304 615 et
325 553 984 638 idsecutusapostolnseandemsubiecerit,
1017 557 1218 637 ueoillideo,
1252 559 1299 641 qai

148 655 242 717 virum
267 655 461 740 feminamque
489 655 618 719 condidit
642 656 817 719 contrarium
843 657 957 740 quidam
980 661 1179 743 praeceperit,
1216 661 1300 745 plane

148 757 224 821 istud
243 758 367 836 indicat,
392 758 521 821 ciusdem
539 778 573 821 se
589 759 637 820 dei
655 759 817 843 apostolum
835 780 870 821 ac
888 759 1083 843 legislatorem
1100 782 1184 839 csse,
1209 784 1225 825 a
1243 784 1298 846 quo

147 861 199 924 lex
214 859 276 945 ipsa
290 872 433 945 vetusque
448 871 492 924 est
506 871 711 924 testamcutum
725 882 810 924 omne
825 862 999 940 derivatum,
1018 863 1064 926 cui
1076 885 1183 926 novum
1200 864 1297 942 etiam,

147 954 451 1047 adeoquuurrnmqna
477 974 682 1027 testamentum
706 963 793 1027 tribui
818 974 968 1048 oporteat,
1001 966 1075 1048 quod
1099 965 1249 1029 mulierem
1269 978 1300 1029 ut

148 1066 229 1144 olim,
253 1066 294 1128 ita
310 1076 340 1128 et
353 1088 441 1144 nuno,
464 1066 501 1128 ob
516 1066 590 1151 pium
605 1079 691 1151 atque
706 1066 886 1150 aequabilem
906 1068 1136 1131 moderationem
1152 1069 1216 1131 viro
1231 1069 1300 1132 sub-

147 1168 236 1231 ditam
260 1189 327 1231 esse
350 1169 517 1254 praecipiat.

233 1268 430 1335 sclatxv1
452 1282 482 1333 et
499 1268 620 1334 XXIV.
655 1268 702 1334 Ile
723 1271 941 1334 resurrectione
964 1282 1160 1336 mortuorum:
1195 1278 1298 1336 Nouem
1313 1289 1450 1346 amaran

146 1387 237 1436 cratem
252 1376 433 1458 uodaisncio,
455 1377 580 1455 fratres,
605 1377 793 1454 euangelium,
819 1378 894 1456 priori
902 1379 1069 1455 praedicavi
1081 1377 1168 1439 codri.
1211 1374 1297 1456 ltem,

147 1482 185 1540 Si
199 1482 398 1539 Cimitusnon
413 1481 588 1550 resumeret,
623 1481 714 1538 inumb
731 1489 784 1538 etc.
833 1481 882 1539 Sic
896 1482 1106 1558 praedicamus,
1139 1491 1168 1539 ct
1181 1484 1223 1540 sr'c
1240 1491 1300 1540 cre-

146 1584 276 1642 didistis:
310 1585 444 1659 Quoniuru
463 1583 592 1642 curtatus
610 1592 736 1640 ruortuus
750 1592 836 1641 estet
851 1585 992 1660 sepultus,
1025 1594 1053 1642 et
1066 1587 1230 1644 resurrexit
1243 1595 1299 1644 ter-

148 1689 187 1744 tr'u
207 1688 262 1744 dcc.
311 1687 379 1744 Cum
401 1695 492 1744 cutem
515 1686 633 1744 mortale
656 1686 708 1743 doc
730 1687 855 1744 abduerit
875 1688 1127 1759 cinrnortclitutem,
1164 1698 1229 1747 tunc
1243 1689 1302 1766 fiet

145 1809 254 1859 sumo,
279 1791 331 1867 qui
348 1792 472 1867 scriptus
493 1798 552 1847 est:
575 1787 720 1865 Adsorptc
742 1798 786 1846 cst
804 1808 879 1846 mors
900 1792 929 1846 iu
953 1792 1081 1848 victorii.

231 1887 332 1951 Relut.
350 1885 427 1952 XVl
443 1900 473 1950 et
489 1885 610 1951 XXIV.
645 1892 749 1948 Notium
764 1900 855 1948 cutem
870 1889 946 1948 codt's
956 1891 1051 1968 sucro,
1073 1893 1192 1970 fratrer,
1217 1913 1299 1952 cuun-

143 1996 266 2073 gclium,
291 1995 366 2071 quod
378 1994 545 2071 praedicunt
558 1992 644 2051 uolut.
691 1986 726 2054 si
743 1989 896 2073 aliquando
914 1992 1108 2073 praedicavit,
1133 2003 1163 2054 ct
1178 1993 1300 2077 idipsum

146 2106 245 2157 notum
264 2095 344 2170 lacit,
370 2093 478 2155 nullum
496 2092 610 2155 aliunde
626 2091 788 2154 derivatum
805 2093 988 2176 evangelium
1007 2105 1063 2172 cst,
1087 2094 1181 2157 aliave
1200 2096 1299 2177 cogni-

146 2197 187 2260 tio
209 2207 327 2282 practer
343 2217 430 2258 unam
450 2196 545 2275 illam,
579 2216 724 2278 unumque
740 2195 826 2272 illud,
858 2198 934 2279 quod
951 2196 980 2258 in
999 2207 1122 2280 quatuor
1137 2199 1299 2280 evangeliis

145 2310 176 2363 et
198 2298 337 2384 apostolis
361 2297 496 2361 omnibus
523 2298 637 2360 unicum
661 2307 717 2359 cst.
768 2295 817 2360 Ex
840 2320 896 2381 quo
920 2296 1035 2361 Marcio
1059 2300 1218 2378 relellitur‚
1251 2301 1298 2385 qui

128 2413 226 2479 „tanto
248 2402 402 2466 intervallo
427 2399 585 2486 prodierit3
618 2400 753 2463 nimirum
778 2412 843 2485 post
867 2402 984 2463 Aniceti
1007 2400 1133 2465 Romani
1156 2403 1299 2487 pontificis

147 2516 278 2590 tempus,
312 2503 360 2588 qui
384 2505 419 2566 ab
438 2503 636 2588 apostolorum
657 2491 737 2566 Petri
760 2524 794 2565 ac
813 2499 895 2566 Pauli
920 2504 1057 2587 passione
1080 2527 1172 2568 nonus
1198 2500 1299 2569 ordine

146 2619 327 2671 numeratur.
374 2603 521 2687 Quocirca
546 2617 576 2669 ut
599 2626 652 2669 nos
675 2606 751 2669 idem
769 2607 968 2691 praemuniret
987 2608 1152 2691 apostolus,
1184 2608 1295 2671 aicbat:

144 2715 350 2783 duumuirum,
383 2723 435 2771 cart
448 2714 567 2789 augelus
584 2713 823 2788 euuangelizcocrit
840 2712 914 2769 rodis
928 2722 1044 2789 praeter
1061 2733 1142 2790 punm
1160 2716 1235 2792 quod
1251 2735 1298 2772 cc·
1313 2729 1365 2772 Gar.
1380 2730 1398 2784 r,
1412 2730 1431 2772 u.

145 2819 272 2894 ceprbtr's,
297 2817 444 2875 anathema
461 2818 508 2873 sit.
556 2810 656 2875 Sancti
673 2813 777 2896 quippe
795 2811 915 2896 spiritus
933 2813 1070 2874 instinctu
1088 2824 1211 2877 noverat
1227 2836 1298 2877 veu-

145 2928 240 2979 tnrum
265 2915 419 2998 aliquando
448 2937 513 2977 cum
538 2914 686 2998 discipulis
708 2911 907 2991 Marcionem,
941 2915 988 2998 qui
1016 2917 1135 3000 egregie
1159 2917 1297 2980 munitam

144 3019 221 3082 viam
248 3017 413 3082 niterentur
436 3029 617 3104 pervortcre.
665 3014 766 3099 Quare
789 3039 846 3079 uon
872 3018 975 3080 iterum
1000 3019 1090 3081 dixit:
1123 3025 1298 3099 Evangelizc

144 3123 236 3195 voirs,
271 3123 339 3199 scd,
374 3125 477 3182 Notum
501 3122 674 3202 cahisneio
695 3124 884 3199 euangelium,
919 3143 976 3182 nou
999 3121 1074 3184 aliud
1094 3123 1129 3185 ab
1148 3144 1182 3185 eo
1201 3124 1297 3204 utique

144 3225 291 3308 quodiam
309 3225 474 3309 praedicari
492 3223 624 3286 vobisne
642 3223 738 3285 denuo
752 3221 836 3285 vobis
852 3225 881 3284 in
898 3224 1066 3286 memoriam
1083 3246 1203 3288 revoco.
1238 3229 1297 3286 Νο-

146 3340 203 3388 tum
228 3329 304 3388 uolr's
319 3331 401 3409 succis
425 3350 543 3408 quonum
566 3333 677 3397 rotrone
700 3329 949 3404 euangeltbuocrim
976 3328 1068 3400 crudus,
1102 3334 1131 3387 ci
1151 3333 1295 3402 scultetum

143 3433 413 3512 arm'fortesrustra
426 3434 594 3492 credidistis.
634 3425 702 3491 Nisi
719 3427 795 3490 onim
810 3429 942 3490 retinetis
959 3430 1196 3512 quemadmodum
1214 3452 1297 3514 prae-

144 3533 239 3596 dicavi
256 3532 357 3611 vobis,
382 3533 446 3596 siue
464 3533 512 3596 illo
529 3534 636 3595 trustra
655 3529 829 3593 credidistis.
877 3529 940 3592 lloc
958 3533 1034 3593 enim
1052 3533 1182 3595 nuntiavi
1200 3533 1296 3613 vobis,

144 3632 294 3699 Christum
318 3657 369 3719 pro
392 3635 518 3721 peccatis
542 3635 652 3697 nostris
674 3633 832 3698 secundnm
856 3633 1016 3718 scripturas
1034 3635 1142 3699 obiisse
1161 3648 1295 3716 mortem,

143 3760 179 3802 ac
193 3739 352 3803 secundum
372 3739 488 3802 easdem
507 3736 593 3801 tertia
606 3725 656 3801 'uie
673 3738 891 3814 resurrexisse,
918 3759 975 3800 non
995 3739 1154 3802 secundum
1170 3740 1296 3804 fabulam

144 3842 289 3926 aliquam,
314 3842 360 3905 rel
379 3862 478 3905 eorum
499 3841 660 3904 doctrinam
676 3842 725 3925 qui
741 3861 780 3903 ex
797 3859 863 3902 sese
880 3861 953 3922 quac
971 3841 1088 3904 minime
1104 3843 1212 3926 scripta
1230 3854 1298 3906 sunt

143 3946 304 4031 proiercnt.
344 3943 462 4008 Etenim
479 3941 577 4008 ludaei
595 3966 635 4008 cx
650 3965 717 4008 sese
732 3941 881 4008 Christum
895 3945 1064 4008 surrexisse
1078 3957 1197 4028 negant,
1213 3944 1295 4010 lilar-

143 4048 190 4111 cio
206 4069 240 4111 ac
257 4048 349 4110 ceteri
367 4047 486 4132 perinde
503 4068 627 4110 essese
644 4047 844 4130 specietenus
862 4067 929 4109 csse
945 4069 1075 4132 passum,
1100 4071 1133 4111 ao
1151 4050 1294 4134 sepultum

142 4150 322 4236 praedicant.
360 4148 423 4233 Ego
440 4171 512 4213 vero
528 4171 568 4213 ex
581 4151 789 4235 scripturarum
806 4171 860 4212 vos
875 4149 1048 4213 auctoritate
1066 4151 1217 4215 confirmo.
1249 4153 1295 4216 Ac

143 4252 265 4318 subinde
282 4251 401 4316 scribit:
426 4257 462 4313 Si
473 4257 686 4334 praedicamus,
710 4259 794 4315 etsie
813 4258 989 4315 credidistis:
1016 4258 1150 4332 Quantum
1165 4259 1294 4318 Cirr'stus

144 4369 270 4418 mortuus
288 4368 333 4417 est
348 4368 377 4417 et
392 4358 532 4436 sepultus,
568 4369 596 4417 et
611 4362 772 4419 resurrecti
786 4362 870 4418 tertia
887 4361 940 4418 dre.
988 4354 1028 4419 Et
1045 4358 1130 4441 paulo
1147 4371 1229 4442 post:
1262 4365 1298 4422 Si

141 4526 216 4560 nnsrn
239 4521 264 4560 et
287 4509 350 4560 illud
369 4510 395 4560 in
419 4526 468 4578 quo
490 4478 640 4578 colloqidmr
656 4529 700 4580 por
766 4507 809 4564 64.
830 4509 953 4566 retulerat
972 4515 1030 4578 edit.
1046 4516 1121 4574 prr'ac.
1156 4516 1242 4566 Vitium
1265 4530 1294 4566 ec

141 4588 249 4648 qnetnor
265 4577 392 4645 evangelia
409 4588 435 4630 et
450 4578 585 4646 apostolos.
732 4583 783 4635 cod
799 4583 872 4633 Vctic.
889 4584 981 4634 sustulit
997 4585 1114 4635 Petcuius.
