3046 5084
255 371 295 431 64
673 378 793 429 8ΛΝΟΤΙ
811 378 979 430 ΕΡΙΡΗΑΝΠ

255 502 315 561 τῶν
331 490 571 575 κατοιινησοίντων
588 489 621 556 τό
649 493 723 581 πρίν
745 491 950 578 ιῑέγιιοίθετον
972 491 1135 578 διαγωγὴν,
1164 500 1229 570 πῶς
1253 490 1400 576 ηδιίναντο

256 595 416 678 οίποστῆναι
431 593 486 676 την
500 601 560 658 τῶν
574 597 691 678 θηρίων
705 591 841 680 οίρπαγήν
858 620 888 659 τε
904 596 955 659 καί
970 598 1045 676 βίαν.
1088 590 1122 658 ‘0
1147 596 1178 658 δέ
1195 593 1330 678 βασιλεός
1351 621 1402 678 με·

255 696 472 779 ταστειλοίμενος
495 693 565 770 τούς
589 697 804 781 πρεσβυτέρους
828 696 914 778 ἤρετο
943 695 996 778 τήν
1021 693 1121 771 αὐτοῖς
1141 699 1300 781 γενομένην
1323 694 1400 784 είγω·

255 799 310 887 γην
325 807 378 882 τῆς
393 802 424 865 έν
440 805 476 886 τῇ
490 794 618 884 Ἰουδαίᾳ
635 800 795 876 καθέξεως,
817 806 881 873 πῶς
893 822 924 861 τε
941 794 1136 862 διελάνθανον
1152 796 1204 862 τόν
1218 807 1276 864 τῶν
1285 804 1403 883 θηρίων

255 898 398 986 όρπαγην,
414 892 558 980 τοσαύτης
572 903 765 982 θηριοβολίας
778 900 830 962 καί
843 898 938 980 λύμης
952 897 1026 962 κατοί
1041 898 1094 980 την
1109 906 1165 985 γῆν
1180 902 1294 982 ἐκείνην
1307 896 1402 985 ὕπαρ·

255 1003 371 1087 χοόσης.
418 1004 458 1065 Oi
473 1002 504 1065 δέ
523 998 576 1082 την
598 1007 652 1064 τοῦ
669 1006 745 1063 θεοῦ
767 1004 947 1082 νομοθεσίαν
969 997 1049 1088 αὐτῷ
1069 1003 1232 1079 ἐδείκνυον,
1261 1003 1312 1065 καί
1329 1001 1402 1083 μετοί

257 1101 401 1177 συνέσεως
423 1099 502 1187 αὐτῷ
522 1098 727 1164 ιίπεκοίλυπτον
749 1107 801 1181 τῆς
818 1099 939 1184 εὐλόγου
956 1099 1075 1184 γνῶμης
1096 1099 1131 1165 τοί
1149 1106 1279 1184 καθεξῆς
1300 1101 1403 1184 ημή·

255 1229 363 1280 σαντες.
407 1199 465 1285 Mu}
482 1199 629 1267 δύνασθαι
652 1198 708 1285 γόρ
726 1203 817 1266 ίκεῖσε
834 1204 924 1277 ἔθνος
942 1204 1135 1283 καθέζεσθαι,
1158 1206 1185 1267 εί
1197 1205 1240 1286 μή
1255 1230 1284 1267 τι
1298 1201 1335 1268 ι’ίν
1350 1203 1403 1268 τόν

255 1306 349 1390 νόμον
364 1310 419 1371 τοῦ
439 1309 515 1367 θεοῦ
529 1308 583 1367 τοῦ
598 1301 727 1386 οὐρανοῦ
743 1301 796 1367 τόν
815 1302 863 1367 διοί
877 1305 1033 1379 Μωϋσέως
1054 1307 1181 1368 δοθέντα
1203 1307 1402 1370 έπιτελὲσαιεν.

256 1405 345 1472 Είναι
363 1403 420 1492 γοίρ
436 1402 488 1470 τόν
501 1400 575 1469 θεόν
594 1403 645 1468 τόν
666 1401 895 1489 όπερασπίζοντα
910 1413 962 1487 τῆς
976 1412 1044 1489 γῆς,
1067 1403 1107 1488 μή
1123 1405 1283 1488 βούλεσθαι
1299 1407 1331 1472 δέ
1345 1433 1400 1471 πα-

257 1507 395 1596 ραβοίσεις
416 1507 448 1573 έν
465 1502 541 1594 αὐτῇ
560 1503 629 1591 παρ’
645 1508 742 1571 έθνῶν
757 1504 928 1585 α’λλοφόλων
950 1512 1084 1591 γίνεσθαι
1099 1511 1330 1591 είδωλολατρείας
1351 1513 1403 1574 καί

257 1616 317 1679 τῶν
335 1607 438 1675 ίίλλων.
480 1604 514 1672 ‘0
536 1607 569 1670 δέ
590 1605 796 1689 ἐπιμελόμενος
817 1609 867 1671 καί
887 1606 1065 1690 πειθόμενος
1080 1618 1115 1698 τῇ
1134 1617 1193 1673 τῶν
1210 1607 1401 1688 οίναδιδαξόν·

261 1739 320 1778 τιον
337 1707 518 1801 οίληθεστοίηη
536 1709 674 1796 έρμηνείμ
692 1706 871 1793 α’ντίγροφον
888 1718 941 1774 τοῦ
959 1709 1054 1792 νόμου
1069 1709 1179 1799 ᾔτησεν.
1205 1715 1246 1774 Οί
1259 1712 1291 1776 δέ
1302 1709 1402 1791 οίφθό-

139 1855 191 1899 μς.
204 1841 238 1884 τι
263 1839 323 1890 νως
337 1809 505 1887 ,δεδωκότες
526 1808 597 1894 μετοί
618 1812 669 1874 καί
686 1817 741 1874 τοῦ
758 1809 852 1893 νόμου
868 1809 999 1895 Ἕσδραν
1020 1810 1085 1877 τινοί
1102 1814 1179 1897 ίερέα
1198 1811 1404 1881 ἀποστέλλουσι

259 1911 418 1996 παιδευτὴν
426 1920 480 1979 τοῦ
488 1911 582 1995 νόμου
593 1909 652 1977 α’ττό
663 1916 848 1995 Βαβυλῶνος,
862 1913 937 1997 πρός
951 1912 983 1978 τό
995 1918 1151 1979 παιδεῦσαι
1163 1913 1234 1991 τοός
1250 1918 1281 1980 έν
1297 1924 1333 2005 τῇ
1344 1924 1405 1981 Σα-

259 2021 365 2105 μαρείᾳ
383 2016 584 2089 καθεσθέντος
597 2011 777 2100 Ἀσσυρίους,
801 2013 871 2091 τούς
885 2017 1164 2097 προδεδηλωμένοος
1183 2025 1192 2060 ¹
1204 2026 1216 2064 ³
1230 2023 1405 2095 Χονθαίους

258 2122 309 2186 καί
330 2118 450 2195 ι’ίλλους,
471 2114 522 2181 τόν
536 2119 628 2198 νόμον
642 2115 693 2181 τόν
708 2119 872 2193 Μωϋσίως.
917 2122 1034 2180 Γίνεται
1056 2118 1087 2181 δὲ
1109 2125 1194 2183 τοῦτο
1215 2121 1247 2185 ἐν
1269 2126 1309 2208 τῷ
1324 2124 1403 2206 ’τρια-

260 2228 356 2310 κοστῷ
375 2223 431 2286 ίτει
447 2223 534 2284 πλείω
556 2218 577 2302 ἢ
599 2217 708 2284 ίλόσσω
724 2227 777 2299 τῆς
791 2226 844 2284 τοῦ
858 2216 975 2301 Ἰσραὴλ
993 2221 1042 2283 καί
1055 2215 1246 2303 Ἰερουσαλὴμ
1263 2223 1405 2304 αίγμαλω-

259 2327 332 2398 σίας.
373 2319 527 2386 Ἐπαίδενε
546 2325 647 2387 τοίνυν
659 2318 790 2404 Ἔσδρας
810 2321 862 2383 καί
882 2323 913 2384 οί
928 2318 986 2402 μετ’
1004 2318 1097 2385 οὗτοι)
1115 2319 1149 2386 τό
1166 2324 1249 2407 γένος
1265 2323 1298 2388 τό
1314 2326 1347 2389 έν
1365 2337 1402 2415 τῇ

259 2429 428 2513 Σαμαρείᾳ,
449 2425 500 2488 καί
514 2422 681 2506 ἐκλήθησαν
696 2428 893 2503 Σαμαρεῖται,
924 2425 955 2486 οἱ
969 2421 1021 2487 τόν
1037 2421 1130 2505 νόμον
1151 2422 1201 2489 διοί
1221 2431 1274 2490 τοῦ
1292 2423 1404 2513 Ἕσδρα

258 2536 311 2595 τοῦ
335 2524 393 2592 όπό
421 2532 598 2611 Βαβυλῶνος
621 2522 745 2605 ἥκοντος
769 2520 979 2604 διαδεξόμενοι.
1022 2532 1135 2609 Διήλθε
1154 2527 1187 2591 δέ
1205 2525 1311 2612 χρόνος
1331 2530 1405 2595 ἐτῶν

258 2628 472 2714 τεσσαράκοντα
488 2624 596 2704 ίίλλων,
624 2626 676 2689 καί
689 2621 710 2707 η’
724 2626 900 2706 αίχμαλωσία
922 2622 1044 2710 α’νείθη,
1074 2630 1126 2693 καὶ
1146 2626 1275 2713 οίνῆλθεν
1287 2627 1405 2715 Ἰσραὴλ

259 2729 319 2796 οίπό
339 2737 392 2811 τῆς
413 2731 600 2808 Βαβυλῶνος.

155 2869 164 2879 ·
236 2883 241 2896 .
342 2828 464 2909 ’Mota
492 2828 525 2891 δέ
548 2826 724 2910 θαυμάζειν,
756 2835 820 2903 πῶς
843 2832 1009 2913 συμβέβηκε
1034 2829 1070 2894 τοί
1097 2833 1222 2918 τέσσαρα
1251 2836 1325 2918 δθνη
1354 2836 1405 2900 καλ

261 2933 401 3016 τέσσαρας
420 2931 545 3014 αίρέσεις
567 2932 600 2995 ἒν
622 2927 700 3018 αὐτῷ
722 2937 763 3018 τῷ
782 2933 862 2996 έθνει
879 2933 1033 3016 γενέσθαι,
1056 2935 1134 3015 φημί
1150 2935 1182 3001 δέ
1198 2943 1317 3022 πρῶτον
1342 2933 1404 3001 ’Ec-

261 3039 374 3116 σηκῶν,
403 3030 537 3117 δεύτερον
571 3039 773 3118 ιΓορθηνῶν,
801 3036 899 3117 τρίτον
927 3038 1117 3116 Σεβουαίων,
1154 3038 1290 3125 τίταρτον
1318 3047 1406 3105 Δοσι·

259 3137 350 3201 θέων.
392 3131 548 3200 Ἐντεῦθεν
573 3132 647 3218 οίρχή
671 3159 720 3216 μοι
746 3139 852 3220 γίνεται
876 3142 929 3218 τῆς
955 3143 1009 3201 τοῦ
1032 3139 1246 3223 έπαγγίλματος
1263 3137 1338 3206 κατοί
1362 3143 1406 3205 αί-

262 3240 370 3325 ρέσεωυ
381 3245 591 3322 πραγματείας,
610 3238 661 3300 καί
677 3234 709 3301 τό
727 3239 836 3317 αἴτιον,
857 3235 940 3314 ὅπως
958 3239 1156 3323 Ξδιασαφήσω
1176 3243 1208 3307 ἐν
1222 3245 1326 3328 βραχεῖ
1337 3243 1404 3327 ἐρῶ.

266 3346 302 3406 Τί
324 3342 357 3405 δέ
375 3342 454 3405 έστιν
479 3337 545 3404 ίίλλο
566 3336 588 3421 οἲ
611 3337 656 3403 ότι
677 3335 736 3404 οίπό
752 3346 805 3421 τῆς
820 3347 879 3404 τῶν
898 3348 1037 3426 γλωσσῶν
1053 3340 1228 3427 πολυφόρου
1244 3339 1404 3422 οίλλοιοφοο-

261 3447 327 3518 νίας
341 3443 432 3522 φυλαί
450 3440 598 3525 γεγόνασι,
620 3439 695 3505 κατιί
711 3442 744 3507 δὲ
760 3440 884 3524 ἕκιίστην
897 3441 994 3526 φυλήν
1011 3468 1040 3508 τε
1057 3446 1109 3509 καί
1122 3447 1312 3530 πατριαργίαν
1328 3446 1403 3527 ἔθνη

262 3543 392 3629 διάφορα
412 3545 555 3629 προέστης
590 3551 658 3609 Πᾶν
678 3545 711 3609 δὲ
730 3546 820 3620 ίθνος
835 3547 928 3632 ἑαυτῷ
952 3545 1150 3629 προεστήσατο
1165 3547 1284 3631 βασιλέα
1300 3548 1342 3624 είς
1356 3571 1403 3612 κε-

263 3646 368 3727 φαλήν,
411 3649 587 3730 Συμβέβηκε
610 3649 641 3713 δὲ
665 3645 724 3713 α’πό
747 3646 856 3712 τούτου
883 3644 1011 3729 πόλεμον
1035 3645 1110 3715 είναι
1130 3651 1181 3715 καί
1200 3650 1333 3715 ἔνστασιν
1353 3650 1405 3716 καί

265 3747 474 3832 σομτιληγοίδας
498 3753 597 3816 έθνῶν
622 3753 654 3816 έν
679 3753 779 3815 ἔθνεσι
802 3750 1061 3834 συρρίηγνυμίνων,
1089 3751 1213 3819 ἑκάστου
1232 3754 1406 3836 βιαζομίνου

263 3847 297 3915 τό
316 3854 393 3915 ίδιον
405 3854 519 3935 θέλημα
534 3859 752 3938 προτιμᾶσθαι,
774 3854 816 3927 είς
831 3848 937 3917 ἑαυτόν
952 3851 984 3916 δέ
1007 3849 1043 3917 τό
1065 3860 1126 3919 τῶν
1150 3856 1240 3932 πέλας
1260 3851 1405 3943 οίιτοφέρε·

263 3963 350 4033 σθαι,
372 3953 421 4020 διοί
437 3953 491 4038 την
507 3957 539 4020 έν
553 3962 594 4042 τῷ
611 3958 666 4043 βίῳ
681 3956 711 4018 έν
729 3950 797 4037 ἡμῖν
812 3961 903 4019 πᾶσιν
924 3951 1083 4041 οίκόρεστον
1097 3963 1274 4037 πλεονεξίαν.
1320 3958 1406 4025 Οὕτω

262 4057 314 4123 καί
329 4059 361 4123 έν
374 4055 469 4144 τοιίτρι
486 4063 527 4144 τῷ
544 4063 638 4144 καιρῷ
658 4063 699 4144 τῷ
715 4057 974 4147 προδεδηλωμίνμ,
996 4059 1214 4144 μεταπεσούσης
1222 4067 1277 4127 τοῦ
1288 4057 1406 4143 Ἰσραὴλ

261 4166 315 4243 τῆς
335 4166 405 4242 μιᾶς
426 4162 587 4242 θρησκείας
610 4159 660 4224 καί
683 4165 737 4242 τῆς
757 4155 833 4223 κατοί
852 4156 905 4223 τόν
917 4156 1013 4240 νόμον
1029 4169 1147 4247 γραφῆς
1168 4165 1211 4239 είς
1227 4164 1311 4245 Suo&
1322 4160 1404 4244 γένη,

299 4383 378 4442 11.‚‚
387 4380 589 4432 -admirantes
612 4382 643 4433 de
672 4400 756 4434 eorum
777 4382 817 4449 qui
885 4383 925 4435 12
949 4400 1079 4451 φησουτες
1104 4387 1212 4446 maipa
1233 4397 1263 4434 τι
1291 4386 1406 4437 mm.

264 4449 353 4519 μείονι
345 4421 471 4500 ἱόίιοίιίεον
473 4450 625 4500 erantfinna
639 4449 697 4500 sede
713 4469 771 4501 εον
756 4452 816 4511 vita,
849 4454 947 4503 Ριίσυδί.
974 4457 1039 4504 Libri
1055 4456 1125 4516 υειίρσ
1140 4454 1225 4502 ham
1234 4446 1380 4519 φη’.σασθςα

263 4518 534 4639 ημγηῖοέοηηηγρίεμμῶοε
546 4517 685 4570 ιοεείοετε“
699 4524 748 4571 οτίλ.
762 4534 816 4569 σοπ-
885 4518 925 4572 ίδ.
941 4518 1070 4580 Χυὲαίυις
1085 4468 1140 4571 aa·
1154 4467 1273 4625 Ρείονόη
