<?xml version="1.0" encoding="UTF-8"?>
<!DOCTYPE html PUBLIC "-//W3C//DTD XHTML 1.0 Transitional//EN"
    "http://www.w3.org/TR/xhtml1/DTD/xhtml1-transitional.dtd">
<html xmlns="http://www.w3.org/1999/xhtml" xml:lang="en" lang="en">
 <head>
  <title>
</title>
<meta http-equiv="Content-Type" content="text/html;charset=utf-8" />
  <meta name='ocr-system' content='tesseract 3.04.00' />
  <meta name='ocr-capabilities' content='ocr_page ocr_carea ocr_par ocr_line ocrx_word'/>
</head>
<body>
  <div class='ocr_page' id='page_1' title='image "./corporishaerese01unkngoog_0437.png"; bbox 0 0 3046 5084; ppageno 0'>
   <div class='ocr_carea' id='block_1_1' title="bbox 190 327 1360 742">
    <p class='ocr_par' dir='ltr' id='par_1_1' title="bbox 190 327 918 389">
     <span class='ocr_line' id='line_1_1' title="bbox 190 327 918 389; baseline -0.003 -2"><span class='ocrx_word' id='word_1_1' title='bbox 190 327 251 389; x_wconf 78' lang='lat'><em>432</em></span> <span class='ocrx_word' id='word_1_2' title='bbox 607 335 724 385; x_wconf 74' lang='grc' dir='ltr'><em>οεοοτι</em></span> <span class='ocrx_word' id='word_1_3' title='bbox 751 336 918 385; x_wconf 77' lang='grc' dir='ltr'><em>εειειιιιιιι</em></span> 
     </span>
    </p>

    <p class='ocr_par' dir='ltr' id='par_1_2' title="bbox 190 449 1360 742">
     <span class='ocr_line' id='line_1_2' title="bbox 190 449 1360 542; baseline 0.002 -25"><span class='ocrx_word' id='word_1_4' title='bbox 190 459 244 542; x_wconf 70' lang='grc' dir='ltr'><em>ιλχγ,</em></span> <span class='ocrx_word' id='word_1_5' title='bbox 273 461 308 542; x_wconf 71' lang='grc' dir='ltr'><em>τῇ</em></span> <span class='ocrx_word' id='word_1_6' title='bbox 324 454 496 539; x_wconf 76' lang='grc' dir='ltr'>νομιζομένῃ</span> <span class='ocrx_word' id='word_1_7' title='bbox 515 449 694 537; x_wconf 80' lang='grc' dir='ltr'><em>εὐχαριστίᾳ,</em></span> <span class='ocrx_word' id='word_1_8' title='bbox 727 449 958 532; x_wconf 72' lang='grc' dir='ltr'><strong><em>μεταβάλλεσθαι</em></strong></span> <span class='ocrx_word' id='word_1_9' title='bbox 976 449 1070 528; x_wconf 84' lang='grc' dir='ltr'><em>εὐθύς</em></span> <span class='ocrx_word' id='word_1_10' title='bbox 1090 451 1124 518; x_wconf 86' lang='grc' dir='ltr'><em>τό</em></span> <span class='ocrx_word' id='word_1_11' title='bbox 1142 453 1200 535; x_wconf 82' lang='grc' dir='ltr'><em>μέν</em></span> <span class='ocrx_word' id='word_1_12' title='bbox 1217 452 1360 539; x_wconf 82' lang='grc' dir='ltr'><em>ἐρυθρόν</em></span> 
     </span>
     <span class='ocr_line' id='line_1_3' title="bbox 191 551 1359 640; baseline 0.001 -20"><span class='ocrx_word' id='word_1_13' title='bbox 191 553 333 637; x_wconf 70' lang='grc' dir='ltr'><em>ω’ςαίμα,</em></span> <span class='ocrx_word' id='word_1_14' title='bbox 355 553 387 618; x_wconf 86' lang='grc' dir='ltr'><em>τό</em></span> <span class='ocrx_word' id='word_1_15' title='bbox 406 552 639 639; x_wconf 77' lang='grc' dir='ltr'><em>ὂέπορφύρεον,</em></span> <span class='ocrx_word' id='word_1_16' title='bbox 668 551 700 617; x_wconf 85' lang='grc' dir='ltr'><em>τό</em></span> <span class='ocrx_word' id='word_1_17' title='bbox 719 553 750 616; x_wconf 77' lang='grc' dir='ltr'><em>δὲ</em></span> <span class='ocrx_word' id='word_1_18' title='bbox 765 552 900 618; x_wconf 88' lang='grc' dir='ltr'><em>κυάνεον.</em></span> <span class='ocrx_word' id='word_1_19' title='bbox 941 551 1014 639; x_wconf 82' lang='grc' dir='ltr'><em>Ἐγιύ</em></span> <span class='ocrx_word' id='word_1_20' title='bbox 1032 561 1148 635; x_wconf 91' lang='grc' dir='ltr'><em>τοίνυν,</em></span> <span class='ocrx_word' id='word_1_21' title='bbox 1177 558 1232 621; x_wconf 81' lang='grc' dir='ltr'><em>ῖνιι</em></span> <span class='ocrx_word' id='word_1_22' title='bbox 1249 555 1296 640; x_wconf 58' lang='grc' dir='ltr'><em>με)</em></span> <span class='ocrx_word' id='word_1_23' title='bbox 1314 560 1359 633; x_wconf 87' lang='grc' dir='ltr'><em>είς</em></span> 
     </span>
     <span class='ocr_line' id='line_1_4' title="bbox 190 654 1357 742; baseline 0.002 -20"><span class='ocrx_word' id='word_1_24' title='bbox 190 658 324 739; x_wconf 77' lang='grc' dir='ltr'><em>δεύτερον</em></span> <span class='ocrx_word' id='word_1_25' title='bbox 340 655 471 739; x_wconf 88' lang='grc' dir='ltr'><em>κάματον</em></span> <span class='ocrx_word' id='word_1_26' title='bbox 489 654 594 721; x_wconf 79' lang='grc' dir='ltr'><em>ἑαυτόν</em></span> <span class='ocrx_word' id='word_1_27' title='bbox 614 659 721 733; x_wconf 79' lang='grc' dir='ltr'><em>ἐπιδῶ,</em></span> <span class='ocrx_word' id='word_1_28' title='bbox 751 654 933 738; x_wconf 78' lang='grc' dir='ltr'><em>άρκεσθῖγναι</em></span> <span class='ocrx_word' id='word_1_29' title='bbox 952 660 1013 721; x_wconf 83' lang='grc' dir='ltr'><em>δεῖν</em></span> <span class='ocrx_word' id='word_1_30' title='bbox 1030 655 1189 742; x_wconf 77' lang='grc' dir='ltr'><em>ἡγησάμην</em></span> <span class='ocrx_word' id='word_1_31' title='bbox 1206 668 1275 735; x_wconf 89' lang='grc' dir='ltr'><em>τοῖς</em></span> <span class='ocrx_word' id='word_1_32' title='bbox 1294 656 1357 725; x_wconf 83' lang='grc' dir='ltr'><em>άπά</em></span> 
     </span>
    </p>
   </div>
   <div class='ocr_carea' id='block_1_2' title="bbox 189 756 1358 1155">
    <p class='ocr_par' dir='ltr' id='par_1_3' title="bbox 189 756 1358 1155">
     <span class='ocr_line' id='line_1_5' title="bbox 190 756 1357 846; baseline 0.003 -23"><span class='ocrx_word' id='word_1_33' title='bbox 190 767 242 823; x_wconf 87' lang='grc' dir='ltr'><em>τοῦ</em></span> <span class='ocrx_word' id='word_1_34' title='bbox 262 758 486 843; x_wconf 87' lang='grc' dir='ltr'><em>μακαριωτάτου</em></span> <span class='ocrx_word' id='word_1_35' title='bbox 509 760 559 822; x_wconf 80' lang='grc' dir='ltr'><em>καὶ</em></span> <span class='ocrx_word' id='word_1_36' title='bbox 577 756 741 844; x_wconf 88' lang='grc' dir='ltr'><em>άγιωτάτου</em></span> <span class='ocrx_word' id='word_1_37' title='bbox 759 761 923 841; x_wconf 84' lang='grc' dir='ltr'><em>Είρηναίου</em></span> <span class='ocrx_word' id='word_1_38' title='bbox 944 756 1007 823; x_wconf 83' lang='grc' dir='ltr'><em>κατ’</em></span> <span class='ocrx_word' id='word_1_39' title='bbox 1023 757 1115 824; x_wconf 85' lang='grc' dir='ltr'><em>αὐτοῦ</em></span> <span class='ocrx_word' id='word_1_40' title='bbox 1138 768 1193 825; x_wconf 87' lang='grc' dir='ltr'><em>τοῦ</em></span> <span class='ocrx_word' id='word_1_41' title='bbox 1212 760 1357 846; x_wconf 82' lang='grc' dir='ltr'><em>Μάρκον</em></span> 
     </span>
     <span class='ocr_line' id='line_1_6' title="bbox 189 859 1358 950; baseline 0.003 -24"><span class='ocrx_word' id='word_1_42' title='bbox 189 864 239 927; x_wconf 85' lang='grc' dir='ltr'><em>καὶ</em></span> <span class='ocrx_word' id='word_1_43' title='bbox 259 870 316 926; x_wconf 80' lang='grc' dir='ltr'><em>τῶν</em></span> <span class='ocrx_word' id='word_1_44' title='bbox 339 865 368 938; x_wconf 80' lang='grc' dir='ltr'><em>ἐξ</em></span> <span class='ocrx_word' id='word_1_45' title='bbox 387 859 478 926; x_wconf 85' lang='grc' dir='ltr'><em>αὐτοῦ</em></span> <span class='ocrx_word' id='word_1_46' title='bbox 494 859 674 945; x_wconf 76' lang='grc' dir='ltr'><em>ὁρμωμένων</em></span> <span class='ocrx_word' id='word_1_47' title='bbox 689 870 970 946; x_wconf 86' lang='grc' dir='ltr'><em>πραγματενθεῖσιν·</em></span> <span class='ocrx_word' id='word_1_48' title='bbox 1000 860 1019 924; x_wconf 85' lang='grc' dir='ltr'><em>ά</em></span> <span class='ocrx_word' id='word_1_49' title='bbox 1035 887 1100 926; x_wconf 89' lang='grc' dir='ltr'><em>τινα</em></span> <span class='ocrx_word' id='word_1_50' title='bbox 1116 864 1258 927; x_wconf 73' lang='grc' dir='ltr'><em>ἐνταῦθα</em></span> <span class='ocrx_word' id='word_1_51' title='bbox 1276 862 1358 950; x_wconf 83' lang='grc' dir='ltr'><em>πρός</em></span> 
     </span>
     <span class='ocr_line' id='line_1_7' title="bbox 191 962 1356 1051; baseline 0.003 -23"><span class='ocrx_word' id='word_1_52' title='bbox 191 968 261 1040; x_wconf 77' lang='grc' dir='ltr'><em>ἔπος</em></span> <span class='ocrx_word' id='word_1_53' title='bbox 278 966 424 1028; x_wconf 77' lang='grc' dir='ltr'><strong><em>ἐκθέσθαι</em></strong></span> <span class='ocrx_word' id='word_1_54' title='bbox 440 963 626 1039; x_wconf 73' lang='grc' dir='ltr'><em>ἐσπούδασα,</em></span> <span class='ocrx_word' id='word_1_55' title='bbox 648 966 698 1026; x_wconf 87' lang='grc' dir='ltr'><em>καλ</em></span> <span class='ocrx_word' id='word_1_56' title='bbox 717 966 775 1026; x_wconf 80' lang='grc' dir='ltr'><em>ἐστι</em></span> <span class='ocrx_word' id='word_1_57' title='bbox 794 963 869 1027; x_wconf 74' lang='grc' dir='ltr'><em>τάδε.</em></span> <span class='ocrx_word' id='word_1_58' title='bbox 917 962 1030 1028; x_wconf 91' lang='grc' dir='ltr'><em>Φάσκει</em></span> <span class='ocrx_word' id='word_1_59' title='bbox 1046 962 1099 1049; x_wconf 88' lang='grc' dir='ltr'><em>γάρ</em></span> <span class='ocrx_word' id='word_1_60' title='bbox 1117 962 1239 1041; x_wconf 56' lang='grc' dir='ltr'><em>2ιιύτύς</em></span> <span class='ocrx_word' id='word_1_61' title='bbox 1259 968 1356 1051; x_wconf 80' lang='grc' dir='ltr'><em>Είρη-</em></span> 
     </span>
     <span class='ocr_line' id='line_1_8' title="bbox 190 1063 1354 1155; baseline 0.003 -24"><span class='ocrx_word' id='word_1_62' title='bbox 190 1077 271 1143; x_wconf 90' lang='grc' dir='ltr'><em>ναῖος</em></span> <span class='ocrx_word' id='word_1_63' title='bbox 287 1063 305 1132; x_wconf 86' lang='grc' dir='ltr'><em>ό</em></span> <span class='ocrx_word' id='word_1_64' title='bbox 323 1068 406 1150; x_wconf 88' lang='grc' dir='ltr'><em>όίγιος</em></span> <span class='ocrx_word' id='word_1_65' title='bbox 425 1069 456 1131; x_wconf 82' lang='grc' dir='ltr'><em>ἐν</em></span> <span class='ocrx_word' id='word_1_66' title='bbox 473 1074 513 1155; x_wconf 80' lang='grc' dir='ltr'><em>τῷ</em></span> <span class='ocrx_word' id='word_1_67' title='bbox 530 1064 706 1147; x_wconf 71' lang='grc' dir='ltr'><em>ὑποφαίνειν</em></span> <span class='ocrx_word' id='word_1_68' title='bbox 721 1063 757 1129; x_wconf 82' lang='grc' dir='ltr'><em>τά</em></span> <span class='ocrx_word' id='word_1_69' title='bbox 774 1063 824 1130; x_wconf 82' lang='grc' dir='ltr'><em>ὐπ’</em></span> <span class='ocrx_word' id='word_1_70' title='bbox 841 1063 937 1130; x_wconf 79' lang='grc' dir='ltr'><em>αὐτῶν</em></span> <span class='ocrx_word' id='word_1_71' title='bbox 950 1063 1107 1151; x_wconf 89' lang='grc' dir='ltr'><em>λεγόμενα,</em></span> <span class='ocrx_word' id='word_1_72' title='bbox 1126 1068 1222 1153; x_wconf 88' lang='grc' dir='ltr'><em>λέγων</em></span> <span class='ocrx_word' id='word_1_73' title='bbox 1235 1066 1354 1146; x_wconf 72' lang='grc' dir='ltr'><em>οὕτως·</em></span> 
     </span>
    </p>
   </div>
   <div class='ocr_carea' id='block_1_3' title="bbox 510 1255 1018 1309">
    <p class='ocr_par' dir='ltr' id='par_1_4' title="bbox 510 1255 1018 1309">
     <span class='ocr_line' id='line_1_9' title="bbox 510 1255 1018 1309; baseline 0.004 -2"><span class='ocrx_word' id='word_1_74' title='bbox 510 1262 516 1290; x_wconf 93' lang='lat'>¹</span> <span class='ocrx_word' id='word_1_75' title='bbox 533 1255 582 1308; x_wconf 84' lang='grc' dir='ltr'><em>ΕΚ</em></span> <span class='ocrx_word' id='word_1_76' title='bbox 599 1255 670 1307; x_wconf 91' lang='grc' dir='ltr'><em>ΤΟΥ</em></span> <span class='ocrx_word' id='word_1_77' title='bbox 688 1256 795 1308; x_wconf 84' lang='grc' dir='ltr'><strong>ΑΓΙΟΥ</strong></span> <span class='ocrx_word' id='word_1_78' title='bbox 813 1256 1018 1309; x_wconf 76' lang='lat' dir='ltr'><strong>EIPHNAIOY.</strong></span> 
     </span>
    </p>
   </div>
   <div class='ocr_carea' id='block_1_4' title="bbox 56 1372 1355 4507">
    <p class='ocr_par' dir='ltr' id='par_1_5' title="bbox 56 1372 1355 2695">
     <span class='ocr_line' id='line_1_10' title="bbox 56 1372 1354 1462; baseline 0.005 -27"><span class='ocrx_word' id='word_1_79' title='bbox 56 1381 121 1448; x_wconf 82' lang='grc' dir='ltr'><em>Κεφ.</em></span> <span class='ocrx_word' id='word_1_80' title='bbox 141 1375 171 1448; x_wconf 82' lang='grc' dir='ltr'><em>β’.</em></span> <span class='ocrx_word' id='word_1_81' title='bbox 279 1373 411 1457; x_wconf 81' lang='grc' dir='ltr'><em>Ποτήρια</em></span> <span class='ocrx_word' id='word_1_82' title='bbox 433 1376 503 1462; x_wconf 82' lang='grc' dir='ltr'><em>οίνφ</em></span> <span class='ocrx_word' id='word_1_83' title='bbox 527 1374 689 1456; x_wconf 77' lang='grc' dir='ltr'><em>κεκραμένα</em></span> <span class='ocrx_word' id='word_1_84' title='bbox 713 1372 969 1456; x_wconf 86' lang='grc' dir='ltr'><em>προςποιούμενος</em></span> <span class='ocrx_word' id='word_1_85' title='bbox 992 1372 1186 1459; x_wconf 88' lang='grc' dir='ltr'><em>εὐχαριστεῖν,</em></span> <span class='ocrx_word' id='word_1_86' title='bbox 1220 1379 1278 1441; x_wconf 83' lang='grc' dir='ltr'><em>καλ</em></span> <span class='ocrx_word' id='word_1_87' title='bbox 1303 1379 1354 1443; x_wconf 89' lang='grc' dir='ltr'><em>ἐπλ</em></span> 
     </span>
     <span class='ocr_line' id='line_1_11' title="bbox 192 1473 1353 1563; baseline 0.003 -22"><span class='ocrx_word' id='word_1_88' title='bbox 192 1479 279 1541; x_wconf 82' lang='grc' dir='ltr'><em>πλέον</em></span> <span class='ocrx_word' id='word_1_89' title='bbox 302 1479 435 1541; x_wconf 74' lang='grc' dir='ltr'><em>ἐκτείνων</em></span> <span class='ocrx_word' id='word_1_90' title='bbox 456 1473 507 1540; x_wconf 84' lang='grc' dir='ltr'><em>τόν</em></span> <span class='ocrx_word' id='word_1_91' title='bbox 527 1473 614 1559; x_wconf 91' lang='grc' dir='ltr'><em>λόγον</em></span> <span class='ocrx_word' id='word_1_92' title='bbox 635 1481 686 1557; x_wconf 80' lang='grc' dir='ltr'><em>της</em></span> <span class='ocrx_word' id='word_1_93' title='bbox 705 1474 882 1558; x_wconf 74' lang='grc' dir='ltr'><em>ἐπικλήσεως</em></span> <span class='ocrx_word' id='word_1_94' title='bbox 900 1476 1054 1561; x_wconf 88' lang='grc' dir='ltr'><em>πορφύρεα</em></span> <span class='ocrx_word' id='word_1_95' title='bbox 1071 1479 1122 1542; x_wconf 86' lang='grc' dir='ltr'><em>καλ</em></span> <span class='ocrx_word' id='word_1_96' title='bbox 1138 1476 1261 1563; x_wconf 80' lang='grc' dir='ltr'><em>ἐρυθρά</em></span> <span class='ocrx_word' id='word_1_97' title='bbox 1279 1476 1353 1545; x_wconf 85' lang='grc' dir='ltr'><em>άνιι-</em></span> 
     </span>
     <span class='ocr_line' id='line_1_12' title="bbox 191 1574 1355 1665; baseline 0.004 -22"><span class='ocrx_word' id='word_1_98' title='bbox 191 1585 350 1659; x_wconf 81' lang='grc' dir='ltr'><em>φαίνεσθαι</em></span> <span class='ocrx_word' id='word_1_99' title='bbox 369 1587 461 1643; x_wconf 87' lang='grc' dir='ltr'><em>ποιεῖ·</em></span> <span class='ocrx_word' id='word_1_100' title='bbox 492 1575 532 1653; x_wconf 84' lang='grc' dir='ltr'><em>ιός</em></span> <span class='ocrx_word' id='word_1_101' title='bbox 550 1581 648 1642; x_wconf 80' lang='grc' dir='ltr'><em>δοκεῖν</em></span> <span class='ocrx_word' id='word_1_102' title='bbox 665 1576 718 1659; x_wconf 79' lang='grc' dir='ltr'><em>τὴν</em></span> <span class='ocrx_word' id='word_1_103' title='bbox 738 1575 795 1642; x_wconf 84' lang='grc' dir='ltr'><em>άπό</em></span> <span class='ocrx_word' id='word_1_104' title='bbox 815 1585 873 1642; x_wconf 80' lang='grc' dir='ltr'><em>τῶν</em></span> <span class='ocrx_word' id='word_1_105' title='bbox 891 1574 965 1663; x_wconf 87' lang='grc' dir='ltr'><em>ύπέρ</em></span> <span class='ocrx_word' id='word_1_106' title='bbox 984 1576 1020 1642; x_wconf 86' lang='grc' dir='ltr'><em>τά</em></span> <span class='ocrx_word' id='word_1_107' title='bbox 1036 1579 1090 1644; x_wconf 81' lang='grc' dir='ltr'><em>ι’ίλα</em></span> <span class='ocrx_word' id='word_1_108' title='bbox 1108 1578 1196 1664; x_wconf 90' lang='grc' dir='ltr'><em>χάριν</em></span> <span class='ocrx_word' id='word_1_109' title='bbox 1216 1578 1252 1647; x_wconf 82' lang='grc' dir='ltr'><em>τά</em></span> <span class='ocrx_word' id='word_1_110' title='bbox 1277 1578 1355 1665; x_wconf 82' lang='grc' dir='ltr'><em>αλμσι</em></span> 
     </span>
     <span class='ocr_line' id='line_1_13' title="bbox 190 1679 1352 1769; baseline 0.005 -24"><span class='ocrx_word' id='word_1_111' title='bbox 190 1681 223 1748; x_wconf 85' lang='grc' dir='ltr'><em>τύ</em></span> <span class='ocrx_word' id='word_1_112' title='bbox 238 1685 344 1764; x_wconf 78' lang='grc' dir='ltr'><em>ἑαυτῆς</em></span> <span class='ocrx_word' id='word_1_113' title='bbox 359 1680 469 1757; x_wconf 76' lang='grc' dir='ltr'><em>στάζειν</em></span> <span class='ocrx_word' id='word_1_114' title='bbox 484 1683 515 1746; x_wconf 88' lang='grc' dir='ltr'><em>ἐν</em></span> <span class='ocrx_word' id='word_1_115' title='bbox 529 1687 569 1769; x_wconf 77' lang='grc' dir='ltr'><em>τῷ</em></span> <span class='ocrx_word' id='word_1_116' title='bbox 585 1683 684 1768; x_wconf 78' lang='grc' dir='ltr'><em>ἐκείνην</em></span> <span class='ocrx_word' id='word_1_117' title='bbox 700 1684 831 1769; x_wconf 77' lang='grc' dir='ltr'><em>ποτηρίῳ</em></span> <span class='ocrx_word' id='word_1_118' title='bbox 846 1679 895 1744; x_wconf 83' lang='grc' dir='ltr'><em>διά</em></span> <span class='ocrx_word' id='word_1_119' title='bbox 908 1686 959 1763; x_wconf 76' lang='grc' dir='ltr'><em>τῆς</em></span> <span class='ocrx_word' id='word_1_120' title='bbox 974 1680 1151 1764; x_wconf 79' lang='grc' dir='ltr'><em>ἐπικλήσεως</em></span> <span class='ocrx_word' id='word_1_121' title='bbox 1165 1679 1278 1765; x_wconf 86' lang='grc' dir='ltr'><em>αὐτοῦ,</em></span> <span class='ocrx_word' id='word_1_122' title='bbox 1301 1686 1352 1751; x_wconf 83' lang='grc' dir='ltr'><em>κοιλ</em></span> 
     </span>
     <span class='ocr_line' id='line_1_14' title="bbox 190 1781 1353 1870; baseline 0.004 -22"><span class='ocrx_word' id='word_1_123' title='bbox 190 1782 428 1870; x_wconf 77' lang='grc' dir='ltr'><em>ύπεριμείρεσθαι</em></span> <span class='ocrx_word' id='word_1_124' title='bbox 447 1781 516 1858; x_wconf 85' lang='grc' dir='ltr'><em>τούς</em></span> <span class='ocrx_word' id='word_1_125' title='bbox 531 1781 678 1867; x_wconf 85' lang='grc' dir='ltr'><em>παρόντας</em></span> <span class='ocrx_word' id='word_1_126' title='bbox 696 1784 725 1859; x_wconf 82' lang='grc' dir='ltr'><em>ἐξ</em></span> <span class='ocrx_word' id='word_1_127' title='bbox 740 1785 855 1847; x_wconf 86' lang='grc' dir='ltr'><em>ἐκείνου</em></span> <span class='ocrx_word' id='word_1_128' title='bbox 870 1781 1033 1868; x_wconf 82' lang='grc' dir='ltr'><em>γεύσασθαι</em></span> <span class='ocrx_word' id='word_1_129' title='bbox 1050 1791 1104 1849; x_wconf 85' lang='grc' dir='ltr'><em>τοῦ</em></span> <span class='ocrx_word' id='word_1_130' title='bbox 1119 1781 1276 1867; x_wconf 80' lang='grc' dir='ltr'><em>πόματος,</em></span> <span class='ocrx_word' id='word_1_131' title='bbox 1300 1790 1353 1853; x_wconf 83' lang='grc' dir='ltr'><em>ῖυιι</em></span> 
     </span>
     <span class='ocr_line' id='line_1_15' title="bbox 191 1882 1352 1976; baseline 0.003 -24"><span class='ocrx_word' id='word_1_132' title='bbox 191 1890 241 1952; x_wconf 85' lang='grc' dir='ltr'><em>καί</em></span> <span class='ocrx_word' id='word_1_133' title='bbox 259 1891 300 1963; x_wconf 87' lang='grc' dir='ltr'><em>είς</em></span> <span class='ocrx_word' id='word_1_134' title='bbox 317 1885 424 1962; x_wconf 89' lang='grc' dir='ltr'><em>αὐτούς</em></span> <span class='ocrx_word' id='word_1_135' title='bbox 442 1884 614 1973; x_wconf 79' lang='grc' dir='ltr'><em>ἐπομβρήση</em></span> <span class='ocrx_word' id='word_1_136' title='bbox 632 1882 652 1966; x_wconf 80' lang='grc' dir='ltr'><em>ἡ</em></span> <span class='ocrx_word' id='word_1_137' title='bbox 668 1885 717 1949; x_wconf 81' lang='grc' dir='ltr'><em>διά</em></span> <span class='ocrx_word' id='word_1_138' title='bbox 735 1892 788 1949; x_wconf 87' lang='grc' dir='ltr'><em>τοῦ</em></span> <span class='ocrx_word' id='word_1_139' title='bbox 806 1883 903 1970; x_wconf 87' lang='grc' dir='ltr'><em>μάγου</em></span> <span class='ocrx_word' id='word_1_140' title='bbox 920 1884 1027 1951; x_wconf 90' lang='grc' dir='ltr'><em>τούτου</em></span> <span class='ocrx_word' id='word_1_141' title='bbox 1043 1890 1220 1971; x_wconf 81' lang='grc' dir='ltr'><em>κληῖζομένη</em></span> <span class='ocrx_word' id='word_1_142' title='bbox 1239 1886 1352 1976; x_wconf 82' lang='grc' dir='ltr'><em>Χάρις.</em></span> 
     </span>
     <span class='ocr_line' id='line_1_16' title="bbox 194 1986 1354 2079; baseline 0.005 -26"><span class='ocrx_word' id='word_1_143' title='bbox 194 1990 289 2055; x_wconf 86' lang='grc' dir='ltr'><em>Πάλιν</em></span> <span class='ocrx_word' id='word_1_144' title='bbox 302 1991 333 2054; x_wconf 79' lang='grc' dir='ltr'><em>(λέ</em></span> <span class='ocrx_word' id='word_1_145' title='bbox 347 1991 478 2075; x_wconf 82' lang='grc' dir='ltr'><em>γυναιξίν</em></span> <span class='ocrx_word' id='word_1_146' title='bbox 491 1986 611 2063; x_wconf 84' lang='grc' dir='ltr'><em>ἐπιὸούς</em></span> <span class='ocrx_word' id='word_1_147' title='bbox 624 1986 782 2070; x_wconf 87' lang='grc' dir='ltr'><em>ἐκπιόματα</em></span> <span class='ocrx_word' id='word_1_148' title='bbox 793 1992 959 2073; x_wconf 76' lang='grc' dir='ltr'><em>κεκραμένα</em></span> <span class='ocrx_word' id='word_1_149' title='bbox 971 1986 1063 2065; x_wconf 88' lang='grc' dir='ltr'><em>αὐτάς</em></span> <span class='ocrx_word' id='word_1_150' title='bbox 1073 1986 1259 2075; x_wconf 70' lang='grc' dir='ltr'><em>εὐχαριστεῖν</em></span> <span class='ocrx_word' id='word_1_151' title='bbox 1271 1993 1354 2079; x_wconf 74' lang='grc' dir='ltr'><em>λγιιε·</em></span> 
     </span>
     <span class='ocr_line' id='line_1_17' title="bbox 190 2088 1354 2181; baseline 0.005 -24"><span class='ocrx_word' id='word_1_152' title='bbox 190 2091 302 2158; x_wconf 91' lang='grc' dir='ltr'><em>λεύεται</em></span> <span class='ocrx_word' id='word_1_153' title='bbox 318 2099 502 2176; x_wconf 85' lang='grc' dir='ltr'><em>παρεστῶτος</em></span> <span class='ocrx_word' id='word_1_154' title='bbox 518 2089 627 2167; x_wconf 85' lang='grc' dir='ltr'><em>αὐτοῦ,</em></span> <span class='ocrx_word' id='word_1_155' title='bbox 649 2093 699 2154; x_wconf 85' lang='grc' dir='ltr'><em>καλ</em></span> <span class='ocrx_word' id='word_1_156' title='bbox 713 2088 819 2155; x_wconf 89' lang='grc' dir='ltr'><em>τούτου</em></span> <span class='ocrx_word' id='word_1_157' title='bbox 834 2092 993 2177; x_wconf 75' lang='grc' dir='ltr'><em>γενομένου</em></span> <span class='ocrx_word' id='word_1_158' title='bbox 1008 2090 1097 2167; x_wconf 86' lang='grc' dir='ltr'><em>αὐτός</em></span> <span class='ocrx_word' id='word_1_159' title='bbox 1112 2090 1182 2159; x_wconf 86' lang='grc' dir='ltr'><em>άλλο</em></span> <span class='ocrx_word' id='word_1_160' title='bbox 1200 2094 1354 2181; x_wconf 73' lang='grc' dir='ltr'><em>ποτήριον</em></span> 
     </span>
     <span class='ocr_line' id='line_1_18' title="bbox 191 2185 1352 2284; baseline 0.005 -25"><span class='ocrx_word' id='word_1_161' title='bbox 191 2202 288 2284; x_wconf 77' lang='grc' dir='ltr'><em>πολληῖ</em></span> <span class='ocrx_word' id='word_1_162' title='bbox 307 2203 404 2277; x_wconf 81' lang='grc' dir='ltr'><em>μεῖζον</em></span> <span class='ocrx_word' id='word_1_163' title='bbox 426 2197 551 2273; x_wconf 84' lang='grc' dir='ltr'><em>ἐκείνου,</em></span> <span class='ocrx_word' id='word_1_164' title='bbox 581 2185 618 2258; x_wconf 84' lang='grc' dir='ltr'><em>οὗ</em></span> <span class='ocrx_word' id='word_1_165' title='bbox 637 2190 656 2275; x_wconf 77' lang='grc' dir='ltr'><em>ἦ</em></span> <span class='ocrx_word' id='word_1_166' title='bbox 673 2195 875 2275; x_wconf 83' lang='grc' dir='ltr'><em>έξηπατημέυη</em></span> <span class='ocrx_word' id='word_1_167' title='bbox 892 2190 1084 2280; x_wconf 83' lang='grc' dir='ltr'><em>ιγύχαρίστησι</em></span> <span class='ocrx_word' id='word_1_168' title='bbox 1101 2196 1352 2283; x_wconf 54' lang='grc' dir='ltr'><em>λπροςενεγιισλτι,</em></span> 
     </span>
     <span class='ocr_line' id='line_1_19' title="bbox 190 2294 1352 2387; baseline 0.005 -26"><span class='ocrx_word' id='word_1_169' title='bbox 190 2299 240 2361; x_wconf 85' lang='grc' dir='ltr'><em>καλ</em></span> <span class='ocrx_word' id='word_1_170' title='bbox 262 2295 463 2380; x_wconf 80' lang='grc' dir='ltr'><em>μετακενιόσας</em></span> <span class='ocrx_word' id='word_1_171' title='bbox 486 2294 546 2361; x_wconf 88' lang='grc' dir='ltr'><em>άπύ</em></span> <span class='ocrx_word' id='word_1_172' title='bbox 564 2302 618 2360; x_wconf 88' lang='grc' dir='ltr'><em>τοῦ</em></span> <span class='ocrx_word' id='word_1_173' title='bbox 637 2297 811 2380; x_wconf 75' lang='grc' dir='ltr'><em>μικροτέρου</em></span> <span class='ocrx_word' id='word_1_174' title='bbox 829 2303 882 2361; x_wconf 87' lang='grc' dir='ltr'><em>τοῦ</em></span> <span class='ocrx_word' id='word_1_175' title='bbox 898 2294 957 2362; x_wconf 87' lang='grc' dir='ltr'><em>ύπό</em></span> <span class='ocrx_word' id='word_1_176' title='bbox 974 2304 1027 2379; x_wconf 81' lang='grc' dir='ltr'><em>τῆς</em></span> <span class='ocrx_word' id='word_1_177' title='bbox 1041 2295 1184 2383; x_wconf 81' lang='grc' dir='ltr'><em>γυναικός</em></span> <span class='ocrx_word' id='word_1_178' title='bbox 1205 2298 1352 2387; x_wconf 62' lang='grc' dir='ltr'><em>ἠὐχσρι-</em></span> 
     </span>
     <span class='ocr_line' id='line_1_20' title="bbox 191 2396 1355 2485; baseline 0.005 -22"><span class='ocrx_word' id='word_1_179' title='bbox 191 2402 335 2482; x_wconf 83' lang='grc' dir='ltr'><em>στημένου</em></span> <span class='ocrx_word' id='word_1_180' title='bbox 353 2403 395 2474; x_wconf 88' lang='grc' dir='ltr'><em>είς</em></span> <span class='ocrx_word' id='word_1_181' title='bbox 410 2398 442 2464; x_wconf 88' lang='grc' dir='ltr'><em>τό</em></span> <span class='ocrx_word' id='word_1_182' title='bbox 462 2396 512 2463; x_wconf 84' lang='grc' dir='ltr'><em>ὐπ’</em></span> <span class='ocrx_word' id='word_1_183' title='bbox 532 2396 624 2463; x_wconf 84' lang='grc' dir='ltr'><em>αὐτοῦ</em></span> <span class='ocrx_word' id='word_1_184' title='bbox 644 2400 903 2481; x_wconf 63' lang='grc' dir='ltr'><em>4κεκοσμημένον,</em></span> <span class='ocrx_word' id='word_1_185' title='bbox 932 2401 1073 2485; x_wconf 75' lang='grc' dir='ltr'><em>ἐπιλέγων</em></span> <span class='ocrx_word' id='word_1_186' title='bbox 1090 2398 1153 2483; x_wconf 82' lang='grc' dir='ltr'><em>άμιι</em></span> <span class='ocrx_word' id='word_1_187' title='bbox 1169 2400 1288 2480; x_wconf 80' lang='grc' dir='ltr'><em>σύτσις·</em></span> <span class='ocrx_word' id='word_1_188' title='bbox 1316 2400 1355 2469; x_wconf 79' lang='grc' dir='ltr'><strong><em>Ἦ</em></strong></span> 
     </span>
     <span class='ocr_line' id='line_1_21' title="bbox 192 2498 1351 2587; baseline 0.007 -22"><span class='ocrx_word' id='word_1_189' title='bbox 192 2500 249 2587; x_wconf 86' lang='grc' dir='ltr'><em>πρό</em></span> <span class='ocrx_word' id='word_1_190' title='bbox 264 2509 322 2567; x_wconf 81' lang='grc' dir='ltr'><em>τῶν</em></span> <span class='ocrx_word' id='word_1_191' title='bbox 336 2501 425 2582; x_wconf 85' lang='grc' dir='ltr'><em>ύλων,</em></span> <span class='ocrx_word' id='word_1_192' title='bbox 448 2498 468 2584; x_wconf 77' lang='grc' dir='ltr'><em>ἦ</em></span> <span class='ocrx_word' id='word_1_193' title='bbox 481 2498 654 2583; x_wconf 90' lang='grc' dir='ltr'><em>άνεννόητος</em></span> <span class='ocrx_word' id='word_1_194' title='bbox 667 2503 717 2565; x_wconf 85' lang='grc' dir='ltr'><em>κοιλ</em></span> <span class='ocrx_word' id='word_1_195' title='bbox 732 2499 858 2585; x_wconf 88' lang='grc' dir='ltr'><em>άρρητος</em></span> <span class='ocrx_word' id='word_1_196' title='bbox 874 2500 971 2587; x_wconf 89' lang='grc' dir='ltr'><em>Χάρις</em></span> <span class='ocrx_word' id='word_1_197' title='bbox 983 2501 1134 2586; x_wconf 85' lang='grc' dir='ltr'><em>πληριόσιιι</em></span> <span class='ocrx_word' id='word_1_198' title='bbox 1148 2525 1209 2571; x_wconf 86' lang='grc' dir='ltr'><em>σου</em></span> <span class='ocrx_word' id='word_1_199' title='bbox 1223 2503 1280 2573; x_wconf 81' lang='grc' dir='ltr'><em>τόν</em></span> <span class='ocrx_word' id='word_1_200' title='bbox 1292 2508 1351 2573; x_wconf 81' lang='grc' dir='ltr'><em>Ισσι</em></span> 
     </span>
     <span class='ocr_line' id='line_1_22' title="bbox 190 2601 1352 2695; baseline 0.007 -28"><span class='ocrx_word' id='word_1_201' title='bbox 190 2602 369 2689; x_wconf 76' lang='grc' dir='ltr'><em>ἄνθρωπον,</em></span> <span class='ocrx_word' id='word_1_202' title='bbox 396 2606 444 2668; x_wconf 79' lang='grc' dir='ltr'><em>καί</em></span> <span class='ocrx_word' id='word_1_203' title='bbox 464 2602 614 2685; x_wconf 86' lang='grc' dir='ltr'><em>πληθύναι</em></span> <span class='ocrx_word' id='word_1_204' title='bbox 630 2606 662 2668; x_wconf 93' lang='grc' dir='ltr'><em>έν</em></span> <span class='ocrx_word' id='word_1_205' title='bbox 677 2605 724 2667; x_wconf 84' lang='grc' dir='ltr'><em>σοί</em></span> <span class='ocrx_word' id='word_1_206' title='bbox 741 2602 794 2685; x_wconf 75' lang='grc' dir='ltr'><em>τήν</em></span> <span class='ocrx_word' id='word_1_207' title='bbox 810 2611 918 2689; x_wconf 79' lang='grc' dir='ltr'><em>γνῶσιν</em></span> <span class='ocrx_word' id='word_1_208' title='bbox 936 2601 1043 2687; x_wconf 78' lang='grc' dir='ltr'><em>αὐτῆς,</em></span> <span class='ocrx_word' id='word_1_209' title='bbox 1073 2608 1352 2695; x_wconf 82' lang='grc' dir='ltr'><em>ίγιιυτιισιτείρσυσσ</em></span> 
     </span>
    </p>

    <p class='ocr_par' dir='ltr' id='par_1_6' title="bbox 69 2703 1351 4026">
     <span class='ocr_line' id='line_1_23' title="bbox 69 2703 1350 2795; baseline 0.009 -28"><span class='ocrx_word' id='word_1_210' title='bbox 69 2734 120 2781; x_wconf 67' lang='grc' dir='ltr'><em>μσς.</em></span> <span class='ocrx_word' id='word_1_211' title='bbox 133 2721 178 2765; x_wconf 67' lang='lat'><em>²31.</em></span> <span class='ocrx_word' id='word_1_212' title='bbox 191 2704 244 2771; x_wconf 88' lang='grc' dir='ltr'><em>τόν</em></span> <span class='ocrx_word' id='word_1_213' title='bbox 258 2705 369 2772; x_wconf 88' lang='grc' dir='ltr'><em>κόκκον</em></span> <span class='ocrx_word' id='word_1_214' title='bbox 383 2713 436 2771; x_wconf 83' lang='grc' dir='ltr'><em>τοῦ</em></span> <span class='ocrx_word' id='word_1_215' title='bbox 450 2705 596 2781; x_wconf 86' lang='grc' dir='ltr'><em>σινάπεως</em></span> <span class='ocrx_word' id='word_1_216' title='bbox 608 2708 649 2782; x_wconf 87' lang='grc' dir='ltr'><em>είς</em></span> <span class='ocrx_word' id='word_1_217' title='bbox 662 2703 716 2786; x_wconf 78' lang='grc' dir='ltr'><em>την</em></span> <span class='ocrx_word' id='word_1_218' title='bbox 731 2703 849 2791; x_wconf 76' lang='grc' dir='ltr'><em>άγαθήν</em></span> <span class='ocrx_word' id='word_1_219' title='bbox 860 2714 924 2792; x_wconf 83' lang='grc' dir='ltr'><em>γῆν.</em></span> <span class='ocrx_word' id='word_1_220' title='bbox 955 2709 1016 2772; x_wconf 66' lang='lat' dir='ltr'><em>Kal</em></span> <span class='ocrx_word' id='word_1_221' title='bbox 1028 2706 1150 2774; x_wconf 86' lang='grc' dir='ltr'><em>τοιαῦτά</em></span> <span class='ocrx_word' id='word_1_222' title='bbox 1162 2710 1350 2795; x_wconf 30' lang='grc' dir='ltr'><em>τιυιιιείῆν,</em></span> 
     </span>
     <span class='ocr_line' id='line_1_24' title="bbox 190 2807 1350 2899; baseline 0.005 -24"><span class='ocrx_word' id='word_1_223' title='bbox 190 2813 241 2875; x_wconf 86' lang='grc' dir='ltr'><em>καλ</em></span> <span class='ocrx_word' id='word_1_224' title='bbox 255 2808 441 2895; x_wconf 76' lang='grc' dir='ltr'><em>έξοιστρήσας</em></span> <span class='ocrx_word' id='word_1_225' title='bbox 454 2808 506 2893; x_wconf 76' lang='grc' dir='ltr'><em>τὴν</em></span> <span class='ocrx_word' id='word_1_226' title='bbox 520 2814 713 2893; x_wconf 89' lang='grc' dir='ltr'><em>ταλαίπωρον,</em></span> <span class='ocrx_word' id='word_1_227' title='bbox 734 2808 965 2890; x_wconf 79' lang='grc' dir='ltr'><em>θαυματοποιός</em></span> <span class='ocrx_word' id='word_1_228' title='bbox 976 2807 1121 2895; x_wconf 87' lang='grc' dir='ltr'><em>άνεφάνη,</em></span> <span class='ocrx_word' id='word_1_229' title='bbox 1142 2818 1200 2877; x_wconf 86' lang='grc' dir='ltr'><em>τοῦ</em></span> <span class='ocrx_word' id='word_1_230' title='bbox 1215 2810 1350 2899; x_wconf 76' lang='grc' dir='ltr'><em>μεγάλοι</em></span> 
     </span>
     <span class='ocr_line' id='line_1_25' title="bbox 190 2910 1351 2997; baseline 0.007 -21"><span class='ocrx_word' id='word_1_231' title='bbox 190 2915 397 2995; x_wconf 80' lang='grc' dir='ltr'><em>πληρωθέντος</em></span> <span class='ocrx_word' id='word_1_232' title='bbox 419 2915 451 2977; x_wconf 87' lang='grc' dir='ltr'><em>ἐκ</em></span> <span class='ocrx_word' id='word_1_233' title='bbox 471 2919 525 2977; x_wconf 86' lang='grc' dir='ltr'><em>τοῦ</em></span> <span class='ocrx_word' id='word_1_234' title='bbox 549 2918 681 2997; x_wconf 68' lang='grc' dir='ltr'><em>ὁμικροῦ</em></span> <span class='ocrx_word' id='word_1_235' title='bbox 703 2915 865 2995; x_wconf 90' lang='grc' dir='ltr'><em>ποτηρίου,</em></span> <span class='ocrx_word' id='word_1_236' title='bbox 894 2911 965 2989; x_wconf 79' lang='grc' dir='ltr'><em>άόςτε</em></span> <span class='ocrx_word' id='word_1_237' title='bbox 988 2915 1041 2979; x_wconf 83' lang='grc' dir='ltr'><em>καλ</em></span> <span class='ocrx_word' id='word_1_238' title='bbox 1060 2910 1351 2997; x_wconf 73' lang='grc' dir='ltr'><em>ύπερεκχεῖσθιτιίξ</em></span> 
     </span>
     <span class='ocr_line' id='line_1_26' title="bbox 190 3010 1350 3101; baseline 0.003 -21"><span class='ocrx_word' id='word_1_239' title='bbox 190 3014 291 3080; x_wconf 87' lang='grc' dir='ltr'><em>αὐτοῦ.</em></span> <span class='ocrx_word' id='word_1_240' title='bbox 336 3017 397 3080; x_wconf 85' lang='grc' dir='ltr'><em>Καὶ</em></span> <span class='ocrx_word' id='word_1_241' title='bbox 412 3012 483 3079; x_wconf 90' lang='grc' dir='ltr'><em>άλλα</em></span> <span class='ocrx_word' id='word_1_242' title='bbox 499 3010 565 3080; x_wconf 88' lang='grc' dir='ltr'><em>τινά</em></span> <span class='ocrx_word' id='word_1_243' title='bbox 581 3013 695 3090; x_wconf 80' lang='grc' dir='ltr'><em>τούτοις</em></span> <span class='ocrx_word' id='word_1_244' title='bbox 709 3012 899 3099; x_wconf 73' lang='grc' dir='ltr'><em>παραπλήσιοι</em></span> <span class='ocrx_word' id='word_1_245' title='bbox 914 3020 1011 3081; x_wconf 75' lang='grc' dir='ltr'><em>ποιεῖν</em></span> <span class='ocrx_word' id='word_1_246' title='bbox 1025 3015 1189 3101; x_wconf 75' lang='grc' dir='ltr'><em>ἐξηπάτησε</em></span> <span class='ocrx_word' id='word_1_247' title='bbox 1206 3016 1350 3101; x_wconf 76' lang='grc' dir='ltr'><em>πολλοῦς,</em></span> 
     </span>
     <span class='ocr_line' id='line_1_27' title="bbox 189 3114 1350 3209; baseline 0.005 -26"><span class='ocrx_word' id='word_1_248' title='bbox 189 3121 240 3183; x_wconf 89' lang='grc' dir='ltr'><em>καλ</em></span> <span class='ocrx_word' id='word_1_249' title='bbox 257 3116 447 3203; x_wconf 65' lang='grc' dir='ltr'><em>θάπηγήοχεν</em></span> <span class='ocrx_word' id='word_1_250' title='bbox 460 3114 555 3182; x_wconf 90' lang='grc' dir='ltr'><em>όπίσω</em></span> <span class='ocrx_word' id='word_1_251' title='bbox 570 3114 670 3181; x_wconf 84' lang='grc' dir='ltr'><em>αὐτοῦ.</em></span> <span class='ocrx_word' id='word_1_252' title='bbox 710 3115 804 3192; x_wconf 81' lang='grc' dir='ltr'><em>Εἰκός</em></span> <span class='ocrx_word' id='word_1_253' title='bbox 819 3119 851 3182; x_wconf 85' lang='grc' dir='ltr'><em>δέ</em></span> <span class='ocrx_word' id='word_1_254' title='bbox 865 3115 956 3183; x_wconf 83' lang='grc' dir='ltr'><em>αὐτόν</em></span> <span class='ocrx_word' id='word_1_255' title='bbox 968 3120 1021 3183; x_wconf 84' lang='grc' dir='ltr'><em>καλ</em></span> <span class='ocrx_word' id='word_1_256' title='bbox 1032 3118 1161 3202; x_wconf 79' lang='grc' dir='ltr'><em>δαίμονά</em></span> <span class='ocrx_word' id='word_1_257' title='bbox 1174 3145 1245 3187; x_wconf 77' lang='grc' dir='ltr'><em>τινα</em></span> <span class='ocrx_word' id='word_1_258' title='bbox 1256 3120 1350 3209; x_wconf 80' lang='grc' dir='ltr'><em>πάρι-</em></span> 
     </span>
     <span class='ocr_line' id='line_1_28' title="bbox 190 3211 1349 3311; baseline 0.004 -25"><span class='ocrx_word' id='word_1_259' title='bbox 190 3225 261 3307; x_wconf 80' lang='grc' dir='ltr'><em>δρον</em></span> <span class='ocrx_word' id='word_1_260' title='bbox 277 3223 368 3304; x_wconf 82' lang='grc' dir='ltr'><em>ἐχειν,</em></span> <span class='ocrx_word' id='word_1_261' title='bbox 391 3218 428 3284; x_wconf 77' lang='grc' dir='ltr'><em>δι’</em></span> <span class='ocrx_word' id='word_1_262' title='bbox 442 3211 479 3285; x_wconf 82' lang='grc' dir='ltr'><em>οὐ</em></span> <span class='ocrx_word' id='word_1_263' title='bbox 494 3217 584 3295; x_wconf 89' lang='grc' dir='ltr'><em>αὐτός</em></span> <span class='ocrx_word' id='word_1_264' title='bbox 600 3244 630 3284; x_wconf 91' lang='grc' dir='ltr'><em>τε</em></span> <span class='ocrx_word' id='word_1_265' title='bbox 643 3218 841 3302; x_wconf 82' lang='grc' dir='ltr'><em>προφητεύειν</em></span> <span class='ocrx_word' id='word_1_266' title='bbox 857 3224 941 3285; x_wconf 77' lang='grc' dir='ltr'><em>δοκεῖ</em></span> <span class='ocrx_word' id='word_1_267' title='bbox 952 3222 1015 3299; x_wconf 86' lang='grc' dir='ltr'><em>καλ,</em></span> <span class='ocrx_word' id='word_1_268' title='bbox 1036 3219 1110 3297; x_wconf 82' lang='grc' dir='ltr'><em>ὅσας</em></span> <span class='ocrx_word' id='word_1_269' title='bbox 1121 3219 1208 3301; x_wconf 77' lang='grc' dir='ltr'><em>άξίιις</em></span> <span class='ocrx_word' id='word_1_270' title='bbox 1220 3220 1349 3311; x_wconf 71' lang='grc' dir='ltr'><em>ἡγεῖται,</em></span> 
     </span>
     <span class='ocr_line' id='line_1_29' title="bbox 190 3319 1348 3415; baseline 0.005 -27"><span class='ocrx_word' id='word_1_271' title='bbox 190 3323 328 3407; x_wconf 88' lang='grc' dir='ltr'><em>μετόχους</em></span> <span class='ocrx_word' id='word_1_272' title='bbox 341 3330 394 3406; x_wconf 82' lang='grc' dir='ltr'><em>τῖγς</em></span> <span class='ocrx_word' id='word_1_273' title='bbox 410 3321 527 3408; x_wconf 88' lang='grc' dir='ltr'><em>χάριτος</em></span> <span class='ocrx_word' id='word_1_274' title='bbox 541 3319 633 3387; x_wconf 87' lang='grc' dir='ltr'><em>αὐτοῦ</em></span> <span class='ocrx_word' id='word_1_275' title='bbox 644 3321 843 3406; x_wconf 82' lang='grc' dir='ltr'><em>προφητεύειν</em></span> <span class='ocrx_word' id='word_1_276' title='bbox 858 3332 944 3389; x_wconf 86' lang='grc' dir='ltr'><em>ποιεῖ.</em></span> <span class='ocrx_word' id='word_1_277' title='bbox 982 3320 1122 3389; x_wconf 86' lang='grc' dir='ltr'><em>Μάλιστα</em></span> <span class='ocrx_word' id='word_1_278' title='bbox 1133 3322 1192 3411; x_wconf 84' lang='grc' dir='ltr'><em>γάρ</em></span> <span class='ocrx_word' id='word_1_279' title='bbox 1207 3328 1281 3413; x_wconf 87' lang='grc' dir='ltr'><em>περλ</em></span> <span class='ocrx_word' id='word_1_280' title='bbox 1295 3354 1348 3415; x_wconf 83' lang='grc' dir='ltr'><em>γυ·</em></span> 
     </span>
     <span class='ocr_line' id='line_1_30' title="bbox 189 3422 1348 3515; baseline 0.001 -23"><span class='ocrx_word' id='word_1_281' title='bbox 189 3436 291 3503; x_wconf 89' lang='grc' dir='ltr'><em>ναῖκας</em></span> <span class='ocrx_word' id='word_1_282' title='bbox 307 3425 478 3510; x_wconf 84' lang='grc' dir='ltr'><em>άσχολεῖται,</em></span> <span class='ocrx_word' id='word_1_283' title='bbox 502 3428 550 3491; x_wconf 84' lang='grc' dir='ltr'><em>καλ</em></span> <span class='ocrx_word' id='word_1_284' title='bbox 565 3423 677 3490; x_wconf 89' lang='grc' dir='ltr'><em>τούτων</em></span> <span class='ocrx_word' id='word_1_285' title='bbox 690 3423 743 3500; x_wconf 88' lang='grc' dir='ltr'><em>τάς</em></span> <span class='ocrx_word' id='word_1_286' title='bbox 757 3422 953 3512; x_wconf 86' lang='grc' dir='ltr'><em>εὐπαρύφους</em></span> <span class='ocrx_word' id='word_1_287' title='bbox 965 3428 1015 3491; x_wconf 80' lang='grc' dir='ltr'><em>καί</em></span> <span class='ocrx_word' id='word_1_288' title='bbox 1030 3426 1282 3515; x_wconf 82' lang='grc' dir='ltr'><em>περιπορφύρους</em></span> <span class='ocrx_word' id='word_1_289' title='bbox 1295 3432 1348 3497; x_wconf 69' lang='lat' dir='ltr'><em>nd</em></span> 
     </span>
     <span class='ocr_line' id='line_1_31' title="bbox 189 3524 1349 3617; baseline 0.003 -24"><span class='ocrx_word' id='word_1_290' title='bbox 189 3530 424 3609; x_wconf 88' lang='grc' dir='ltr'><em>πλουσιωτάτας,</em></span> <span class='ocrx_word' id='word_1_291' title='bbox 453 3528 489 3604; x_wconf 78' lang='grc' dir='ltr'><em>λίς</em></span> <span class='ocrx_word' id='word_1_292' title='bbox 504 3527 643 3603; x_wconf 89' lang='grc' dir='ltr'><em>πολλάκις</em></span> <span class='ocrx_word' id='word_1_293' title='bbox 656 3524 825 3613; x_wconf 80' lang='grc' dir='ltr'><em>ύπάγεσθαι</em></span> <span class='ocrx_word' id='word_1_294' title='bbox 840 3528 1020 3614; x_wconf 76' lang='grc' dir='ltr'><em>πειρώμενος</em></span> <span class='ocrx_word' id='word_1_295' title='bbox 1037 3528 1236 3597; x_wconf 66' lang='grc' dir='ltr'><em>’κολακεύων</em></span> <span class='ocrx_word' id='word_1_296' title='bbox 1252 3534 1349 3617; x_wconf 77' lang='grc' dir='ltr'><em>φησλν</em></span> 
     </span>
     <span class='ocr_line' id='line_1_32' title="bbox 189 3628 1350 3722; baseline 0.005 -25"><span class='ocrx_word' id='word_1_297' title='bbox 189 3630 307 3712; x_wconf 85' lang='grc' dir='ltr'><em>αὐταῖς,</em></span> <span class='ocrx_word' id='word_1_298' title='bbox 330 3636 522 3698; x_wconf 77' lang='grc' dir='ltr'><em>Μεταλοῦναί</em></span> <span class='ocrx_word' id='word_1_299' title='bbox 540 3652 585 3695; x_wconf 90' lang='grc' dir='ltr'><em>σοι</em></span> <span class='ocrx_word' id='word_1_300' title='bbox 601 3631 680 3695; x_wconf 84' lang='grc' dir='ltr'><em>θέλω</em></span> <span class='ocrx_word' id='word_1_301' title='bbox 696 3638 747 3713; x_wconf 80' lang='grc' dir='ltr'><em>τῆς</em></span> <span class='ocrx_word' id='word_1_302' title='bbox 767 3634 839 3715; x_wconf 78' lang='grc' dir='ltr'><em>ἐμῆς</em></span> <span class='ocrx_word' id='word_1_303' title='bbox 853 3631 986 3715; x_wconf 89' lang='grc' dir='ltr'><em>χάριτος,</em></span> <span class='ocrx_word' id='word_1_304' title='bbox 1007 3630 1111 3714; x_wconf 67' lang='grc' dir='ltr'><em>ἐπειδὴ</em></span> <span class='ocrx_word' id='word_1_305' title='bbox 1131 3628 1270 3722; x_wconf 73' lang='grc' dir='ltr'><em>όπιιτηρ</em></span> <span class='ocrx_word' id='word_1_306' title='bbox 1284 3642 1350 3703; x_wconf 72' lang='grc' dir='ltr'><em>’τᾶν</em></span> 
     </span>
     <span class='ocr_line' id='line_1_33' title="bbox 189 3730 1349 3821; baseline 0.004 -21"><span class='ocrx_word' id='word_1_307' title='bbox 189 3733 265 3800; x_wconf 85' lang='grc' dir='ltr'><em>ύλοιν</em></span> <span class='ocrx_word' id='word_1_308' title='bbox 280 3734 332 3800; x_wconf 87' lang='grc' dir='ltr'><em>τόν</em></span> <span class='ocrx_word' id='word_1_309' title='bbox 348 3733 467 3821; x_wconf 88' lang='grc' dir='ltr'><em>όίγγελόν</em></span> <span class='ocrx_word' id='word_1_310' title='bbox 481 3756 536 3799; x_wconf 91' lang='grc' dir='ltr'><em>σου</em></span> <span class='ocrx_word' id='word_1_311' title='bbox 552 3730 712 3809; x_wconf 78' lang='grc' dir='ltr'><em>διαπαντός</em></span> <span class='ocrx_word' id='word_1_312' title='bbox 726 3736 826 3816; x_wconf 83' lang='grc' dir='ltr'><em>βλέπει</em></span> <span class='ocrx_word' id='word_1_313' title='bbox 844 3732 902 3819; x_wconf 88' lang='grc' dir='ltr'><em>πρό</em></span> <span class='ocrx_word' id='word_1_314' title='bbox 916 3732 1078 3817; x_wconf 79' lang='grc' dir='ltr'><em>πρσςοόπου</em></span> <span class='ocrx_word' id='word_1_315' title='bbox 1095 3732 1224 3801; x_wconf 61' lang='grc' dir='ltr'><em>θαύτοῦ.</em></span> <span class='ocrx_word' id='word_1_316' title='bbox 1266 3734 1304 3805; x_wconf 80' lang='lat' dir='ltr'><em>‘O</em></span> <span class='ocrx_word' id='word_1_317' title='bbox 1315 3738 1349 3807; x_wconf 70' lang='grc' dir='ltr'><em>θλ</em></span> 
     </span>
     <span class='ocr_line' id='line_1_34' title="bbox 189 3832 1349 3927; baseline 0.003 -25"><span class='ocrx_word' id='word_1_318' title='bbox 189 3835 281 3913; x_wconf 92' lang='grc' dir='ltr'><em>τόπος</em></span> <span class='ocrx_word' id='word_1_319' title='bbox 304 3846 378 3903; x_wconf 69' lang='grc' dir='ltr'><em>9τοῦ</em></span> <span class='ocrx_word' id='word_1_320' title='bbox 399 3839 545 3923; x_wconf 85' lang='grc' dir='ltr'><em>μεγέθους</em></span> <span class='ocrx_word' id='word_1_321' title='bbox 567 3839 597 3902; x_wconf 89' lang='grc' dir='ltr'><em>έν</em></span> <span class='ocrx_word' id='word_1_322' title='bbox 612 3832 684 3918; x_wconf 78' lang='grc' dir='ltr'><em>ἡμῖν</em></span> <span class='ocrx_word' id='word_1_323' title='bbox 699 3838 759 3902; x_wconf 88' lang='grc' dir='ltr'><em>ἐστι</em></span> <span class='ocrx_word' id='word_1_324' title='bbox 782 3834 859 3901; x_wconf 67' lang='grc' dir='ltr'><em>ιθ(λε’</em></span> <span class='ocrx_word' id='word_1_325' title='bbox 879 3833 963 3920; x_wconf 74' lang='grc' dir='ltr'><em>ἡμᾶς.</em></span> <span class='ocrx_word' id='word_1_326' title='bbox 1006 3840 1064 3914; x_wconf 57' lang='lat' dir='ltr'><em>Effe</em></span> <span class='ocrx_word' id='word_1_327' title='bbox 1080 3835 1113 3903; x_wconf 86' lang='grc' dir='ltr'><em>τύ</em></span> <span class='ocrx_word' id='word_1_328' title='bbox 1130 3840 1349 3927; x_wconf 73' lang='grc' dir='ltr'><em>ἐγκαταστῆσαι</em></span> 
     </span>
     <span class='ocr_line' id='line_1_35' title="bbox 189 3936 1348 4026; baseline 0.009 -23"><span class='ocrx_word' id='word_1_329' title='bbox 189 3939 318 4023; x_wconf 87' lang='grc' dir='ltr'><em>λάμβανε</em></span> <span class='ocrx_word' id='word_1_330' title='bbox 335 3948 453 4024; x_wconf 79' lang='grc' dir='ltr'><em>πρῶτον</em></span> <span class='ocrx_word' id='word_1_331' title='bbox 471 3937 520 4004; x_wconf 90' lang='grc' dir='ltr'><em>άπ’</em></span> <span class='ocrx_word' id='word_1_332' title='bbox 538 3942 611 4022; x_wconf 84' lang='grc' dir='ltr'><em>ἐμοῦ</em></span> <span class='ocrx_word' id='word_1_333' title='bbox 631 3941 682 4003; x_wconf 83' lang='grc' dir='ltr'><em>καὶ</em></span> <span class='ocrx_word' id='word_1_334' title='bbox 701 3936 738 4004; x_wconf 79' lang='grc' dir='ltr'><em>δι’</em></span> <span class='ocrx_word' id='word_1_335' title='bbox 754 3942 827 4023; x_wconf 83' lang='grc' dir='ltr'><em>ἐμοῦ</em></span> <span class='ocrx_word' id='word_1_336' title='bbox 844 3938 898 4023; x_wconf 74' lang='grc' dir='ltr'><em>τὴν</em></span> <span class='ocrx_word' id='word_1_337' title='bbox 913 3939 1007 4026; x_wconf 89' lang='grc' dir='ltr'><em>χάριν.</em></span> <span class='ocrx_word' id='word_1_338' title='bbox 1051 3938 1242 4025; x_wconf 81' lang='grc' dir='ltr'><em>Εὐτρέιτισσυ</em></span> <span class='ocrx_word' id='word_1_339' title='bbox 1259 3966 1348 4013; x_wconf 72' lang='grc' dir='ltr'><em>σεισ-</em></span> 
     </span>
    </p>

    <p class='ocr_par' dir='ltr' id='par_1_7' title="bbox 189 4090 1350 4507">
     <span class='ocr_line' id='line_1_36' title="bbox 222 4090 1233 4166; baseline 0.004 -21"><span class='ocrx_word' id='word_1_340' title='bbox 222 4096 246 4145; x_wconf 71' lang='grc' dir='ltr'><em>’λ</em></span> <span class='ocrx_word' id='word_1_341' title='bbox 265 4090 343 4155; x_wconf 78' lang='grc' dir='ltr'><em>αὐτὸς</em></span> <span class='ocrx_word' id='word_1_342' title='bbox 361 4100 490 4147; x_wconf 68' lang='lat' dir='ltr'><strong><em>emendatio</em></strong></span> <span class='ocrx_word' id='word_1_343' title='bbox 506 4100 597 4147; x_wconf 76' lang='grc' dir='ltr'><em>Ρειουιϊ</em></span> <span class='ocrx_word' id='word_1_344' title='bbox 612 4101 652 4146; x_wconf 75' lang='lat' dir='ltr'><em>est.</em></span> <span class='ocrx_word' id='word_1_345' title='bbox 684 4098 747 4146; x_wconf 69' lang='lat' dir='ltr'><strong><em>Libri</em></strong></span> <span class='ocrx_word' id='word_1_346' title='bbox 813 4096 837 4149; x_wconf 84' lang='lat'><em>3.</em></span> <span class='ocrx_word' id='word_1_347' title='bbox 855 4092 1068 4166; x_wconf 79' lang='grc' dir='ltr'><em>εὐχαριστημὲισυ</em></span> <span class='ocrx_word' id='word_1_348' title='bbox 1085 4098 1136 4149; x_wconf 77' lang='grc' dir='ltr'><em>τοῦ.</em></span> <span class='ocrx_word' id='word_1_349' title='bbox 1153 4100 1233 4151; x_wconf 68' lang='lat' dir='ltr'><em>Vm.</em></span> 
     </span>
     <span class='ocr_line' id='line_1_37' title="bbox 189 4159 1350 4236; baseline 0.005 -22"><span class='ocrx_word' id='word_1_350' title='bbox 189 4166 273 4214; x_wconf 73' lang='lat' dir='ltr'><em>hubent</em></span> <span class='ocrx_word' id='word_1_351' title='bbox 287 4159 379 4223; x_wconf 79' lang='grc' dir='ltr'><em>αὐτοῖς.</em></span> <span class='ocrx_word' id='word_1_352' title='bbox 412 4168 540 4215; x_wconf 70' lang='lat' dir='ltr'><strong><em>Carnarius</em></strong></span> <span class='ocrx_word' id='word_1_353' title='bbox 552 4169 619 4214; x_wconf 78' lang='lat' dir='ltr'><em>verm</em></span> <span class='ocrx_word' id='word_1_354' title='bbox 632 4163 664 4213; x_wconf 82' lang='lat' dir='ltr'><em>de</em></span> <span class='ocrx_word' id='word_1_355' title='bbox 679 4164 747 4230; x_wconf 79' lang='grc' dir='ltr'><em>ἱμιίι.</em></span> <span class='ocrx_word' id='word_1_356' title='bbox 814 4162 839 4215; x_wconf 83' lang='lat'><em>4.</em></span> <span class='ocrx_word' id='word_1_357' title='bbox 857 4168 897 4231; x_wconf 84' lang='lat' dir='ltr'><em>qui</em></span> <span class='ocrx_word' id='word_1_358' title='bbox 915 4175 953 4215; x_wconf 77' lang='grc' dir='ltr'><em>εει</em></span> <span class='ocrx_word' id='word_1_359' title='bbox 969 4166 1002 4217; x_wconf 79' lang='lat' dir='ltr'><em>ab</em></span> <span class='ocrx_word' id='word_1_360' title='bbox 1018 4182 1050 4217; x_wconf 81' lang='lat' dir='ltr'><em>eo</em></span> <span class='ocrx_word' id='word_1_361' title='bbox 1067 4164 1156 4215; x_wconf 79' lang='grc' dir='ltr'><em>ιλλιιειιι</em></span> <span class='ocrx_word' id='word_1_362' title='bbox 1171 4170 1350 4236; x_wconf 62' lang='lat' dir='ltr'><em>venitm</em></span> 
     </span>
     <span class='ocr_line' id='line_1_38' title="bbox 226 4233 1350 4297; baseline 0.004 -16"><span class='ocrx_word' id='word_1_363' title='bbox 226 4233 283 4281; x_wconf 71' lang='grc' dir='ltr'><em>(Σκε.</em></span> <span class='ocrx_word' id='word_1_364' title='bbox 304 4234 332 4281; x_wconf 81' lang='grc' dir='ltr'><em>ΙΙ.</em></span> <span class='ocrx_word' id='word_1_365' title='bbox 349 4261 380 4271; x_wconf 93' lang='grc'>-</span> <span class='ocrx_word' id='word_1_366' title='bbox 400 4234 421 4284; x_wconf 88' lang='grc'><em>1.</em></span> <span class='ocrx_word' id='word_1_367' title='bbox 436 4236 608 4295; x_wconf 73' lang='lat' dir='ltr'><strong><em>inscriptionem</em></strong></span> <span class='ocrx_word' id='word_1_368' title='bbox 620 4248 667 4283; x_wconf 82' lang='lat' dir='ltr'><em>non</em></span> <span class='ocrx_word' id='word_1_369' title='bbox 680 4234 748 4282; x_wconf 66' lang='lat' dir='ltr'><em>habet</em></span> <span class='ocrx_word' id='word_1_370' title='bbox 780 4235 894 4295; x_wconf 71' lang='lat' dir='ltr'>interpres</span> <span class='ocrx_word' id='word_1_371' title='bbox 910 4236 991 4297; x_wconf 76' lang='grc' dir='ltr'><em>λέλιιι,</em></span> <span class='ocrx_word' id='word_1_372' title='bbox 1016 4236 1078 4285; x_wconf 80' lang='grc' dir='ltr'><em>υιισι</em></span> <span class='ocrx_word' id='word_1_373' title='bbox 1093 4236 1179 4285; x_wconf 62' lang='lat' dir='ltr'><em>Rima</em></span> <span class='ocrx_word' id='word_1_374' title='bbox 1193 4240 1218 4285; x_wconf 77' lang='grc' dir='ltr'><em>ελ</em></span> <span class='ocrx_word' id='word_1_375' title='bbox 1235 4240 1350 4291; x_wconf 62' lang='lat' dir='ltr'><em>mm</em></span> 
     </span>
     <span class='ocr_line' id='line_1_39' title="bbox 190 4300 1347 4371; baseline 0.003 -21"><span class='ocrx_word' id='word_1_376' title='bbox 190 4302 241 4350; x_wconf 83' lang='lat' dir='ltr'><strong>cod.</strong></span> <span class='ocrx_word' id='word_1_377' title='bbox 256 4302 369 4363; x_wconf 61' lang='grc' dir='ltr'><em>ἣλικάς,</em></span> <span class='ocrx_word' id='word_1_378' title='bbox 386 4315 428 4351; x_wconf 85' lang='grc' dir='ltr'><em>ιιεο</em></span> <span class='ocrx_word' id='word_1_379' title='bbox 441 4305 495 4363; x_wconf 74' lang='lat' dir='ltr'><em>ipsa</em></span> <span class='ocrx_word' id='word_1_380' title='bbox 509 4303 563 4350; x_wconf 80' lang='lat' dir='ltr'><strong><em>edit.</em></strong></span> <span class='ocrx_word' id='word_1_381' title='bbox 577 4304 694 4363; x_wconf 70' lang='lat' dir='ltr'><strong><em>princeps:</em></strong></span> <span class='ocrx_word' id='word_1_382' title='bbox 721 4302 746 4350; x_wconf 84' lang='lat' dir='ltr'><em>V.</em></span> <span class='ocrx_word' id='word_1_383' title='bbox 781 4300 977 4367; x_wconf 84' lang='grc' dir='ltr'><em>κεκομισμένοι,</em></span> <span class='ocrx_word' id='word_1_384' title='bbox 1006 4304 1045 4353; x_wconf 65' lang='grc' dir='ltr'><em>ἢ.</em></span> <span class='ocrx_word' id='word_1_385' title='bbox 1063 4304 1146 4353; x_wconf 70' lang='lat' dir='ltr'><em>Iunius</em></span> <span class='ocrx_word' id='word_1_386' title='bbox 1168 4304 1347 4371; x_wconf 64' lang='grc' dir='ltr'><em>πεφορημὴι</em></span> 
     </span>
     <span class='ocr_line' id='line_1_40' title="bbox 190 4370 1348 4441; baseline 0.006 -24"><span class='ocrx_word' id='word_1_387' title='bbox 190 4370 312 4418; x_wconf 69' lang='lat' dir='ltr'><em>irenaeum</em></span> <span class='ocrx_word' id='word_1_388' title='bbox 325 4371 349 4431; x_wconf 82' lang='lat'><em>1,</em></span> <span class='ocrx_word' id='word_1_389' title='bbox 371 4370 415 4431; x_wconf 85' lang='grc'><em>13,</em></span> <span class='ocrx_word' id='word_1_390' title='bbox 432 4374 520 4430; x_wconf 76' lang='grc' dir='ltr'><em>1ὶιτηη.</em></span> <span class='ocrx_word' id='word_1_391' title='bbox 780 4376 833 4419; x_wconf 79' lang='lat' dir='ltr'><em>sum</em></span> <span class='ocrx_word' id='word_1_392' title='bbox 844 4374 947 4420; x_wconf 70' lang='lat' dir='ltr'><strong><em>ariolari.</em></strong></span> <span class='ocrx_word' id='word_1_393' title='bbox 976 4372 1049 4421; x_wconf 77' lang='lat' dir='ltr'>codd.</span> <span class='ocrx_word' id='word_1_394' title='bbox 1067 4372 1142 4421; x_wconf 76' lang='grc' dir='ltr'><em>λέιιελ.</em></span> <span class='ocrx_word' id='word_1_395' title='bbox 1157 4372 1233 4423; x_wconf 65' lang='lat' dir='ltr'>Veste.</span> <span class='ocrx_word' id='word_1_396' title='bbox 1247 4376 1348 4441; x_wconf 62' lang='lat' dir='ltr'>M</span> 
     </span>
     <span class='ocr_line' id='line_1_41' title="bbox 222 4436 1348 4507; baseline 0.006 -22"><span class='ocrx_word' id='word_1_397' title='bbox 222 4442 247 4485; x_wconf 76' lang='lat'><em>¹2.</em></span> <span class='ocrx_word' id='word_1_398' title='bbox 272 4438 401 4500; x_wconf 74' lang='lat' dir='ltr'>proferens</span> <span class='ocrx_word' id='word_1_399' title='bbox 424 4441 492 4487; x_wconf 78' lang='grc' dir='ltr'><em>υιτλιλ</em></span> <span class='ocrx_word' id='word_1_400' title='bbox 513 4438 602 4487; x_wconf 73' lang='lat' dir='ltr'><em>Innuet·</em></span> <span class='ocrx_word' id='word_1_401' title='bbox 626 4439 747 4498; x_wconf 75' lang='grc' dir='ltr'><em>λαλεηιεεε.</em></span> <span class='ocrx_word' id='word_1_402' title='bbox 779 4440 876 4489; x_wconf 69' lang='lat' dir='ltr'><em>retinent</em></span> <span class='ocrx_word' id='word_1_403' title='bbox 897 4436 1102 4505; x_wconf 69' lang='grc' dir='ltr'><em>κεκοσμημένοις</em></span> <span class='ocrx_word' id='word_1_404' title='bbox 1127 4440 1154 4491; x_wconf 80' lang='grc' dir='ltr'><em>λιι</em></span> <span class='ocrx_word' id='word_1_405' title='bbox 1175 4440 1231 4491; x_wconf 73' lang='lat' dir='ltr'><em>wd-</em></span> <span class='ocrx_word' id='word_1_406' title='bbox 1248 4444 1348 4507; x_wconf 59' lang='grc' dir='ltr'>Μ</span> 
     </span>
    </p>
   </div>
   <div class='ocr_carea' id='block_1_5' title="bbox 189 4500 1348 4647">
    <p class='ocr_par' dir='ltr' id='par_1_8' title="bbox 189 4500 1348 4647">
     <span class='ocr_line' id='line_1_42' title="bbox 192 4500 1348 4571; baseline 0.005 -16"><span class='ocrx_word' id='word_1_407' title='bbox 192 4505 256 4555; x_wconf 80' lang='lat' dir='ltr'>Unde</span> <span class='ocrx_word' id='word_1_408' title='bbox 268 4506 351 4555; x_wconf 70' lang='lat' dir='ltr'><em>Dillius</em></span> <span class='ocrx_word' id='word_1_409' title='bbox 360 4500 516 4571; x_wconf 75' lang='grc' dir='ltr'><em>προενεγκεῖν</em></span> <span class='ocrx_word' id='word_1_410' title='bbox 528 4507 624 4555; x_wconf 74' lang='lat' dir='ltr'><em>coniecit</em></span> <span class='ocrx_word' id='word_1_411' title='bbox 635 4518 748 4568; x_wconf 81' lang='grc' dir='ltr'><em>τεμοιιτιι·</em></span> <span class='ocrx_word' id='word_1_412' title='bbox 780 4511 874 4567; x_wconf 68' lang='lat' dir='ltr'><strong><em>andem,</em></strong></span> <span class='ocrx_word' id='word_1_413' title='bbox 899 4509 926 4557; x_wconf 80' lang='grc' dir='ltr'><em>ῖσ</em></span> <span class='ocrx_word' id='word_1_414' title='bbox 942 4508 1006 4570; x_wconf 71' lang='lat' dir='ltr'><em>quoa</em></span> <span class='ocrx_word' id='word_1_415' title='bbox 1020 4508 1111 4557; x_wconf 77' lang='grc' dir='ltr'><em>εῖλεκλλσ</em></span> <span class='ocrx_word' id='word_1_416' title='bbox 1126 4510 1254 4561; x_wconf 62' lang='lat' dir='ltr'><em>mm</em></span> <span class='ocrx_word' id='word_1_417' title='bbox 1266 4512 1348 4563; x_wconf 70' lang='lat' dir='ltr'><em>nd·-</em></span> 
     </span>
     <span class='ocr_line' id='line_1_43' title="bbox 189 4574 1348 4647; baseline 0.006 -24"><span class='ocrx_word' id='word_1_418' title='bbox 189 4574 254 4623; x_wconf 82' lang='lat' dir='ltr'><strong><em>dum.</em></strong></span> <span class='ocrx_word' id='word_1_419' title='bbox 779 4576 842 4635; x_wconf 75' lang='grc' dir='ltr'><em>τίιιι,</em></span> <span class='ocrx_word' id='word_1_420' title='bbox 857 4576 908 4627; x_wconf 83' lang='grc' dir='ltr'><em>λιιι</em></span> <span class='ocrx_word' id='word_1_421' title='bbox 921 4576 1033 4641; x_wconf 56' lang='lat' dir='ltr'><em>mmm</em></span> <span class='ocrx_word' id='word_1_422' title='bbox 1047 4574 1348 4647; x_wconf 64' lang='grc' dir='ltr'><em>λισσσσλιλσηῃ·</em></span> 
     </span>
    </p>
   </div>
   <div class='ocr_carea' id='block_1_6' title="bbox 0 0 1528 5084">
    <p class='ocr_par' dir='ltr' id='par_1_9' title="bbox 0 0 1528 5084">
     <span class='ocr_line' id='line_1_44' title="bbox 0 0 1528 5084; baseline 0 0"><span class='ocrx_word' id='word_1_423' title='bbox 0 0 1528 5084; x_wconf 95' lang='lat' dir='ltr'><em> </em></span> 
     </span>
    </p>
   </div>
  </div>
 </body>
</html>
