3046 5084
342 345 742 403 stantemstantem.
759 349 952 402 assason.
1160 340 1221 404 569

24 545 26 549 Ι
69 463 216 531 mestitias
227 465 363 545 iebolas,
387 475 418 531 et
433 467 605 533 inanissima
621 466 758 553 dogmata
776 480 978 554 perscrutatos
994 490 1109 549 essem,
1133 492 1220 555 quos·

69 588 125 654 qne
141 568 191 631 ille
208 567 299 631 libros
315 590 368 654 pro
387 569 537 634 canonicis
556 570 740 657 comprobet,
771 581 841 661 puta
861 569 1053 655 Evangeiium
1072 573 1148 657 quod
1165 572 1220 656 ipsi

69 682 193 750 vocant,
225 681 254 733 et
273 671 475 756 Apostolicorn
495 672 531 735 ab
549 672 654 736 iisdem
674 672 871 750 nominatum,
905 674 1045 737 evolvens
1066 674 1221 738 selectiora

68 774 135 838 inde
154 773 309 851 nonnulla,
334 794 408 858 quae
424 775 460 837 ad
476 775 555 838 illum
573 775 756 838 relutundum
773 775 936 861 pertinent,
961 775 1127 838 continuata
1143 777 1222 839 serie

68 875 298 959 decerpsissem,
328 877 473 940 uberioris
491 877 638 941 cuiusdam
657 878 756 962 operis
773 879 958 940 fundamenta
977 877 1077 962 posui,
1110 898 1143 940 ac
1161 878 1221 941 sin·

68 978 201 1062 gulosum
221 980 346 1064 capitum
362 979 494 1042 ordinem
511 979 551 1042 ita
568 979 720 1058 distribui,
745 990 776 1042 ut
793 979 947 1064 unicuique
964 980 1139 1057 sententiae,
1165 981 1222 1065 pri·

68 1103 131 1160 ma,
155 1081 299 1158 secunde,
325 1081 427 1160 tertia,
451 1100 486 1144 ac
506 1082 549 1145 sie
566 1082 722 1166 deinceps,
754 1082 1003 1166 praescriberem,
1034 1093 1064 1144 ct
1082 1083 1117 1144 ad
1135 1083 1221 1146 linem

68 1203 162 1268 usque
174 1183 288 1266 singula
304 1193 449 1262 notarem,
473 1183 503 1247 in
520 1183 625 1268 quibos
640 1184 712 1248 istas
726 1184 882 1247 salvatoris
897 1195 948 1247 aut
962 1183 1085 1269 apostoli
1103 1195 1222 1246 senten-

68 1287 125 1351 ties
140 1297 242 1349 contre
258 1305 292 1348 se
310 1287 426 1351 videtur
441 1286 612 1350 stultissime
629 1286 798 1350 retinuisse.
845 1283 995 1368 Quaedam
1016 1285 1093 1349 enim
1109 1306 1147 1349 ex
1165 1287 1221 1349 illis

69 1389 105 1452 ab
125 1409 162 1451 eo
179 1398 375 1451 commutatae
395 1388 629 1475 depravataeqee
649 1399 735 1467 sunt,
771 1410 829 1451 oon
853 1409 887 1451 eu
911 1389 965 1451 tide
984 1400 1221 1473 repraesentatae

68 1512 125 1576 qua
147 1490 247 1553 autin
271 1491 416 1573 evangelii
438 1493 597 1555 secundum
615 1489 726 1555 Lucam
751 1491 966 1576 exemplaribus
988 1491 1141 1575 leguntur,
1173 1503 1223 1555 aut

67 1593 244 1678 apostolicus
261 1592 323 1677 ipsc
342 1593 435 1679 stylus
452 1615 521 1679 prae
539 1615 572 1657 se
591 1595 668 1658 ierne
685 1594 829 1657 videatur.
879 1594 960 1656 Alias
976 1595 1107 1678 integras
1129 1604 1158 1657 et
1176 1596 1219 1657 in·

67 1705 220 1780 corruptas
240 1695 374 1779 reliquit3
404 1696 565 1759 cuiusmodi
585 1696 703 1760 sincero
720 1694 750 1758 in
768 1695 922 1780 evangelio
943 1707 973 1758 et
988 1696 1120 1781 apostolo
1138 1717 1222 1782 repe-

68 1798 200 1876 riuntur3
233 1797 401 1881 exquibus
425 1797 502 1861 illius
525 1799 659 1861 convinci
682 1799 833 1862 mendacia
855 1808 993 1883 possunt,
1027 1809 1125 1882 utpote
1148 1820 1221 1882 quae

67 1900 178 1965 veteris
197 1899 363 1963 testamenti
380 1921 446 1963 com
466 1921 555 1978 cnoro,
580 1900 665 1963 buius
682 1901 810 1963 vicissim
829 1921 893 1961 oum
911 1901 972 1978 illo,
998 1901 1221 1963 consensionem

69 2023 104 2068 sc
119 2003 305 2066 concordiam
323 2002 485 2066 declarant.
532 2000 635 2066 insunt
650 2003 680 2065 in
698 2002 743 2065 bis
759 2003 840 2065 libris
858 2014 887 2066 ct
903 2003 959 2065 alia
976 2002 1039 2065 loca
1055 2003 1159 2086 quibus
1174 2024 1222 2066 as·

67 2116 181 2189 sumpto
205 2126 292 2168 carne
311 2107 428 2169 venisse
448 2101 598 2170 Christum
618 2105 804 2182 ostendatur,
837 2125 872 2166 ac
892 2108 1052 2187 perlectum
1069 2105 1146 2168 inter
1167 2127 1221 2168 nos

67 2208 214 2273 bominem
238 2209 328 2272 luisse
349 2219 510 2270 versatum.
558 2207 711 2271 Accedunt
730 2227 766 2270 ea
785 2227 901 2291 quoque
919 2206 1023 2291 quibus
1042 2219 1221 2271 mortuorum

66 2310 252 2397 praedicatur
269 2310 427 2388 excitatio,
461 2311 596 2394 idemque
615 2310 687 2373 deus
705 2320 734 2373 et
754 2309 957 2373 anticensorem
978 2311 1111 2373 dominus
1128 2311 1221 2373 omni-

67 2427 190 2502 potens,
221 2414 347 2477 coeliae
367 2424 463 2477 terrae
481 2413 667 2498 omniumque
682 2434 757 2498 quae
775 2413 889 2476 suntin
907 2424 984 2476 terro
1006 2414 1140 2479 conditor
1156 2435 1221 2498 per-

67 2518 195 2582 bibetur.
241 2515 326 2600 Quae
348 2537 403 2579 nec
421 2517 620 2601 evangelicam
642 2517 824 2580 vocationem
843 2516 1024 2593 adiriterant,
1057 2537 1112 2579 nec
1133 2517 1221 2580 totius

69 2618 269 2684 universitatis
282 2629 431 2682 auctorem
449 2640 489 2682 ac·
498 2620 661 2683 molitorem
675 2618 834 2703 abnegant,
859 2618 910 2681 sed
925 2619 1047 2682 eundern
1064 2619 1157 2704 ipsunt
1175 2641 1222 2682 re·

68 2724 183 2800 icrunt,
214 2721 327 2805 qualem
352 2731 382 2782 et
397 2721 575 2806 apostolicos
596 2720 690 2807 stylus
713 2732 741 2785 ct
766 2720 935 2805 evangelica
955 2721 1133 2804 praedicatio
1155 2744 1221 2807 pro-

66 2824 177 2888 litetur.
223 2822 309 2908 Quae
328 2822 420 2907 igitur
440 2822 517 2887 bunc
537 2823 567 2886 in
590 2824 705 2887 modum
723 2823 939 2888 elaboravimus
961 2824 1023 2888 suis
1041 2825 1221 2908 argumentis

67 2925 198 3012 digesta,
224 2925 361 3009 deinceps
383 2927 571 3012 proponenda
594 2937 673 2989 sont.

68 3216 113 3268 ntt
130 3215 312 3268 Maactottts
331 3217 436 3267 ttttttts
455 3215 632 3282 opusnest,
660 3217 733 3269 SlVE
750 3217 996 3270 REFUTATlONlS
1014 3218 1221 3268 PROOEMIUM.

152 3333 185 3401 Si
201 3336 265 3420 quis
279 3336 442 3400 adulterius
456 3333 619 3401 Marcionis
633 3337 752 3401 inventa
768 3338 1016 3428 comprehendere
1032 3337 1146 3422 penitus
1161 3349 1221 3400 stu·

67 3441 135 3518 det,
168 3459 202 3502 ac
221 3439 340 3524 pecudis
357 3439 435 3503 illins
455 3439 601 3504 versutias
620 3461 723 3503 omncs
745 3450 775 3502 et
793 3441 914 3504 artificia
933 3460 1132 3524 cognoscere,
1167 3440 1222 3504 boc

68 3543 144 3628 quod
166 3563 182 3604 a
200 3563 246 3606 me
264 3544 468 3607 concinnatum
489 3564 560 3627 opus
577 3553 625 3606 est
640 3555 804 3628 percurrat.
849 3542 927 3605 Nam
946 3563 985 3604 ex
1003 3544 1067 3605 eius
1084 3540 1222 3628 Evange-

66 3646 107 3709 lio
128 3666 202 3730 quae
224 3655 326 3710 contra
345 3646 530 3711 calliditatem
552 3646 644 3731 ipsios
664 3647 777 3711 scelere
794 3646 969 3731 implicatam
989 3644 1096 3730 opponi
1114 3657 1222 3730 queant

66 3748 197 3813 studiose
217 3749 391 3835 selegimus,
423 3761 454 3812 ut
469 3749 517 3834 qui
536 3761 664 3812 nostram
684 3751 758 3813 banc
776 3748 1054 3812 lucubratiunculam
1071 3748 1101 3811 in
1119 3770 1221 3812 manos

67 3872 185 3917 sumere
205 3853 368 3933 soluerint,
400 3853 429 3916 in
448 3873 481 3916 ea
501 3853 644 3937 quandam
663 3853 804 3917 acuminis
823 3851 1065 3914 exercitationem
1084 3852 1220 3932 babeant,

67 3977 124 4041 quo
140 3955 360 4042 peregrinarum
379 3977 485 4019 vocum
501 3955 536 4018 ab
553 3956 602 4019 illo
620 3966 800 4040 repertarum
816 3954 975 4018 novitatem
992 3955 1104 4018 iacilius
1120 3956 1221 4018 redur-

66 4071 169 4144 guant.
214 4057 254 4122 Et
269 4059 384 4143 quidem
399 4057 562 4123 Marcionis
577 4058 626 4121 illc
642 4057 715 4121 liber
731 4057 915 4142 evangelium
931 4057 1091 4120 secundum
1108 4055 1219 4121 Lucam

67 4163 146 4248 stylo
161 4161 226 4247 ipso
241 4163 355 4225 relerre
371 4163 502 4240 videtur,
528 4171 559 4224 ut
573 4170 668 4224 autem
687 4161 722 4222 ab
739 4181 775 4222 co
791 4161 940 4224 mutilatus
953 4171 1015 4239 est,
1041 4161 1136 4240 initio,
1160 4183 1220 4224 me·

66 4265 115 4328 dio
132 4283 167 4328 ac
181 4265 239 4328 line
256 4264 432 4341 decurtatis,
463 4265 575 4328 corrosi
592 4284 610 4327 a
625 4264 713 4328 tineis
730 4264 855 4349 nudique
874 4263 1040 4327 vestimenti
1057 4263 1219 4328 simillimus

65 4406 144 4463 uertit,
161 4410 187 4452 et
201 4418 253 4452 non
269 4401 333 4452 sicot
344 4400 431 4451 babuit
441 4399 569 4466 Evangelii
583 4417 626 4449 se·
659 4404 740 4452 reme.
774 4397 936 4470 ἀντίγραμμα
953 4405 1008 4453 edit.
1022 4407 1097 4466 princ.

67 4468 174 4522 modum
189 4468 418 4537 Lueamexemplar
431 4475 481 4520 cett.
507 4471 573 4518 Libri
584 4471 626 4518 be·
692 4467 717 4521 6.
735 4472 824 4535 Scripsi
847 4466 1061 4537 &potensteine
1085 4465 1220 4540 ὁμολογοῦ-

66 4541 119 4590 bent
134 4541 206 4602 culpo
221 4538 259 4607 τῷ
277 4536 341 4592 κατὰ
358 4537 458 4591 Aeonis
475 4531 625 4604 εοάγγελίῳ.
661 4552 718 4602 σαι,
736 4540 798 4602 guod
814 4542 867 4590 iibri
883 4541 974 4591 boberrt.

100 4607 124 4658 5.
142 4601 292 4675 ἀντίγραφοι
308 4609 360 4658 cod·
373 4608 456 4669 Vnde,
471 4611 492 4657 ct
505 4607 560 4657 tude
572 4608 627 4657 edd.
