3046 5084
384 375 519 426 rinnau
536 376 597 427 nto.
607 378 627 428 1.
642 378 724 429 aon.
740 378 772 431 u.
788 377 888 428 unua.
902 379 1001 427 xxxi.
1205 365 1265 426 365

122 512 208 577 porro
226 492 342 556 nomiae
362 489 546 557 Salvatoram
561 493 655 580 ipsum
669 495 817 581 appellari.
863 491 915 560 Sic
931 496 1017 560 etiam
1035 506 1180 574 terrenos,
1204 495 1266 560 aui·

121 593 211 659 males
230 615 264 658 ac
281 591 426 680 spiritales
445 616 462 658 a
478 592 570 660 Paulo
588 595 720 660 homiues
736 617 803 661 esse
819 608 1077 677 commemoratos,
1102 596 1205 683 partim
1221 597 1266 660 his

121 696 236 761 verbis:
261 700 359 775 Quolr's
376 709 514 769 terrenus,
537 700 608 759 tales
622 710 652 759 et
663 705 784 762 terreni.-
809 700 911 785 partim
928 700 1006 763 istis:
1029 703 1171 761 Anaioalt's
1186 702 1265 760 homo
1280 718 1297 760 1.
1310 717 1363 760 cor.

120 821 175 862 non
187 804 313 880 percipit
325 820 358 860 ea
374 821 446 881 quoe
461 811 528 861 sunt
539 805 675 880 spiratus:
699 801 800 886 partim
819 803 942 886 denique
958 823 1020 864 cum
1039 801 1095 880 ait,
1120 804 1265 882 Spiritch'r
1276 770 1363 892 ,¹32⁴ss
1376 839 1406 881 ,g

121 907 212 964 omnia
233 905 379 962 diiudicat.
427 899 475 964 Ex
496 901 598 986 quihus
617 903 739 988 primurn
756 904 843 982 illud,
872 908 1013 966 Antipolis
1028 927 1083 966 non
1096 908 1220 985 percipit
1232 925 1266 965 ec
1279 903 1362 959 “ll-h
1375 907 1405 950 ¹⁵·

121 1025 193 1086 quoe
206 1015 275 1065 runt
288 1008 422 1084 spiritus,
447 1004 482 1067 ad
500 998 687 1069 Conditorem
706 1015 807 1090 putant
822 1007 984 1092 pertinere,
1009 1007 1136 1091 quicum
1154 1007 1192 1070 sit
1208 1005 1268 1069 ani-

122 1107 224 1186 malis,
248 1102 500 1190 aequationem,
525 1117 623 1192 utpote
640 1103 822 1194 Spiritalem,
847 1108 1014 1193 cognoscit,
1039 1128 1133 1192 neque
1149 1109 1268 1192 stirpem

122 1209 231 1294 ipsius,
263 1227 317 1270 uec
337 1207 457 1272 Aeones
477 1207 543 1273 illos
565 1208 613 1294 qui
630 1205 796 1274 Pleromate
819 1211 1016 1274 continentur.
1062 1208 1148 1294 Quod
1172 1220 1267 1273 autem

125 1331 244 1390 eorum,
267 1308 370 1393 quihus
383 1309 505 1374 salutem
519 1322 583 1376 erat
600 1312 757 1393 allaturus,
781 1312 921 1399 primitias
937 1311 1077 1378 Salvator
1092 1312 1266 1398 susceperit,

125 1412 162 1475 ob
179 1413 206 1475 id
224 1411 430 1498 pronunciasse
447 1408 587 1493 Paulam,
616 1418 658 1476 Et
675 1420 855 1496 etprimitias
871 1428 1000 1489 sanctae,
1034 1428 1063 1477 et
1077 1437 1185 1478 massa:
1219 1415 1265 1477 uhi
1277 1433 1418 1490 nominas

125 1512 265 1599 primitias
283 1513 361 1577 adid
379 1514 455 1599 quod
473 1526 518 1579 est
534 1515 663 1601 spiritale
677 1518 825 1598 scierunt,
857 1540 982 1583 massam
998 1519 1033 1581 ad
1050 1540 1121 1596 uos,
1154 1518 1207 1581 hoc
1223 1529 1268 1580 est

124 1614 277 1680 animalem
289 1613 470 1696 Ecclesiam
489 1617 571 1681 cuins
583 1639 709 1683 massam
724 1620 760 1683 ab
775 1621 825 1683 illo
837 1632 1014 1706 susceptam,
1034 1620 1062 1683 iu
1076 1620 1183 1704 illoque
1199 1642 1268 1683 con-

123 1729 261 1797 tractam,
285 1718 517 1803 quandoquidem
539 1730 603 1783 erat
624 1721 687 1806 ipse
710 1723 893 1786 fermentum.

204 1817 251 1885 Dc
264 1819 447 1884 Achamothe
462 1841 563 1906 porro,
587 1842 651 1885 eam
667 1833 753 1887 extra
767 1821 903 1888 Pleroma
917 1824 1100 1887 aberrantem
1116 1846 1132 1887 a
1148 1821 1267 1888 Christo
1317 1837 1376 1904 cap.

122 1923 211 1988 luisse
229 1923 399 2002 formatam,
424 1933 454 1986 et
468 1922 504 1986 ab
520 1923 622 1986 ecdem
637 1925 814 2008 quaesitam,
836 1927 990 2010 ipsummet
1003 1925 1179 2004 ostendisse,
1202 1948 1265 1990 oum
1280 1905 1403 2029 fflffl·

123 2026 197 2090 dixit
212 2025 330 2090 venisse
345 2045 377 2089 se
396 2026 430 2088 ad
448 2045 532 2089 ovem
548 2045 622 2109 quae
638 2037 801 2090 erraverat.
834 2025 911 2090 Esse
928 2027 1004 2090 enim
1020 2038 1165 2091 errantem
1182 2049 1265 2092 ovem
1280 2039 1312 2092 ¹5.
1326 2019 1364 2081 ²⁴?

122 2125 249 2192 Matrem
268 2127 344 2192 illam
362 2149 443 2191 suam
464 2128 711 2212 interpretantur,
742 2149 833 2212 aqua
852 2139 952 2192 nostra
971 2128 1043 2191 haec
1060 2129 1185 2193 ecclesia
1200 2151 1269 2192 cou-

123 2233 178 2297 sita
195 2231 290 2295 luerit.
325 2227 467 2294 Errorem
487 2251 558 2294 vcro
572 2229 650 2294 illius
664 2230 742 2295 iuter
756 2230 991 2315 perturbationes
1006 2231 1084 2316 ipsas
1100 2242 1186 2294 extra
1200 2229 1266 2295 Ple·
1279 2251 1333 2296 uae.
1343 2252 1374 2307 us,
1387 2254 1407 2294 s.

122 2356 206 2400 roma
221 2331 491 2412 commorationem,
510 2332 584 2395 uude
599 2333 740 2397 materiae
755 2333 897 2417 originem
910 2345 1074 2397 arcessunt.
1113 2331 1192 2396 Nam
1207 2356 1268 2397 mu-

120 2437 221 2501 lierem
243 2435 321 2499 illam
344 2453 418 2518 quae
435 2435 549 2498 domum
567 2434 679 2499 everrit
696 2447 727 2499 et
745 2436 909 2500 drachmam
927 2436 1039 2499 invenit
1057 2437 1091 2499 ad
1109 2437 1267 2500 coelestem

125 2534 302 2625 Sapientiam
318 2537 514 2617 transierunt,
545 2558 618 2622 quae
636 2536 829 2625 Enthymesin
845 2560 929 2623 quam
946 2539 1085 2603 amiserat
1101 2549 1203 2625 postea
1222 2560 1268 2603 re·

123 2641 253 2727 purgatis
269 2641 403 2705 omuibus
419 2661 471 2727 per
484 2641 639 2705 adveutum
655 2637 820 2707 Salvatoris
833 2641 1028 2726 recuperavit,
1052 2640 1088 2704 oh
1102 2642 1188 2726 idque
1202 2638 1270 2705 Ple-

123 2743 228 2807 romati
254 2753 376 2808 censent
401 2763 467 2807 esse
492 2743 667 2808 restitutam.
714 2740 891 2830 Symeoucm
915 2743 993 2807 illum
1019 2756 1189 2828 praeterea,
1221 2745 1269 2828 qui

123 2840 272 2910 Christum
290 2847 319 2910 iu
336 2845 411 2910 ulnis
428 2845 605 2931 gestaverit,
635 2848 719 2930 eique
735 2848 844 2931 gratias
866 2848 909 2910 his
927 2847 1025 2913 verhis
1042 2847 1152 2930 egerit:
1184 2850 1268 2908 Nunc
1281 2857 1364 2915 noea,
1375 2860 1406 2903 te.

122 2952 240 3011 dimittis
254 2970 364 3011 sernum
380 2960 473 3024 mum,
498 2953 619 3023 domine,
644 2954 793 3012 secandum
808 2952 919 3013 uerbum
935 2963 1011 3012 tuum
1028 2955 1056 3012 in
1069 2973 1154 3031 poce,
1188 2945 1268 3013 Con·

123 3050 225 3115 ditaris
250 3051 406 3137 imaginem
432 3052 543 3116 reterre
570 3051 686 3131 dicunt,
720 3051 768 3136 qui
793 3054 967 3117 adveniente
994 3050 1149 3117 Salvatore
1177 3051 1267 3136 ipsius

125 3155 399 3240 transportationem
421 3153 572 3233 didicerit,
603 3175 638 3217 ac
656 3151 753 3240 Bytho
775 3157 885 3240 gratias
906 3156 1009 3240 egerit.
1054 3155 1102 3218 Ad
1123 3155 1193 3218 haec
1215 3175 1267 3238 per

124 3256 241 3322 Annam
261 3256 356 3335 illam,
388 3277 460 3341 quae
480 3256 662 3342 prophetissa
684 3255 713 3320 in
734 3259 888 3344 evaugelio
906 3260 1107 3345 praedicatur,
1138 3276 1267 3340 quaeque

123 3371 234 3446 septem
251 3380 344 3424 annos
359 3381 422 3423 cnm
439 3358 503 3422 viro
518 3359 644 3439 vixisse,
663 3358 803 3444 reliquum
819 3383 891 3425 vero
906 3372 1018 3448 tempus
1032 3380 1118 3424 oniue
1133 3358 1162 3422 in
1175 3358 1268 3421 vidui-

124 3472 182 3526 tate
205 3462 301 3546 egisse
325 3460 445 3542 dicitur,
478 3463 570 3526 donec
588 3459 745 3528 Salvatore
767 3475 924 3549 conspecto
944 3475 974 3527 et
991 3464 1085 3549 ipsum
1103 3460 1266 3545 agnoverit,

124 3575 155 3628 et
171 3565 245 3648 apud
264 3585 365 3629 omues
384 3565 419 3630 de
439 3585 475 3628 eo
490 3564 586 3629 locuta
604 3563 661 3644 sit,
692 3565 928 3631 manifestissime
943 3564 1155 3630 Achamothem
1171 3561 1268 3625 adum·

123 3666 202 3732 hrari
223 3668 411 3750 confirmant,
441 3689 515 3754 quae
538 3667 586 3731 uhi
608 3664 791 3733 Salvatorem
815 3691 878 3732 cum
898 3669 961 3732 eius
979 3666 1145 3750 aequalibus
1165 3665 1266 3751 raptim

123 3770 324 3854 adspexisset,
348 3771 484 3857 deinceps
501 3782 562 3836 toto
579 3771 742 3858 insequenti
759 3782 889 3857 tempore
906 3770 1001 3834 media
1016 3770 1045 3832 iu
1063 3768 1182 3853 regione
1199 3789 1269 3831 oon·

123 3872 236 3938 sistens¹
253 3874 319 3937 dum
341 3874 445 3938 iterum
466 3875 577 3939 rediret
595 3876 813 3960 expectaverit,
847 3895 880 3937 ac
902 3894 935 3937 se
954 3872 1090 3957 coniugio
1113 3893 1166 3934 suo
1183 3871 1269 3934 resti-

123 3985 231 4041 tueret.
273 3971 365 4042 Cuius
379 3975 467 4040 etiam
482 3998 588 4042 nomeu
602 3998 619 4041 a
633 3974 789 4042 Salvatore
805 3976 886 4040 hisce
903 3975 1001 4040 verbis
1016 3995 1205 4061 expressum:
1228 3976 1269 4035 Et
1280 3984 1363 4039 naen,
1376 3987 1408 4030 ss.

157 4197 216 4250 Car.
225 4199 346 4250 xxvnt.
356 4226 389 4238 -
406 4197 428 4251 1.
444 4202 498 4251 t'oc.
510 4197 634 4270 πρόβατον
643 4202 680 4252 hic
747 4194 772 4251 4.
785 4194 877 4259 Ἀννας
893 4201 944 4251 cod.
958 4203 1012 4250 Ven.

123 4281 168 4319 om.
183 4281 261 4319 omnes
272 4270 332 4318 h'trt
357 4269 438 4318 Adtect
450 4271 562 4320 sententio
574 4283 628 4319 com
636 4283 680 4331 po·
748 4269 773 4319 5.
791 4267 959 4334 μεμενηκυίας
981 4271 1075 4331 reposco
1095 4282 1125 4318 ca
1146 4268 1196 4317 cod.
1215 4268 1270 4316 ten.

121 4336 218 4387 moret
233 4337 262 4386 dc
280 4338 327 4387 Vct.
340 4338 470 4399 interprete.
717 4338 789 4399 Vulgo
806 4341 869 4386 cetat
889 4341 950 4388 enim
968 4331 1099 4403 μενούσης.
1135 4338 1181 4386 Vct.
1197 4336 1269 4386 inter·

154 4404 180 4455 2.
202 4400 242 4473 'cpi
296 4405 358 4473 card
379 4417 423 4466 pro
447 4397 518 4474 αὐτῷ
542 4405 609 4455 hahet
627 4406 678 4455 cod.
712 4407 848 4468 pres-uertit
864 4422 1039 4471 perseverasse.

124 4472 177 4523 ten.
205 4472 251 4521 Vct.
261 4420 356 4534 idpterpr.
370 4474 450 4535 legisse
458 4474 551 4523 videtur
563 4472 601 4541 aqi
617 4472 679 4541 θεῷ.
747 4459 825 4525 ofin
841 4475 891 4524 eod.
908 4476 978 4536 ναι,
998 4476 1134 4560 conspirans
1150 4488 1203 4524 cum
1223 4476 1269 4522 Vct.

155 4539 179 4592 3.
198 4541 374 4602 diacodion,
388 4545 409 4591 cl
424 4541 602 4604 resumemus.
626 4543 679 4592 l'al·
712 4542 844 4604 lnttrprcte.
880 4544 952 4606 Volgo
970 4539 1014 4608 μὲν
1031 4558 1103 4594 ουσα.

122 4621 153 4670 po
169 4601 214 4666 oio·
746 4608 771 4663 i·
788 4603 992 4664 ἀποκαταστάσει
1008 4612 1126 4663 cortica
