3046 5084
284 330 291 336 ’
345 338 481 398 utuuuu
497 344 561 398 tus.
576 347 595 398 t.
611 345 693 398 sou.
706 344 750 399 ιιι.
766 345 865 397 usus.
879 347 961 397 xuu.
1170 337 1232 401 585

168 462 222 527 ΙΙΙ.
259 466 406 544 Testtfioor
428 486 560 539 rursum,
594 470 724 546 quomam
749 469 830 527 domo
854 471 1036 530 circumtusus
1058 470 1167 532 debitor
1190 482 1232 530 est
1245 483 1355 540 (tatus.

85 571 231 628 neniuersae
253 571 324 647 legis
346 569 509 646 implendae.

167 667 223 733 lv.
255 667 315 731 Pro
337 670 468 752 eoquod
492 679 553 746 est,
587 674 728 732 Muds’oum
740 672 913 752 fermentum
934 683 1017 732 totum
1035 692 1154 735 massam
1170 694 1233 733 sor·
1248 688 1302 731 usu
1315 692 1334 732 o.

82 777 201 852 rumpit,
227 771 396 855 rescripsit,
418 774 582 833 Adulterut.

168 871 207 937 V.
241 878 335 935 Omnis
347 878 419 934 enim
433 877 481 935 leo
497 875 574 934 uobis
588 877 729 954 impletum.
768 878 878 954 Diliges
889 880 1049 955 proxumum
1065 888 1142 937 tuum
1158 882 1300 937 sn'outtttu.
1316 896 1345 938 1⁴.

83 980 210 1056 teipsum.

171 1075 224 1140 Vl.
255 1081 409 1161 Monesesto
429 1091 496 1140 sunt
518 1090 609 1139 autem
635 1085 851 1159 operaturus,
889 1101 960 1160 quae
979 1093 1047 1142 sunt
1059 1083 1228 1163 formiano,
1247 1098 1302 1142 totu.
1316 1100 1348 1143 ts.

83 1183 270 1252 immunditia,
304 1183 436 1254 tutatuta,
469 1184 606 1242 idolorum
625 1186 762 1255 seruitus,
793 1184 941 1262 ueneficio,
966 1186 1143 1257 snsms'oittae,
1168 1207 1234 1245 cors·

83 1287 228 1357 tentiones,
252 1286 466 1356 aemulationes,
491 1289 567 1356 irae,
592 1288 689 1358 ruinae,
714 1287 914 1356 dissensiones,
939 1297 1046 1359 sectae,
1072 1289 1231 1360 domseidsa,

83 1386 243 1459 ebrietates,
269 1391 495 1459 comessationes,
520 1406 592 1466 quae
604 1390 737 1466 praedico
752 1389 828 1447 uobis
844 1392 919 1447 ss'eut
930 1392 1079 1467 praedium,
1105 1394 1233 1469 quoniam

84 1492 135 1568 qui
155 1491 223 1548 tulta
244 1500 349 1567 agunt,
373 1509 490 1568 regnum
512 1492 560 1549 dei
578 1510 633 1550 uon
650 1491 843 1568 possidebunt.

170 1587 238 1652 Vll.
271 1593 328 1667 (lui
340 1602 430 1651 autem
449 1593 561 1652 Christi
574 1612 686 1652 earnem
701 1593 908 1668 erucifixerunt
922 1613 983 1652 eum
1001 1597 1076 1654 m'ts'is
1093 1605 1122 1653 et
1133 1614 1233 1653 eousu·
1248 1611 1304 1654 tttu.
1315 1614 1348 1656 nt.

79 1696 238 1770 po'ssentiis.

169 1790 254 1857 Vlll.
286 1798 383 1875 Neque
404 1800 475 1855 enom
497 1800 549 1875 qui
567 1798 822 1869 circumciduntur,
848 1800 935 1874 legem
958 1800 1127 1858 ottstodiunt.
1248 1817 1373 1872 castas.

128 1999 172 2048 AB
192 1997 392 2049 CORINTHIOS
410 1999 446 2063 t,
465 1999 555 2061 QUAE
573 1999 636 2049 sss‘r
654 1999 742 2049 APUD
758 1998 958 2048 MARCIONEM
976 2000 1024 2050 UT
1041 2000 1085 2049 ET
1102 2001 1190 2050 APUD

601 2084 665 2134 Nos
684 2086 715 2134 tt.

169 2201 192 2266 Ι.
227 2209 370 2284 Scriptum
388 2217 431 2266 est
446 2210 533 2278 enirn,
558 2208 675 2266 Perdam
691 2209 854 2285 sapientiam
872 2210 1043 2284 sapientum,
1069 2189 1386 2284 etpruden-1.cor.1,1o.

85 2313 150 2370 nam
169 2311 349 2388 prudentium
370 2309 535 2387 reprobabo.

169 2407 208 2472 H.
245 2413 295 2482 llt,
327 2413 551 2489 quemadmodum
576 2414 710 2490 seriptum
738 2421 796 2483 est,
831 2416 882 2490 qui
899 2413 1045 2489 gloriatur
1068 2413 1096 2469 in
1122 2413 1232 2469 domino
1245 2423 1300 2467 tuit.
1315 2427 1348 2468 st.

81 2517 233 2593 glorietur.

171 2612 227 2677 ΙΙΙ.
261 2619 421 2695 Principum
443 2618 526 2676 lutus
547 2619 652 2688 seculi,
677 2621 728 2695 qui
746 2628 927 2676 evacuantur.
1249 2631 1304 2687 cap.
1312 2634 1333 2687 ι,
1342 2633 1361 2676 s.

168 2715 222 2781 IV.
256 2722 399 2797 Scriptum
411 2729 454 2776 esi
464 2722 553 2778 enom.-
574 2721 805 2797 Comprehendum
819 2722 958 2798 sapientes
970 2724 999 2779 in
1011 2723 1116 2779 astutia
1129 2740 1232 2780 eorum.
1249 2735 1373 2789 causti.

82 2820 123 2884 Et
144 2821 267 2883 iterumn
288 2824 423 2881 Dominus
444 2825 522 2881 nouit
541 2825 726 2899 cogitationes
746 2823 900 2893 lominum,
926 2825 991 2900 quia
1013 2842 1100 2882 uanae
1121 2831 1197 2881 sunt.

168 3023 208 3088 V.
240 3030 351 3087 Etenim
373 3029 480 3087 Pusula
502 3037 627 3087 nostrum
649 3029 807 3087 tmsnolatus
827 3039 871 3087 est
893 3031 1030 3087 Christus.
1248 3043 1353 3098 capsa

170 3125 224 3190 Vl.
257 3132 380 3190 Nescitis
407 3133 481 3209 quod
508 3133 559 3209 qui
580 3131 715 3189 adhaeret
743 3134 899 3201 meretrici,
936 3151 1019 3189 unum
1047 3150 1148 3210 oorptu
1177 3141 1228 3189 est.
1247 3146 1372 3201 essunt.

84 3235 179 3292 Erunt
198 3235 286 3304 enim,
311 3236 418 3312 inquit,
443 3235 497 3292 duo
519 3236 548 3292 in
570 3252 681 3292 curnem
704 3252 797 3292 unum.

170 3330 238 3396 vlt.
268 3330 401 3396 Mutatus
423 3344 470 3396 est
491 3333 584 3396 locus.
628 3330 706 3397 Nom
730 3353 782 3418 pro
805 3354 840 3396 eo
860 3332 934 3416 quod
952 3344 1014 3410 est,
1048 3337 1087 3393 Et
1101 3336 1149 3394 tes
1165 3337 1233 3394 taes
1248 3352 1360 3407 ussus

83 3459 138 3499 non
159 3440 247 3509 dicit,
274 3436 362 3497 habet
383 3435 448 3512 ille,
473 3439 539 3497 Etsi
558 3439 606 3497 lea
627 3439 736 3515 Moysis
758 3439 827 3497 loeo
849 3458 904 3496 non
927 3439 1006 3496 dset't.

169 3535 253 3600 Vlll.
287 3542 430 3619 Numquid
449 3543 483 3599 de
504 3539 589 3599 bobus
610 3560 680 3600 eura
702 3549 747 3600 est
764 3542 837 3599 deo?
1247 3548 1335 3593 ttius.

168 3639 226 3704 IX.
257 3643 331 3702 Nolo
347 3647 419 3702 enim
436 3663 484 3702 uos
501 3645 650 3720 equorum,
667 3645 798 3725 fratres,
823 3645 952 3723 quomam
962 3652 1062 3720 potres
1076 3645 1169 3702 nostri
1182 3642 1234 3702 sub
1248 3651 1344 3707 casto,
1354 3654 1373 3697 1.

83 3747 156 3810 nube
168 3746 301 3825 suerunt,
325 3755 356 3805 et
368 3766 461 3806 omnes
476 3766 553 3805 more
569 3749 757 3818 transierunt,
788 3757 816 3805 et
832 3765 925 3804 omues
940 3747 1053 3804 eundem
1069 3764 1159 3804 meam
1176 3750 1234 3824 spi-

84 3852 195 3912 ritalem
209 3851 456 3908 manducaverunt.
503 3849 640 3909 Bibebunt
652 3853 724 3909 enum
738 3851 772 3908 de
786 3849 913 3926 spirituli
926 3858 1109 3926 consequente
1126 3869 1172 3907 eos
1184 3869 1233 3927 pe·

85 3964 147 4028 τως
174 3961 259 4030 petra
275 3960 366 4011 autem
386 3962 449 4010 erat
467 3953 607 4012 Christus.
654 3954 712 4011 Sed
727 3971 781 4010 non
800 3953 829 4009 in
842 3950 974 4028 plurilus
993 3971 1087 4010 eorum
1108 3950 1234 4029 benepla-

84 4059 169 4116 eitum
188 4064 232 4114 est
248 4056 309 4114 deo.
356 4057 432 4113 Haeo
451 4064 542 4114 autem
560 4057 589 4114 in
597 4056 703 4134 figura
712 4054 797 4134 suctu
814 4063 881 4112 sunt
896 4057 1003 4124 nostri,
1029 4064 1129 4113 utnon
1146 4057 1232 4113 simus

84 4161 308 4237 eonsuptmentes
329 4159 481 4229 malorum,
513 4160 589 4216 siout
608 4158 655 4216 iili
664 4156 797 4236 suerunt.
841 4157 937 4234 Neque
954 4158 1091 4215 idolorum
1110 4159 1233 4216 cultores

84 4260 259 4340 qfficiamini,
288 4263 363 4319 siout
377 4261 488 4338 quidum
506 4281 543 4318 ex
559 4261 643 4337 ipsis,
673 4259 897 4337 quemadmodum
914 4261 1122 4336 scriptumest:
1154 4263 1233 4321 Sedit

81 4365 203 4443 populus
218 4365 387 4422 manducare
404 4372 434 4420 et
446 4361 553 4432 bitere,
585 4371 614 4420 et
629 4371 817 4420 surrexerunt
832 4362 937 4420 ludere.
986 4362 1083 4440 Neque
1100 4372 1233 4423 tentemus

85 4513 186 4565 tertium
203 4511 251 4566 ui:
269 4523 294 4563 et
311 4513 348 4563 sic
363 4512 390 4561 in
406 4511 532 4578 reliquist‘
710 4507 750 4560 40.
765 4509 811 4578 μή,
824 4515 887 4576 quod
897 4515 1043 4563 desideratur
1053 4517 1078 4564 in
1089 4517 1233 4579 editurinc,

119 4581 159 4636 39.
179 4585 252 4645 tum
267 4580 486 4648 Μετηλλαγμένος.
528 4616 530 4621 «
677 4583 787 4631 Petouius
803 4596 832 4631 es
847 4584 898 4633 cod.
920 4585 991 4633 totto.
1007 4586 1112 4633 restituit.
