<?xml version="1.0" encoding="UTF-8"?>
<!DOCTYPE html PUBLIC "-//W3C//DTD XHTML 1.0 Transitional//EN"
    "http://www.w3.org/TR/xhtml1/DTD/xhtml1-transitional.dtd">
<html xmlns="http://www.w3.org/1999/xhtml" xml:lang="en" lang="en">
 <head>
  <title>
</title>
<meta http-equiv="Content-Type" content="text/html;charset=utf-8" />
  <meta name='ocr-system' content='tesseract 3.04.00' />
  <meta name='ocr-capabilities' content='ocr_page ocr_carea ocr_par ocr_line ocrx_word'/>
</head>
<body>
  <div class='ocr_page' id='page_1' title='image "./corporishaerese01unkngoog_0335.png"; bbox 0 0 3046 5084; ppageno 0'>
   <div class='ocr_carea' id='block_1_1' title="bbox 262 312 993 374">
    <p class='ocr_par' dir='ltr' id='par_1_1' title="bbox 262 312 993 374">
     <span class='ocr_line' id='line_1_1' title="bbox 262 312 993 374; baseline -0.003 -1"><span class='ocrx_word' id='word_1_1' title='bbox 262 312 323 374; x_wconf 75' lang='lat'><strong><em>330</em></strong></span> <span class='ocrx_word' id='word_1_2' title='bbox 686 321 809 373; x_wconf 78' lang='grc' dir='ltr'><strong><em>ειοιοτι</em></strong></span> <span class='ocrx_word' id='word_1_3' title='bbox 825 321 993 373; x_wconf 75' lang='grc' dir='ltr'><strong><em>οειειιιιιιι</em></strong></span> 
     </span>
    </p>
   </div>
   <div class='ocr_carea' id='block_1_2' title="bbox 126 433 1418 3398">
    <p class='ocr_par' dir='ltr' id='par_1_2' title="bbox 126 433 1418 1139">
     <span class='ocr_line' id='line_1_2' title="bbox 126 433 1417 528; baseline 0 -22"><span class='ocrx_word' id='word_1_4' title='bbox 126 452 195 520; x_wconf 78' lang='grc' dir='ltr'><strong><em>Κεφ.</em></strong></span> <span class='ocrx_word' id='word_1_5' title='bbox 212 449 253 524; x_wconf 83' lang='grc' dir='ltr'><strong><em>ιβ’.</em></strong></span> <span class='ocrx_word' id='word_1_6' title='bbox 353 437 412 505; x_wconf 86' lang='grc' dir='ltr'><strong><em>Τόν</em></strong></span> <span class='ocrx_word' id='word_1_7' title='bbox 428 440 481 522; x_wconf 81' lang='grc' dir='ltr'><strong><em>μὲν</em></strong></span> <span class='ocrx_word' id='word_1_8' title='bbox 496 433 552 505; x_wconf 86' lang='grc' dir='ltr'><strong><em>οῦν</em></strong></span> <span class='ocrx_word' id='word_1_9' title='bbox 571 436 753 524; x_wconf 88' lang='grc' dir='ltr'><strong><em>Προπάτορα</em></strong></span> <span class='ocrx_word' id='word_1_10' title='bbox 771 435 868 504; x_wconf 84' lang='grc' dir='ltr'><strong><em>αῦτῦν</em></strong></span> <span class='ocrx_word' id='word_1_11' title='bbox 884 436 1082 523; x_wconf 74' lang='grc' dir='ltr'><strong><em>γινώσκεσθαι</em></strong></span> <span class='ocrx_word' id='word_1_12' title='bbox 1097 437 1180 527; x_wconf 79' lang='grc' dir='ltr'><strong><em>μόνιγ</em></strong></span> <span class='ocrx_word' id='word_1_13' title='bbox 1196 439 1313 524; x_wconf 80' lang='grc' dir='ltr'><strong><em>λέγουσι</em></strong></span> <span class='ocrx_word' id='word_1_14' title='bbox 1326 446 1370 528; x_wconf 78' lang='grc' dir='ltr'><strong><em>τῷ</em></strong></span> <span class='ocrx_word' id='word_1_15' title='bbox 1386 442 1417 518; x_wconf 83' lang='grc' dir='ltr'><strong><em>έξ</em></strong></span> 
     </span>
     <span class='ocr_line' id='line_1_3' title="bbox 261 539 1418 629; baseline 0.002 -22"><span class='ocrx_word' id='word_1_16' title='bbox 261 539 353 608; x_wconf 89' lang='grc' dir='ltr'><strong><em>αῦτοῦ</em></strong></span> <span class='ocrx_word' id='word_1_17' title='bbox 375 540 505 628; x_wconf 77' lang='grc' dir='ltr'><em>γεγονότι</em></span> <span class='ocrx_word' id='word_1_18' title='bbox 524 549 707 627; x_wconf 87' lang='grc' dir='ltr'><strong><em>Μονογενεῖ,</em></strong></span> <span class='ocrx_word' id='word_1_19' title='bbox 737 541 869 606; x_wconf 76' lang='grc' dir='ltr'><strong><em>τουτέστι</em></strong></span> <span class='ocrx_word' id='word_1_20' title='bbox 889 547 930 629; x_wconf 80' lang='grc' dir='ltr'><strong><em>τῷ</em></strong></span> <span class='ocrx_word' id='word_1_21' title='bbox 954 548 1023 628; x_wconf 77' lang='grc' dir='ltr'><strong><em>Νῷ,</em></strong></span> <span class='ocrx_word' id='word_1_22' title='bbox 1053 550 1116 618; x_wconf 89' lang='grc' dir='ltr'><strong><em>τοῖς</em></strong></span> <span class='ocrx_word' id='word_1_23' title='bbox 1136 541 1169 607; x_wconf 77' lang='grc' dir='ltr'><strong><em>θλ</em></strong></span> <span class='ocrx_word' id='word_1_24' title='bbox 1190 549 1306 618; x_wconf 75' lang='grc' dir='ltr'><strong><em>λοιποῖς</em></strong></span> <span class='ocrx_word' id='word_1_25' title='bbox 1326 549 1418 610; x_wconf 83' lang='grc' dir='ltr'><strong><em>πᾶσιν</em></strong></span> 
     </span>
     <span class='ocr_line' id='line_1_4' title="bbox 262 639 1417 730; baseline 0.001 -20"><span class='ocrx_word' id='word_1_26' title='bbox 262 643 391 730; x_wconf 84' lang='grc' dir='ltr'><strong><em>άόρατον</em></strong></span> <span class='ocrx_word' id='word_1_27' title='bbox 411 645 464 709; x_wconf 85' lang='grc' dir='ltr'><strong><em>καλ</em></strong></span> <span class='ocrx_word' id='word_1_28' title='bbox 484 641 690 725; x_wconf 90' lang='grc' dir='ltr'><strong><em>α’κατάληπτον</em></strong></span> <span class='ocrx_word' id='word_1_29' title='bbox 713 639 863 726; x_wconf 73' lang='grc' dir='ltr'><strong><em>ὑπάρχειν.</em></strong></span> <span class='ocrx_word' id='word_1_30' title='bbox 908 641 1016 718; x_wconf 82' lang='grc' dir='ltr'>Μόνος</span> <span class='ocrx_word' id='word_1_31' title='bbox 1035 644 1066 709; x_wconf 72' lang='grc' dir='ltr'><strong><em>δέ</em></strong></span> <span class='ocrx_word' id='word_1_32' title='bbox 1084 640 1103 708; x_wconf 87' lang='grc' dir='ltr'><strong><em>ό</em></strong></span> <span class='ocrx_word' id='word_1_33' title='bbox 1122 651 1207 720; x_wconf 96' lang='grc' dir='ltr'><strong><em>Νοῦς</em></strong></span> <span class='ocrx_word' id='word_1_34' title='bbox 1225 642 1288 709; x_wconf 89' lang='grc' dir='ltr'><strong><em>κατ’</em></strong></span> <span class='ocrx_word' id='word_1_35' title='bbox 1306 642 1417 722; x_wconf 85' lang='grc' dir='ltr'><strong><em>αῦτοός</em></strong></span> 
     </span>
     <span class='ocr_line' id='line_1_5' title="bbox 263 742 1417 833; baseline 0.003 -21"><span class='ocrx_word' id='word_1_36' title='bbox 263 748 396 832; x_wconf 75' lang='grc' dir='ltr'><strong><em>ἐτέρπετο</em></strong></span> <span class='ocrx_word' id='word_1_37' title='bbox 417 752 543 833; x_wconf 77' lang='grc' dir='ltr'><strong><em>θεωρῶν</em></strong></span> <span class='ocrx_word' id='word_1_38' title='bbox 560 743 611 810; x_wconf 88' lang='grc' dir='ltr'><strong><em>τόν</em></strong></span> <span class='ocrx_word' id='word_1_39' title='bbox 630 746 750 830; x_wconf 79' lang='grc' dir='ltr'><strong><em>Πατέρα</em></strong></span> <span class='ocrx_word' id='word_1_40' title='bbox 764 747 815 810; x_wconf 87' lang='grc' dir='ltr'><strong><em>καλ</em></strong></span> <span class='ocrx_word' id='word_1_41' title='bbox 833 744 866 810; x_wconf 88' lang='grc' dir='ltr'><strong><em>τό</em></strong></span> <span class='ocrx_word' id='word_1_42' title='bbox 883 747 1010 832; x_wconf 76' lang='grc' dir='ltr'><strong><em>μέγεθος</em></strong></span> <span class='ocrx_word' id='word_1_43' title='bbox 1027 743 1060 811; x_wconf 87' lang='grc' dir='ltr'><strong><em>τό</em></strong></span> <span class='ocrx_word' id='word_1_44' title='bbox 1076 742 1237 832; x_wconf 81' lang='grc' dir='ltr'><strong><em>άμέτρητον</em></strong></span> <span class='ocrx_word' id='word_1_45' title='bbox 1254 745 1348 817; x_wconf 82' lang='grc' dir='ltr'><strong><em>αῦτοῦ</em></strong></span> <span class='ocrx_word' id='word_1_46' title='bbox 1364 776 1417 815; x_wconf 87' lang='grc' dir='ltr'><strong><em>κα-</em></strong></span> 
     </span>
     <span class='ocr_line' id='line_1_6' title="bbox 260 830 1416 934; baseline 0.003 -22"><span class='ocrx_word' id='word_1_47' title='bbox 260 855 375 914; x_wconf 81' lang='grc' dir='ltr'><strong><em>τανοῶν</em></strong></span> <span class='ocrx_word' id='word_1_48' title='bbox 393 846 545 934; x_wconf 79' lang='grc' dir='ltr'><strong><em>ἠγάλλετο,</em></strong></span> <span class='ocrx_word' id='word_1_49' title='bbox 576 849 627 913; x_wconf 83' lang='grc' dir='ltr'><strong><em>καὶ</em></strong></span> <span class='ocrx_word' id='word_1_50' title='bbox 646 851 785 915; x_wconf 83' lang='grc' dir='ltr'><strong><em>διενοεῖτο</em></strong></span> <span class='ocrx_word' id='word_1_51' title='bbox 803 850 853 913; x_wconf 86' lang='grc' dir='ltr'><strong><em>καλ</em></strong></span> <span class='ocrx_word' id='word_1_52' title='bbox 872 857 934 924; x_wconf 85' lang='grc' dir='ltr'><strong><em>τοῖς</em></strong></span> <span class='ocrx_word' id='word_1_53' title='bbox 948 856 1065 925; x_wconf 79' lang='grc' dir='ltr'><strong><em>λοιποῖς</em></strong></span> <span class='ocrx_word' id='word_1_54' title='bbox 1084 830 1197 915; x_wconf 72' lang='grc' dir='ltr'><strong><em>Λίοῦσιν</em></strong></span> <span class='ocrx_word' id='word_1_55' title='bbox 1214 847 1416 917; x_wconf 79' lang='grc' dir='ltr'><strong><em>άνιικοινόσα·</em></strong></span> 
     </span>
     <span class='ocr_line' id='line_1_7' title="bbox 261 947 1416 1038; baseline 0.003 -22"><span class='ocrx_word' id='word_1_56' title='bbox 261 961 333 1017; x_wconf 84' lang='grc' dir='ltr'><strong><em>σθαι</em></strong></span> <span class='ocrx_word' id='word_1_57' title='bbox 352 949 384 1017; x_wconf 89' lang='grc' dir='ltr'><strong><em>τό</em></strong></span> <span class='ocrx_word' id='word_1_58' title='bbox 401 952 528 1038; x_wconf 84' lang='grc' dir='ltr'><strong><em>μέγεθος</em></strong></span> <span class='ocrx_word' id='word_1_59' title='bbox 544 958 598 1016; x_wconf 89' lang='grc' dir='ltr'><strong><em>τοῦ</em></strong></span> <span class='ocrx_word' id='word_1_60' title='bbox 616 948 753 1035; x_wconf 89' lang='grc' dir='ltr'><strong><em>Πατρός,</em></strong></span> <span class='ocrx_word' id='word_1_61' title='bbox 780 947 881 1032; x_wconf 74' lang='grc' dir='ltr'><strong><em>ἡλίκος</em></strong></span> <span class='ocrx_word' id='word_1_62' title='bbox 898 975 928 1015; x_wconf 90' lang='grc' dir='ltr'><strong><em>τε</em></strong></span> <span class='ocrx_word' id='word_1_63' title='bbox 947 952 997 1016; x_wconf 88' lang='grc' dir='ltr'><strong><em>καλ</em></strong></span> <span class='ocrx_word' id='word_1_64' title='bbox 1012 950 1083 1027; x_wconf 84' lang='grc' dir='ltr'><strong><em>ῦσος</em></strong></span> <span class='ocrx_word' id='word_1_65' title='bbox 1100 949 1227 1037; x_wconf 82' lang='grc' dir='ltr'><strong><em>ῦπῆρχε,</em></strong></span> <span class='ocrx_word' id='word_1_66' title='bbox 1249 956 1298 1019; x_wconf 79' lang='grc' dir='ltr'><strong><em>καὶ</em></strong></span> <span class='ocrx_word' id='word_1_67' title='bbox 1317 950 1359 1030; x_wconf 74' lang='grc' dir='ltr'><strong><em>οἱς</em></strong></span> <span class='ocrx_word' id='word_1_68' title='bbox 1375 947 1416 1036; x_wconf 79' lang='grc' dir='ltr'><strong><em>ἦν</em></strong></span> 
     </span>
     <span class='ocr_line' id='line_1_8' title="bbox 261 1049 1415 1139; baseline 0.003 -20"><span class='ocrx_word' id='word_1_69' title='bbox 261 1052 388 1139; x_wconf 82' lang='grc' dir='ltr'><strong><em>άναρχός</em></strong></span> <span class='ocrx_word' id='word_1_70' title='bbox 401 1079 431 1119; x_wconf 92' lang='grc' dir='ltr'><strong><em>τε</em></strong></span> <span class='ocrx_word' id='word_1_71' title='bbox 444 1056 495 1119; x_wconf 86' lang='grc' dir='ltr'><strong><em>καλ</em></strong></span> <span class='ocrx_word' id='word_1_72' title='bbox 511 1051 670 1137; x_wconf 80' lang='grc' dir='ltr'><strong><em>άχοόρητος,</em></strong></span> <span class='ocrx_word' id='word_1_73' title='bbox 693 1054 742 1117; x_wconf 81' lang='grc' dir='ltr'><strong><em>καλ</em></strong></span> <span class='ocrx_word' id='word_1_74' title='bbox 759 1049 796 1118; x_wconf 87' lang='grc' dir='ltr'><strong><em>οῦ</em></strong></span> <span class='ocrx_word' id='word_1_75' title='bbox 811 1052 996 1135; x_wconf 87' lang='grc' dir='ltr'><strong><em>καταληπτός</em></strong></span> <span class='ocrx_word' id='word_1_76' title='bbox 1008 1056 1089 1119; x_wconf 78' lang='grc' dir='ltr'><strong><em>ἰδεῖν.</em></strong></span> <span class='ocrx_word' id='word_1_77' title='bbox 1134 1056 1262 1138; x_wconf 80' lang='grc' dir='ltr'><strong><em>Κατέσχε</em></strong></span> <span class='ocrx_word' id='word_1_78' title='bbox 1277 1057 1310 1122; x_wconf 78' lang='grc' dir='ltr'><strong><em>δέ</em></strong></span> <span class='ocrx_word' id='word_1_79' title='bbox 1322 1054 1415 1137; x_wconf 74' lang='grc' dir='ltr'><strong><em>αὐτόν</em></strong></span> 
     </span>
    </p>

    <p class='ocr_par' dir='ltr' id='par_1_3' title="bbox 140 1152 1416 3398">
     <span class='ocr_line' id='line_1_9' title="bbox 140 1152 1415 1243; baseline -0.003 -16"><span class='ocrx_word' id='word_1_80' title='bbox 140 1195 191 1240; x_wconf 70' lang='grc' dir='ltr'><strong><em>ηις.</em></strong></span> <span class='ocrx_word' id='word_1_81' title='bbox 205 1185 249 1229; x_wconf 88' lang='grc' dir='ltr'><strong><em>ιιι.</em></strong></span> <span class='ocrx_word' id='word_1_82' title='bbox 263 1154 284 1240; x_wconf 74' lang='grc' dir='ltr'><em>ἦ</em></span> <span class='ocrx_word' id='word_1_83' title='bbox 299 1155 377 1243; x_wconf 71' lang='grc' dir='ltr'><strong><em>Σιγὴ</em></strong></span> <span class='ocrx_word' id='word_1_84' title='bbox 391 1154 528 1240; x_wconf 79' lang='grc' dir='ltr'><strong><em>βουλήσει</em></strong></span> <span class='ocrx_word' id='word_1_85' title='bbox 542 1162 596 1221; x_wconf 89' lang='grc' dir='ltr'><strong><em>τοῦ</em></strong></span> <span class='ocrx_word' id='word_1_86' title='bbox 613 1152 741 1239; x_wconf 86' lang='grc' dir='ltr'><strong><em>Πατρός,</em></strong></span> <span class='ocrx_word' id='word_1_87' title='bbox 764 1152 813 1220; x_wconf 78' lang='grc' dir='ltr'><strong><em>διά</em></strong></span> <span class='ocrx_word' id='word_1_88' title='bbox 825 1153 859 1220; x_wconf 89' lang='grc' dir='ltr'><strong><em>τό</em></strong></span> <span class='ocrx_word' id='word_1_89' title='bbox 877 1157 975 1221; x_wconf 83' lang='grc' dir='ltr'><strong><em>θέλειν</em></strong></span> <span class='ocrx_word' id='word_1_90' title='bbox 991 1155 1102 1232; x_wconf 90' lang='grc' dir='ltr'><strong><em>πάντας</em></strong></span> <span class='ocrx_word' id='word_1_91' title='bbox 1117 1154 1227 1233; x_wconf 88' lang='grc' dir='ltr'><strong><em>αῦτοῦς</em></strong></span> <span class='ocrx_word' id='word_1_92' title='bbox 1241 1160 1283 1234; x_wconf 79' lang='grc' dir='ltr'><strong><em>εἰς</em></strong></span> <span class='ocrx_word' id='word_1_93' title='bbox 1299 1160 1415 1225; x_wconf 81' lang='grc' dir='ltr'><strong><em>έννοιαν</em></strong></span> 
     </span>
     <span class='ocr_line' id='line_1_10' title="bbox 262 1256 1414 1346; baseline -0.002 -19"><span class='ocrx_word' id='word_1_94' title='bbox 262 1262 313 1327; x_wconf 84' lang='grc' dir='ltr'><strong><em>καλ</em></strong></span> <span class='ocrx_word' id='word_1_95' title='bbox 334 1259 434 1326; x_wconf 90' lang='grc' dir='ltr'><strong><em>πόθον</em></strong></span> <span class='ocrx_word' id='word_1_96' title='bbox 451 1257 593 1341; x_wconf 80' lang='grc' dir='ltr'><strong><em>ζητήσεως</em></strong></span> <span class='ocrx_word' id='word_1_97' title='bbox 614 1264 667 1322; x_wconf 89' lang='grc' dir='ltr'><strong><em>τοῦ</em></strong></span> <span class='ocrx_word' id='word_1_98' title='bbox 686 1259 901 1342; x_wconf 79' lang='grc' dir='ltr'><strong><em>προειρημένον</em></strong></span> <span class='ocrx_word' id='word_1_99' title='bbox 922 1257 1120 1344; x_wconf 86' lang='grc' dir='ltr'><strong><em>Προπάτορος</em></strong></span> <span class='ocrx_word' id='word_1_100' title='bbox 1144 1256 1266 1326; x_wconf 74' lang='grc' dir='ltr'><strong><em>1αῦτοῖν</em></strong></span> <span class='ocrx_word' id='word_1_101' title='bbox 1286 1257 1414 1346; x_wconf 85' lang='grc' dir='ltr'><strong><em>άγαγεῖν.</em></strong></span> 
     </span>
     <span class='ocr_line' id='line_1_11' title="bbox 263 1356 1414 1449; baseline 0 -23"><span class='ocrx_word' id='word_1_102' title='bbox 263 1365 324 1427; x_wconf 74' lang='grc' dir='ltr'><strong><em>Καὶ</em></strong></span> <span class='ocrx_word' id='word_1_103' title='bbox 340 1365 372 1428; x_wconf 82' lang='grc' dir='ltr'><strong><em>ολ</em></strong></span> <span class='ocrx_word' id='word_1_104' title='bbox 385 1364 437 1445; x_wconf 81' lang='grc' dir='ltr'><strong><em>μὲν</em></strong></span> <span class='ocrx_word' id='word_1_105' title='bbox 451 1362 552 1427; x_wconf 86' lang='grc' dir='ltr'><strong><em>λοιπολ</em></strong></span> <span class='ocrx_word' id='word_1_106' title='bbox 568 1356 678 1442; x_wconf 78' lang='grc' dir='ltr'><strong><em>όμοίοος</em></strong></span> <span class='ocrx_word' id='word_1_107' title='bbox 691 1362 807 1437; x_wconf 81' lang='grc' dir='ltr'><strong><em>Αλῶνες</em></strong></span> <span class='ocrx_word' id='word_1_108' title='bbox 819 1357 915 1449; x_wconf 65' lang='grc' dir='ltr'><strong><em>η’σοχγῖ</em></strong></span> <span class='ocrx_word' id='word_1_109' title='bbox 932 1387 996 1436; x_wconf 82' lang='grc' dir='ltr'><strong><em>ποις</em></strong></span> <span class='ocrx_word' id='word_1_110' title='bbox 1010 1361 1183 1428; x_wconf 81' lang='grc' dir='ltr'><strong><em>ἒπεπόθουν</em></strong></span> <span class='ocrx_word' id='word_1_111' title='bbox 1199 1360 1251 1429; x_wconf 91' lang='grc' dir='ltr'><strong><em>τόν</em></strong></span> <span class='ocrx_word' id='word_1_112' title='bbox 1264 1364 1414 1448; x_wconf 83' lang='grc' dir='ltr'><strong><em>προβολέα</em></strong></span> 
     </span>
     <span class='ocr_line' id='line_1_12' title="bbox 261 1460 1414 1550; baseline 0.002 -21"><span class='ocrx_word' id='word_1_113' title='bbox 261 1472 316 1531; x_wconf 90' lang='grc' dir='ltr'><strong><em>τοῦ</em></strong></span> <span class='ocrx_word' id='word_1_114' title='bbox 329 1467 494 1549; x_wconf 79' lang='grc' dir='ltr'><strong><em>σπέρματος</em></strong></span> <span class='ocrx_word' id='word_1_115' title='bbox 512 1460 635 1528; x_wconf 55' lang='grc' dir='ltr'><strong><em>θαῦτοῦν</em></strong></span> <span class='ocrx_word' id='word_1_116' title='bbox 650 1464 723 1527; x_wconf 78' lang='grc' dir='ltr'><strong><em>ἰδεῖν</em></strong></span> <span class='ocrx_word' id='word_1_117' title='bbox 736 1464 787 1527; x_wconf 87' lang='grc' dir='ltr'><strong><em>καλ</em></strong></span> <span class='ocrx_word' id='word_1_118' title='bbox 799 1461 853 1545; x_wconf 76' lang='grc' dir='ltr'><strong><em>τὴν</em></strong></span> <span class='ocrx_word' id='word_1_119' title='bbox 869 1461 996 1548; x_wconf 86' lang='grc' dir='ltr'><strong><em>άναρχον</em></strong></span> <span class='ocrx_word' id='word_1_120' title='bbox 1010 1467 1092 1547; x_wconf 75' lang='grc' dir='ltr'><strong><em>ῥέζον</em></strong></span> <span class='ocrx_word' id='word_1_121' title='bbox 1107 1468 1266 1549; x_wconf 74' lang='grc' dir='ltr'><strong><em>ἱστορῆσαι.</em></strong></span> <span class='ocrx_word' id='word_1_122' title='bbox 1311 1471 1414 1550; x_wconf 63' lang='grc' dir='ltr'><strong><em>1’Προ-</em></strong></span> 
     </span>
     <span class='ocr_line' id='line_1_13' title="bbox 260 1563 1415 1651; baseline 0 -18"><span class='ocrx_word' id='word_1_123' title='bbox 260 1566 350 1651; x_wconf 78' lang='grc' dir='ltr'><strong><em>ήλατο</em></strong></span> <span class='ocrx_word' id='word_1_124' title='bbox 367 1568 398 1632; x_wconf 82' lang='grc' dir='ltr'><strong><em>δέ</em></strong></span> <span class='ocrx_word' id='word_1_125' title='bbox 417 1563 493 1632; x_wconf 86' lang='grc' dir='ltr'><strong><em>πολῦ</em></strong></span> <span class='ocrx_word' id='word_1_126' title='bbox 509 1564 527 1631; x_wconf 85' lang='grc' dir='ltr'><strong><em>ό</em></strong></span> <span class='ocrx_word' id='word_1_127' title='bbox 543 1573 704 1640; x_wconf 72' lang='grc' dir='ltr'><strong><em>τελευταῖος</em></strong></span> <span class='ocrx_word' id='word_1_128' title='bbox 721 1566 773 1629; x_wconf 81' lang='grc' dir='ltr'><strong><em>καλ</em></strong></span> <span class='ocrx_word' id='word_1_129' title='bbox 788 1564 932 1641; x_wconf 83' lang='grc' dir='ltr'><strong><em>νεότατος</em></strong></span> <span class='ocrx_word' id='word_1_130' title='bbox 949 1573 1002 1649; x_wconf 79' lang='grc' dir='ltr'><strong><em>τῆς</em></strong></span> <span class='ocrx_word' id='word_1_131' title='bbox 1019 1566 1196 1643; x_wconf 81' lang='grc' dir='ltr'><strong><em>Δωθεκάὸος</em></strong></span> <span class='ocrx_word' id='word_1_132' title='bbox 1214 1574 1268 1650; x_wconf 81' lang='grc' dir='ltr'><strong><em>τῆς</em></strong></span> <span class='ocrx_word' id='word_1_133' title='bbox 1282 1564 1341 1633; x_wconf 88' lang='grc' dir='ltr'><strong><em>ῦπό</em></strong></span> <span class='ocrx_word' id='word_1_134' title='bbox 1359 1574 1415 1633; x_wconf 88' lang='grc' dir='ltr'><strong><em>τοῦ</em></strong></span> 
     </span>
     <span class='ocr_line' id='line_1_14' title="bbox 259 1665 1415 1756; baseline 0 -21"><span class='ocrx_word' id='word_1_135' title='bbox 259 1668 438 1756; x_wconf 83' lang='grc' dir='ltr'><strong><em>Ἀνθρόποο</em></strong></span> <span class='ocrx_word' id='word_1_136' title='bbox 462 1671 511 1734; x_wconf 77' lang='grc' dir='ltr'><strong><em>καὶ</em></strong></span> <span class='ocrx_word' id='word_1_137' title='bbox 535 1677 588 1752; x_wconf 83' lang='grc' dir='ltr'><strong><em>τῆς</em></strong></span> <span class='ocrx_word' id='word_1_138' title='bbox 609 1667 781 1750; x_wconf 83' lang='grc' dir='ltr'><strong><em>Ἐκκλησλας</em></strong></span> <span class='ocrx_word' id='word_1_139' title='bbox 805 1670 1069 1754; x_wconf 60' lang='grc' dir='ltr'><strong><em>έπροβεβλημένης</em></strong></span> <span class='ocrx_word' id='word_1_140' title='bbox 1093 1668 1194 1750; x_wconf 56' lang='lat' dir='ltr'><strong><em>Aah,</em></strong></span> <span class='ocrx_word' id='word_1_141' title='bbox 1222 1665 1415 1753; x_wconf 76' lang='grc' dir='ltr'><strong><em>τοοτέστινῆ</em></strong></span> 
     </span>
     <span class='ocr_line' id='line_1_15' title="bbox 262 1768 1416 1858; baseline 0 -19"><span class='ocrx_word' id='word_1_142' title='bbox 262 1776 378 1854; x_wconf 85' lang='grc' dir='ltr'><strong><em>Σοφλα,</em></strong></span> <span class='ocrx_word' id='word_1_143' title='bbox 408 1774 458 1838; x_wconf 85' lang='grc' dir='ltr'><strong><em>καλ</em></strong></span> <span class='ocrx_word' id='word_1_144' title='bbox 481 1774 577 1837; x_wconf 86' lang='grc' dir='ltr'><strong><em>έπαθε</em></strong></span> <span class='ocrx_word' id='word_1_145' title='bbox 595 1768 696 1845; x_wconf 84' lang='grc' dir='ltr'><strong><em>πάθος</em></strong></span> <span class='ocrx_word' id='word_1_146' title='bbox 714 1768 785 1835; x_wconf 84' lang='grc' dir='ltr'><strong><em>άνεο</em></strong></span> <span class='ocrx_word' id='word_1_147' title='bbox 802 1778 856 1854; x_wconf 77' lang='grc' dir='ltr'><strong><em>τῆς</em></strong></span> <span class='ocrx_word' id='word_1_148' title='bbox 876 1773 1038 1854; x_wconf 79' lang='grc' dir='ltr'><strong><em>ἐπιπλοκῆς</em></strong></span> <span class='ocrx_word' id='word_1_149' title='bbox 1051 1778 1107 1837; x_wconf 90' lang='grc' dir='ltr'><strong><em>τοῦ</em></strong></span> <span class='ocrx_word' id='word_1_150' title='bbox 1121 1771 1273 1858; x_wconf 71' lang='grc' dir='ltr'><strong><em>οσιιζῦγον</em></strong></span> <span class='ocrx_word' id='word_1_151' title='bbox 1287 1778 1342 1838; x_wconf 90' lang='grc' dir='ltr'><strong><em>τοῦ</em></strong></span> <span class='ocrx_word' id='word_1_152' title='bbox 1359 1776 1416 1839; x_wconf 83' lang='grc' dir='ltr'><strong><em>Θε-</em></strong></span> 
     </span>
     <span class='ocr_line' id='line_1_16' title="bbox 261 1871 1415 1959; baseline 0 -18"><span class='ocrx_word' id='word_1_153' title='bbox 261 1884 361 1959; x_wconf 89' lang='grc' dir='ltr'><strong><em>λητοῦ,</em></strong></span> <span class='ocrx_word' id='word_1_154' title='bbox 383 1875 401 1941; x_wconf 78' lang='grc' dir='ltr'><strong><em>ό</em></strong></span> <span class='ocrx_word' id='word_1_155' title='bbox 418 1873 557 1959; x_wconf 76' lang='grc' dir='ltr'><strong><em>ἐνήρξατο</em></strong></span> <span class='ocrx_word' id='word_1_156' title='bbox 575 1874 628 1957; x_wconf 73' lang='grc' dir='ltr'><strong><em>μέν</em></strong></span> <span class='ocrx_word' id='word_1_157' title='bbox 642 1875 673 1940; x_wconf 84' lang='grc' dir='ltr'><strong><em>έν</em></strong></span> <span class='ocrx_word' id='word_1_158' title='bbox 689 1881 752 1949; x_wconf 86' lang='grc' dir='ltr'><strong><em>τοῖς</em></strong></span> <span class='ocrx_word' id='word_1_159' title='bbox 767 1875 834 1959; x_wconf 90' lang='grc' dir='ltr'><strong><em>περλ</em></strong></span> <span class='ocrx_word' id='word_1_160' title='bbox 849 1871 901 1940; x_wconf 90' lang='grc' dir='ltr'><strong><em>τόν</em></strong></span> <span class='ocrx_word' id='word_1_161' title='bbox 918 1881 1004 1941; x_wconf 89' lang='grc' dir='ltr'><strong><em>Νοῦν</em></strong></span> <span class='ocrx_word' id='word_1_162' title='bbox 1021 1876 1073 1939; x_wconf 84' lang='grc' dir='ltr'><strong><em>καὶ</em></strong></span> <span class='ocrx_word' id='word_1_163' title='bbox 1086 1873 1140 1956; x_wconf 72' lang='grc' dir='ltr'><strong><em>τὴν</em></strong></span> <span class='ocrx_word' id='word_1_164' title='bbox 1153 1873 1318 1958; x_wconf 77' lang='grc' dir='ltr'><strong><em>Ἀλήθειαν,</em></strong></span> <span class='ocrx_word' id='word_1_165' title='bbox 1340 1871 1415 1941; x_wconf 86' lang='grc' dir='ltr'><strong><em>άπέ-</em></strong></span> 
     </span>
     <span class='ocr_line' id='line_1_17' title="bbox 261 1973 1415 2063; baseline -0.001 -19"><span class='ocrx_word' id='word_1_166' title='bbox 261 1996 357 2062; x_wconf 85' lang='grc' dir='ltr'><strong><em>σκηψε</em></strong></span> <span class='ocrx_word' id='word_1_167' title='bbox 371 1979 403 2044; x_wconf 78' lang='grc' dir='ltr'><strong><em>δὲ</em></strong></span> <span class='ocrx_word' id='word_1_168' title='bbox 420 1980 461 2055; x_wconf 80' lang='grc' dir='ltr'><strong><em>εἰς</em></strong></span> <span class='ocrx_word' id='word_1_169' title='bbox 475 1984 580 2043; x_wconf 89' lang='grc' dir='ltr'><strong><em>τοῦτον</em></strong></span> <span class='ocrx_word' id='word_1_170' title='bbox 593 1973 646 2042; x_wconf 88' lang='grc' dir='ltr'><strong><em>τόν</em></strong></span> <span class='ocrx_word' id='word_1_171' title='bbox 659 1979 900 2060; x_wconf 79' lang='grc' dir='ltr'><strong><em>παρατραπέντα,</em></strong></span> <span class='ocrx_word' id='word_1_172' title='bbox 922 1975 1075 2062; x_wconf 81' lang='grc' dir='ltr'><strong><em>πρόφασιν</em></strong></span> <span class='ocrx_word' id='word_1_173' title='bbox 1089 1978 1141 2060; x_wconf 83' lang='grc' dir='ltr'><strong><em>μὲν</em></strong></span> <span class='ocrx_word' id='word_1_174' title='bbox 1157 1975 1283 2063; x_wconf 86' lang='grc' dir='ltr'><strong><em>άγάπης,</em></strong></span> <span class='ocrx_word' id='word_1_175' title='bbox 1304 1976 1415 2061; x_wconf 80' lang='grc' dir='ltr'><strong><em>τόλμης</em></strong></span> 
     </span>
     <span class='ocr_line' id='line_1_18' title="bbox 260 2076 1410 2169; baseline 0.001 -23"><span class='ocrx_word' id='word_1_176' title='bbox 260 2082 292 2147; x_wconf 79' lang='grc' dir='ltr'><strong><em>δέ</em></strong></span> <span class='ocrx_word' id='word_1_177' title='bbox 306 2080 354 2146; x_wconf 82' lang='grc' dir='ltr'><strong><em>διά</em></strong></span> <span class='ocrx_word' id='word_1_178' title='bbox 368 2079 401 2146; x_wconf 87' lang='grc' dir='ltr'><strong><em>τό</em></strong></span> <span class='ocrx_word' id='word_1_179' title='bbox 417 2078 458 2163; x_wconf 74' lang='grc' dir='ltr'><strong><em>μή</em></strong></span> <span class='ocrx_word' id='word_1_180' title='bbox 475 2086 731 2163; x_wconf 67' lang='grc' dir='ltr'><strong><em>οκεκοινοινῆσθαι</em></strong></span> <span class='ocrx_word' id='word_1_181' title='bbox 746 2086 786 2167; x_wconf 76' lang='grc' dir='ltr'><strong><em>τῷ</em></strong></span> <span class='ocrx_word' id='word_1_182' title='bbox 801 2082 900 2165; x_wconf 86' lang='grc' dir='ltr'><strong><em>Πατρὶ</em></strong></span> <span class='ocrx_word' id='word_1_183' title='bbox 913 2086 954 2168; x_wconf 76' lang='grc' dir='ltr'><strong><em>τῷ</em></strong></span> <span class='ocrx_word' id='word_1_184' title='bbox 968 2084 1075 2169; x_wconf 74' lang='grc' dir='ltr'><strong><em>τελείῳ,</em></strong></span> <span class='ocrx_word' id='word_1_185' title='bbox 1091 2078 1197 2156; x_wconf 76' lang='grc' dir='ltr'><strong><em>καθοός</em></strong></span> <span class='ocrx_word' id='word_1_186' title='bbox 1212 2082 1263 2147; x_wconf 88' lang='grc' dir='ltr'><strong><em>καλ</em></strong></span> <span class='ocrx_word' id='word_1_187' title='bbox 1277 2076 1296 2146; x_wconf 86' lang='grc' dir='ltr'><strong><em>ό</em></strong></span> <span class='ocrx_word' id='word_1_188' title='bbox 1310 2086 1410 2157; x_wconf 85' lang='grc' dir='ltr'><strong><em>Νοῦς·</em></strong></span> 
     </span>
     <span class='ocr_line' id='line_1_19' title="bbox 260 2180 1411 2271; baseline 0.003 -23"><span class='ocrx_word' id='word_1_189' title='bbox 260 2182 292 2250; x_wconf 89' lang='grc' dir='ltr'><strong><em>τό</em></strong></span> <span class='ocrx_word' id='word_1_190' title='bbox 312 2185 344 2250; x_wconf 74' lang='grc' dir='ltr'><strong><em>δὲ</em></strong></span> <span class='ocrx_word' id='word_1_191' title='bbox 361 2181 464 2259; x_wconf 91' lang='grc' dir='ltr'><strong><em>πάθος</em></strong></span> <span class='ocrx_word' id='word_1_192' title='bbox 483 2180 558 2249; x_wconf 81' lang='grc' dir='ltr'><strong><em>εἶναι</em></strong></span> <span class='ocrx_word' id='word_1_193' title='bbox 574 2181 691 2266; x_wconf 80' lang='grc' dir='ltr'><strong><em>ζήτησιν</em></strong></span> <span class='ocrx_word' id='word_1_194' title='bbox 710 2189 763 2247; x_wconf 92' lang='grc' dir='ltr'><strong><em>τοῦ</em></strong></span> <span class='ocrx_word' id='word_1_195' title='bbox 780 2180 901 2267; x_wconf 87' lang='grc' dir='ltr'><strong><em>πατρός.</em></strong></span> <span class='ocrx_word' id='word_1_196' title='bbox 937 2180 1047 2248; x_wconf 81' lang='grc' dir='ltr'><strong><em>Ἤθελε</em></strong></span> <span class='ocrx_word' id='word_1_197' title='bbox 1063 2180 1136 2271; x_wconf 82' lang='grc' dir='ltr'><strong><em>γάρ,</em></strong></span> <span class='ocrx_word' id='word_1_198' title='bbox 1166 2181 1207 2260; x_wconf 83' lang='grc' dir='ltr'><strong><em>οῦς</em></strong></span> <span class='ocrx_word' id='word_1_199' title='bbox 1224 2184 1356 2269; x_wconf 87' lang='grc' dir='ltr'><strong><em>λέγουσι,</em></strong></span> <span class='ocrx_word' id='word_1_200' title='bbox 1376 2180 1411 2251; x_wconf 83' lang='grc' dir='ltr'><strong><em>τό</em></strong></span> 
     </span>
     <span class='ocr_line' id='line_1_20' title="bbox 260 2282 1411 2375; baseline -0.002 -22"><span class='ocrx_word' id='word_1_201' title='bbox 260 2289 387 2372; x_wconf 79' lang='grc' dir='ltr'><strong><em>μέγεθος</em></strong></span> <span class='ocrx_word' id='word_1_202' title='bbox 402 2284 495 2352; x_wconf 87' lang='grc' dir='ltr'><strong><em>αῦτοῦ</em></strong></span> <span class='ocrx_word' id='word_1_203' title='bbox 511 2289 694 2368; x_wconf 82' lang='grc' dir='ltr'><strong><em>καταλαβεῖν.</em></strong></span> <span class='ocrx_word' id='word_1_204' title='bbox 728 2282 852 2350; x_wconf 78' lang='grc' dir='ltr'><strong><em>Ἔπειτα</em></strong></span> <span class='ocrx_word' id='word_1_205' title='bbox 864 2282 905 2367; x_wconf 74' lang='grc' dir='ltr'><strong><em>μὴ</em></strong></span> <span class='ocrx_word' id='word_1_206' title='bbox 921 2289 1107 2369; x_wconf 80' lang='grc' dir='ltr'><strong><em>δυνηθῆναι,</em></strong></span> <span class='ocrx_word' id='word_1_207' title='bbox 1130 2283 1180 2353; x_wconf 80' lang='grc' dir='ltr'><strong><em>διά</em></strong></span> <span class='ocrx_word' id='word_1_208' title='bbox 1199 2283 1256 2352; x_wconf 66' lang='grc' dir='ltr'><strong><em>γτό</em></strong></span> <span class='ocrx_word' id='word_1_209' title='bbox 1271 2282 1411 2375; x_wconf 79' lang='grc' dir='ltr'><strong><em>άῦννάτηο</em></strong></span> 
     </span>
     <span class='ocr_line' id='line_1_21' title="bbox 259 2385 1409 2476; baseline -0.002 -20"><span class='ocrx_word' id='word_1_210' title='bbox 259 2394 407 2473; x_wconf 77' lang='grc' dir='ltr'><strong><em>ἐπιβαλεῖν</em></strong></span> <span class='ocrx_word' id='word_1_211' title='bbox 419 2387 584 2475; x_wconf 86' lang='grc' dir='ltr'><strong><em>πράγματι,</em></strong></span> <span class='ocrx_word' id='word_1_212' title='bbox 612 2390 663 2454; x_wconf 85' lang='grc' dir='ltr'><strong><em>καὶ</em></strong></span> <span class='ocrx_word' id='word_1_213' title='bbox 678 2390 710 2453; x_wconf 84' lang='grc' dir='ltr'><strong><em>έν</em></strong></span> <span class='ocrx_word' id='word_1_214' title='bbox 725 2395 822 2476; x_wconf 79' lang='grc' dir='ltr'><strong><em>πολλρῦ</em></strong></span> <span class='ocrx_word' id='word_1_215' title='bbox 835 2385 915 2453; x_wconf 89' lang='grc' dir='ltr'><strong><em>πάνυ</em></strong></span> <span class='ocrx_word' id='word_1_216' title='bbox 933 2385 1024 2474; x_wconf 77' lang='grc' dir='ltr'><strong><em>άγοῦνι</em></strong></span> <span class='ocrx_word' id='word_1_217' title='bbox 1038 2387 1209 2473; x_wconf 73' lang='grc' dir='ltr'><strong><em>γενόμενον,</em></strong></span> <span class='ocrx_word' id='word_1_218' title='bbox 1238 2386 1290 2455; x_wconf 79' lang='grc' dir='ltr'><strong><em>διά</em></strong></span> <span class='ocrx_word' id='word_1_219' title='bbox 1308 2394 1360 2454; x_wconf 63' lang='grc' dir='ltr'><strong><em>*τι</em></strong></span> <span class='ocrx_word' id='word_1_220' title='bbox 1374 2385 1409 2454; x_wconf 85' lang='grc' dir='ltr'><strong><em>τό</em></strong></span> 
     </span>
     <span class='ocr_line' id='line_1_22' title="bbox 260 2487 1411 2578; baseline -0.001 -19"><span class='ocrx_word' id='word_1_221' title='bbox 260 2495 384 2578; x_wconf 82' lang='grc' dir='ltr'><strong><em>μέγεθος</em></strong></span> <span class='ocrx_word' id='word_1_222' title='bbox 406 2500 458 2557; x_wconf 87' lang='grc' dir='ltr'><strong><em>τοῦ</em></strong></span> <span class='ocrx_word' id='word_1_223' title='bbox 480 2489 600 2576; x_wconf 84' lang='grc' dir='ltr'><strong><em>βάθους</em></strong></span> <span class='ocrx_word' id='word_1_224' title='bbox 621 2491 672 2558; x_wconf 82' lang='grc' dir='ltr'><strong><em>καὶ</em></strong></span> <span class='ocrx_word' id='word_1_225' title='bbox 693 2488 726 2556; x_wconf 86' lang='grc' dir='ltr'><strong><em>τό</em></strong></span> <span class='ocrx_word' id='word_1_226' title='bbox 749 2487 962 2573; x_wconf 80' lang='grc' dir='ltr'><strong><em>άνεξιγνλαστον</em></strong></span> <span class='ocrx_word' id='word_1_227' title='bbox 978 2498 1033 2557; x_wconf 90' lang='grc' dir='ltr'><strong><em>τοῦ</em></strong></span> <span class='ocrx_word' id='word_1_228' title='bbox 1053 2489 1175 2576; x_wconf 89' lang='grc' dir='ltr'><strong><em>Πατρός</em></strong></span> <span class='ocrx_word' id='word_1_229' title='bbox 1192 2492 1245 2558; x_wconf 85' lang='grc' dir='ltr'><strong><em>καλ</em></strong></span> <span class='ocrx_word' id='word_1_230' title='bbox 1262 2488 1315 2575; x_wconf 73' lang='grc' dir='ltr'><strong><em>τὴν</em></strong></span> <span class='ocrx_word' id='word_1_231' title='bbox 1332 2487 1411 2575; x_wconf 82' lang='grc' dir='ltr'><strong><em>πρός</em></strong></span> 
     </span>
     <span class='ocr_line' id='line_1_23' title="bbox 258 2591 1411 2681; baseline 0 -20"><span class='ocrx_word' id='word_1_232' title='bbox 258 2593 350 2661; x_wconf 86' lang='grc' dir='ltr'><strong><em>αῦτόν</em></strong></span> <span class='ocrx_word' id='word_1_233' title='bbox 371 2593 498 2681; x_wconf 78' lang='grc' dir='ltr'><strong><em>στοργην</em></strong></span> <span class='ocrx_word' id='word_1_234' title='bbox 517 2592 716 2677; x_wconf 73' lang='grc' dir='ltr'><strong><em>ἐκτεινόμενον</em></strong></span> <span class='ocrx_word' id='word_1_235' title='bbox 738 2591 783 2658; x_wconf 87' lang='grc' dir='ltr'><strong><em>άελ</em></strong></span> <span class='ocrx_word' id='word_1_236' title='bbox 805 2595 854 2659; x_wconf 84' lang='grc' dir='ltr'><strong><em>έπὶ</em></strong></span> <span class='ocrx_word' id='word_1_237' title='bbox 875 2592 908 2659; x_wconf 88' lang='grc' dir='ltr'><strong><em>τό</em></strong></span> <span class='ocrx_word' id='word_1_238' title='bbox 926 2591 1059 2679; x_wconf 84' lang='grc' dir='ltr'><strong><em>πρόσθεν</em></strong></span> <span class='ocrx_word' id='word_1_239' title='bbox 1081 2591 1140 2659; x_wconf 84' lang='grc' dir='ltr'><strong><em>ῦπό</em></strong></span> <span class='ocrx_word' id='word_1_240' title='bbox 1160 2599 1213 2677; x_wconf 81' lang='grc' dir='ltr'><strong><em>τῆς</em></strong></span> <span class='ocrx_word' id='word_1_241' title='bbox 1232 2594 1411 2680; x_wconf 71' lang='grc' dir='ltr'><strong><em>γλνκῦπςτος</em></strong></span> 
     </span>
     <span class='ocr_line' id='line_1_24' title="bbox 259 2693 1410 2781; baseline -0.001 -17"><span class='ocrx_word' id='word_1_242' title='bbox 259 2696 351 2764; x_wconf 75' lang='grc' dir='ltr'><strong><em>αὐτοῦ</em></strong></span> <span class='ocrx_word' id='word_1_243' title='bbox 380 2705 542 2764; x_wconf 85' lang='grc' dir='ltr'><strong><em>τελευταῖον</em></strong></span> <span class='ocrx_word' id='word_1_244' title='bbox 570 2695 607 2762; x_wconf 83' lang='grc' dir='ltr'><strong><em>ῦν</em></strong></span> <span class='ocrx_word' id='word_1_245' title='bbox 635 2694 862 2763; x_wconf 87' lang='grc' dir='ltr'><strong><em>καταπεπόσθαι</em></strong></span> <span class='ocrx_word' id='word_1_246' title='bbox 891 2698 942 2761; x_wconf 81' lang='grc' dir='ltr'><strong><em>καλ</em></strong></span> <span class='ocrx_word' id='word_1_247' title='bbox 968 2693 1163 2763; x_wconf 85' lang='grc' dir='ltr'><strong><em>άναλελῦσθαι</em></strong></span> <span class='ocrx_word' id='word_1_248' title='bbox 1190 2698 1233 2773; x_wconf 83' lang='grc' dir='ltr'><strong><em>ιλς</em></strong></span> <span class='ocrx_word' id='word_1_249' title='bbox 1259 2695 1313 2781; x_wconf 69' lang='grc' dir='ltr'><strong><em>τόν</em></strong></span> <span class='ocrx_word' id='word_1_250' title='bbox 1338 2694 1410 2780; x_wconf 82' lang='grc' dir='ltr'><strong><em>ῦλην</em></strong></span> 
     </span>
     <span class='ocr_line' id='line_1_25' title="bbox 259 2797 1412 2890; baseline 0 -23"><span class='ocrx_word' id='word_1_251' title='bbox 259 2798 376 2880; x_wconf 84' lang='grc' dir='ltr'><strong><em>οῦσλαν,</em></strong></span> <span class='ocrx_word' id='word_1_252' title='bbox 407 2803 434 2865; x_wconf 85' lang='grc' dir='ltr'><strong><em>εἰ</em></strong></span> <span class='ocrx_word' id='word_1_253' title='bbox 453 2797 494 2884; x_wconf 73' lang='grc' dir='ltr'><strong><em>μὴ</em></strong></span> <span class='ocrx_word' id='word_1_254' title='bbox 512 2807 548 2889; x_wconf 75' lang='grc' dir='ltr'><strong><em>τῇ</em></strong></span> <span class='ocrx_word' id='word_1_255' title='bbox 566 2798 737 2890; x_wconf 77' lang='grc' dir='ltr'><strong><em>στηριζοόση</em></strong></span> <span class='ocrx_word' id='word_1_256' title='bbox 756 2802 807 2865; x_wconf 81' lang='grc' dir='ltr'><strong><em>καὶ</em></strong></span> <span class='ocrx_word' id='word_1_257' title='bbox 825 2798 909 2875; x_wconf 80' lang='grc' dir='ltr'><strong><em>ἐκτός</em></strong></span> <span class='ocrx_word' id='word_1_258' title='bbox 923 2806 978 2865; x_wconf 90' lang='grc' dir='ltr'><strong><em>τοῦ</em></strong></span> <span class='ocrx_word' id='word_1_259' title='bbox 990 2798 1123 2887; x_wconf 81' lang='grc' dir='ltr'><strong><em>άρρήτου</em></strong></span> <span class='ocrx_word' id='word_1_260' title='bbox 1137 2800 1285 2884; x_wconf 74' lang='grc' dir='ltr'><strong><em>μεγέθους</em></strong></span> <span class='ocrx_word' id='word_1_261' title='bbox 1297 2805 1412 2881; x_wconf 76' lang='grc' dir='ltr'><strong><em>φνλοισ·</em></strong></span> 
     </span>
     <span class='ocr_line' id='line_1_26' title="bbox 260 2900 1411 2994; baseline 0.001 -24"><span class='ocrx_word' id='word_1_262' title='bbox 260 2903 352 2994; x_wconf 82' lang='grc' dir='ltr'><strong><em>οοόση</em></strong></span> <span class='ocrx_word' id='word_1_263' title='bbox 370 2902 406 2969; x_wconf 87' lang='grc' dir='ltr'><strong><em>τά</em></strong></span> <span class='ocrx_word' id='word_1_264' title='bbox 425 2902 479 2969; x_wconf 83' lang='grc' dir='ltr'><strong><em>ῦλα</em></strong></span> <span class='ocrx_word' id='word_1_265' title='bbox 493 2904 629 2986; x_wconf 78' lang='grc' dir='ltr'><strong><em>σονέτνγε</em></strong></span> <span class='ocrx_word' id='word_1_266' title='bbox 646 2902 771 2986; x_wconf 80' lang='grc' dir='ltr'><strong><em>δυνάμει</em></strong></span> <span class='ocrx_word' id='word_1_267' title='bbox 787 2902 906 2986; x_wconf 77' lang='grc' dir='ltr'><strong><em>(ταύτην</em></strong></span> <span class='ocrx_word' id='word_1_268' title='bbox 922 2903 955 2969; x_wconf 76' lang='grc' dir='ltr'><strong><em>δέ</em></strong></span> <span class='ocrx_word' id='word_1_269' title='bbox 971 2901 1026 2986; x_wconf 76' lang='grc' dir='ltr'><strong><em>την</em></strong></span> <span class='ocrx_word' id='word_1_270' title='bbox 1041 2901 1169 2986; x_wconf 76' lang='grc' dir='ltr'><strong><em>δύναμιν</em></strong></span> <span class='ocrx_word' id='word_1_271' title='bbox 1184 2900 1342 2987; x_wconf 83' lang='grc' dir='ltr'><strong><em>καλὍρον</em></strong></span> <span class='ocrx_word' id='word_1_272' title='bbox 1356 2928 1411 2971; x_wconf 81' lang='grc' dir='ltr'><strong><em>κα·</em></strong></span> 
     </span>
     <span class='ocr_line' id='line_1_27' title="bbox 257 2998 1412 3091; baseline -0.003 -17"><span class='ocrx_word' id='word_1_273' title='bbox 257 3015 386 3086; x_wconf 85' lang='grc' dir='ltr'><strong><em>λοῦσιν),</em></strong></span> <span class='ocrx_word' id='word_1_274' title='bbox 416 3003 469 3087; x_wconf 74' lang='grc' dir='ltr'><strong><em>ὕφ’</em></strong></span> <span class='ocrx_word' id='word_1_275' title='bbox 487 2998 525 3088; x_wconf 75' lang='grc' dir='ltr'><strong><em>ἧς</em></strong></span> <span class='ocrx_word' id='word_1_276' title='bbox 541 3006 719 3089; x_wconf 81' lang='grc' dir='ltr'><strong><em>έπεσχῆσθαι</em></strong></span> <span class='ocrx_word' id='word_1_277' title='bbox 738 3007 789 3070; x_wconf 88' lang='grc' dir='ltr'><strong><em>καλ</em></strong></span> <span class='ocrx_word' id='word_1_278' title='bbox 806 3007 991 3091; x_wconf 80' lang='grc' dir='ltr'><strong><em>έστηρλχθαι,</em></strong></span> <span class='ocrx_word' id='word_1_279' title='bbox 1021 3007 1072 3071; x_wconf 87' lang='grc' dir='ltr'><strong><em>καλ</em></strong></span> <span class='ocrx_word' id='word_1_280' title='bbox 1089 3003 1176 3090; x_wconf 83' lang='grc' dir='ltr'><strong><em>μόγις</em></strong></span> <span class='ocrx_word' id='word_1_281' title='bbox 1193 3005 1412 3090; x_wconf 66' lang='grc' dir='ltr'><strong><em>ἐπιστρέψαντα</em></strong></span> 
     </span>
     <span class='ocr_line' id='line_1_28' title="bbox 258 3103 1414 3193; baseline -0.002 -16"><span class='ocrx_word' id='word_1_282' title='bbox 258 3113 301 3187; x_wconf 75' lang='grc' dir='ltr'><strong><em>εἰς</em></strong></span> <span class='ocrx_word' id='word_1_283' title='bbox 316 3107 431 3188; x_wconf 80' lang='grc' dir='ltr'><strong><em>ἑαυτόν,</em></strong></span> <span class='ocrx_word' id='word_1_284' title='bbox 453 3112 503 3174; x_wconf 87' lang='grc' dir='ltr'><strong><em>καλ</em></strong></span> <span class='ocrx_word' id='word_1_285' title='bbox 519 3109 678 3175; x_wconf 83' lang='grc' dir='ltr'><strong><em>πεισθέντα</em></strong></span> <span class='ocrx_word' id='word_1_286' title='bbox 691 3107 736 3174; x_wconf 82' lang='grc' dir='ltr'><strong><em>ότι</em></strong></span> <span class='ocrx_word' id='word_1_287' title='bbox 752 3105 956 3191; x_wconf 87' lang='grc' dir='ltr'><strong><em>άκατάληπτός</em></strong></span> <span class='ocrx_word' id='word_1_288' title='bbox 971 3104 1079 3175; x_wconf 82' lang='grc' dir='ltr'><strong><em>έστινό</em></strong></span> <span class='ocrx_word' id='word_1_289' title='bbox 1095 3104 1212 3193; x_wconf 76' lang='grc' dir='ltr'><strong><em>Πατήρ,</em></strong></span> <span class='ocrx_word' id='word_1_290' title='bbox 1234 3103 1414 3175; x_wconf 80' lang='grc' dir='ltr'><strong><em>όποθέσθτιε</em></strong></span> 
     </span>
     <span class='ocr_line' id='line_1_29' title="bbox 259 3208 1413 3300; baseline 0 -21"><span class='ocrx_word' id='word_1_291' title='bbox 259 3211 313 3297; x_wconf 75' lang='grc' dir='ltr'><strong><em>τὴν</em></strong></span> <span class='ocrx_word' id='word_1_292' title='bbox 330 3214 474 3300; x_wconf 79' lang='grc' dir='ltr'><strong><em>προτέραν</em></strong></span> <span class='ocrx_word' id='word_1_293' title='bbox 492 3210 657 3295; x_wconf 74' lang='grc' dir='ltr'><strong><em>ἐνθύμησιν</em></strong></span> <span class='ocrx_word' id='word_1_294' title='bbox 674 3209 730 3277; x_wconf 88' lang='grc' dir='ltr'><strong><em>σῦν</em></strong></span> <span class='ocrx_word' id='word_1_295' title='bbox 750 3218 791 3300; x_wconf 80' lang='grc' dir='ltr'><strong><em>τῷ</em></strong></span> <span class='ocrx_word' id='word_1_296' title='bbox 806 3212 997 3300; x_wconf 82' lang='grc' dir='ltr'><strong><em>έπιγινομένιγ</em></strong></span> <span class='ocrx_word' id='word_1_297' title='bbox 1014 3209 1107 3277; x_wconf 90' lang='grc' dir='ltr'><strong><em>πάθει</em></strong></span> <span class='ocrx_word' id='word_1_298' title='bbox 1124 3212 1158 3277; x_wconf 84' lang='grc' dir='ltr'><strong><em>έιι</em></strong></span> <span class='ocrx_word' id='word_1_299' title='bbox 1173 3218 1228 3278; x_wconf 90' lang='grc' dir='ltr'><strong><em>τοῦ</em></strong></span> <span class='ocrx_word' id='word_1_300' title='bbox 1243 3208 1413 3294; x_wconf 72' lang='grc' dir='ltr'><strong><em>ἔκπληκτον</em></strong></span> 
     </span>
     <span class='ocr_line' id='line_1_30' title="bbox 260 3314 558 3398; baseline -0.013 -15"><span class='ocrx_word' id='word_1_301' title='bbox 260 3320 373 3384; x_wconf 76' lang='grc' dir='ltr'><strong><em>ἐκείνου</em></strong></span> <span class='ocrx_word' id='word_1_302' title='bbox 395 3314 558 3398; x_wconf 80' lang='grc' dir='ltr'><strong><em>θαύματος.</em></strong></span> 
     </span>
    </p>
   </div>
   <div class='ocr_carea' id='block_1_3' title="bbox 117 3955 1415 4191">
    <p class='ocr_par' dir='ltr' id='par_1_4' title="bbox 117 3955 1415 4191">
     <span class='ocr_line' id='line_1_31' title="bbox 117 3955 1415 4084; baseline -0.003 -16"><span class='ocrx_word' id='word_1_303' title='bbox 117 4013 185 4082; x_wconf 78' lang='grc' dir='ltr'><strong><em>Κιφ.</em></strong></span> <span class='ocrx_word' id='word_1_304' title='bbox 203 4011 243 4081; x_wconf 85' lang='grc' dir='ltr'><strong><em>ιγ’.</em></strong></span> <span class='ocrx_word' id='word_1_305' title='bbox 335 3999 433 4066; x_wconf 77' lang='grc' dir='ltr'><strong><em>Ἔνιοι</em></strong></span> <span class='ocrx_word' id='word_1_306' title='bbox 450 3999 482 4064; x_wconf 77' lang='grc' dir='ltr'><strong><em>δὲ</em></strong></span> <span class='ocrx_word' id='word_1_307' title='bbox 500 3995 598 4065; x_wconf 83' lang='grc' dir='ltr'><strong><em>αῦτῦν</em></strong></span> <span class='ocrx_word' id='word_1_308' title='bbox 621 4004 708 4074; x_wconf 77' lang='grc' dir='ltr'><strong><em>Ιποῦς</em></strong></span> <span class='ocrx_word' id='word_1_309' title='bbox 723 3995 756 4062; x_wconf 89' lang='grc' dir='ltr'><strong><em>τό</em></strong></span> <span class='ocrx_word' id='word_1_310' title='bbox 773 3955 942 4081; x_wconf 32' lang='grc' dir='ltr'><strong><em>πάθοςοτῆς</em></strong></span> <span class='ocrx_word' id='word_1_311' title='bbox 957 4000 1076 4079; x_wconf 86' lang='grc' dir='ltr'><strong><em>Σοφίας</em></strong></span> <span class='ocrx_word' id='word_1_312' title='bbox 1092 3998 1144 4063; x_wconf 81' lang='grc' dir='ltr'><strong><em>καλ</em></strong></span> <span class='ocrx_word' id='word_1_313' title='bbox 1157 3994 1213 4083; x_wconf 75' lang='grc' dir='ltr'><strong><em>τήν</em></strong></span> <span class='ocrx_word' id='word_1_314' title='bbox 1227 3994 1415 4084; x_wconf 68' lang='grc' dir='ltr'><strong><em>ἐπιστροφὴν</em></strong></span> 
     </span>
     <span class='ocr_line' id='line_1_32' title="bbox 260 4096 1413 4191; baseline -0.005 -21"><span class='ocrx_word' id='word_1_315' title='bbox 260 4109 492 4189; x_wconf 82' lang='grc' dir='ltr'><strong><em>μοθολογοῦσιν;</em></strong></span> <span class='ocrx_word' id='word_1_316' title='bbox 516 4098 658 4191; x_wconf 50' lang='grc' dir='ltr'><strong><em>,άῦυνάτῳ</em></strong></span> <span class='ocrx_word' id='word_1_317' title='bbox 678 4103 728 4167; x_wconf 78' lang='grc' dir='ltr'><strong><em>καὶ</em></strong></span> <span class='ocrx_word' id='word_1_318' title='bbox 746 4097 941 4191; x_wconf 75' lang='grc' dir='ltr'><strong><em>άκαταλὴπτρι</em></strong></span> <span class='ocrx_word' id='word_1_319' title='bbox 958 4098 1108 4187; x_wconf 83' lang='grc' dir='ltr'><strong><em>πράγματι</em></strong></span> <span class='ocrx_word' id='word_1_320' title='bbox 1127 4096 1246 4185; x_wconf 73' lang='grc' dir='ltr'><strong><em>ἀῦτήν</em></strong></span> <span class='ocrx_word' id='word_1_321' title='bbox 1263 4096 1413 4189; x_wconf 74' lang='grc' dir='ltr'><strong><em>έπιχειρή-</em></strong></span> 
     </span>
    </p>
   </div>
   <div class='ocr_carea' id='block_1_4' title="bbox 329 4287 1418 4360">
    <p class='ocr_par' dir='ltr' id='par_1_5' title="bbox 329 4287 1418 4360">
     <span class='ocr_line' id='line_1_33' title="bbox 329 4287 1418 4360; baseline 0.001 -16"><span class='ocrx_word' id='word_1_322' title='bbox 329 4295 386 4344; x_wconf 66' lang='grc' dir='ltr'><strong><em>(λιι.</em></strong></span> <span class='ocrx_word' id='word_1_323' title='bbox 403 4294 461 4344; x_wconf 82' lang='grc' dir='ltr'><strong><em>ΧΠ.</em></strong></span> <span class='ocrx_word' id='word_1_324' title='bbox 487 4321 520 4332; x_wconf 90' lang='grc'>-</span> <span class='ocrx_word' id='word_1_325' title='bbox 547 4294 568 4345; x_wconf 86' lang='grc'><strong><em>1.</em></strong></span> <span class='ocrx_word' id='word_1_326' title='bbox 589 4287 666 4345; x_wconf 81' lang='grc' dir='ltr'><strong><em>αῦτῦι</em></strong></span> <span class='ocrx_word' id='word_1_327' title='bbox 684 4288 817 4360; x_wconf 85' lang='grc' dir='ltr'><strong><em>άιαγαγεῖι</em></strong></span> <span class='ocrx_word' id='word_1_328' title='bbox 851 4296 906 4344; x_wconf 77' lang='grc' dir='ltr'><strong><em>ασελ</em></strong></span> <span class='ocrx_word' id='word_1_329' title='bbox 919 4293 1308 4356; x_wconf 73' lang='grc' dir='ltr'><strong><em>Ιπλπρτιλλειλΐετιαλλλοπλοσο.</em></strong></span> <span class='ocrx_word' id='word_1_330' title='bbox 1323 4292 1418 4345; x_wconf 56' lang='lat' dir='ltr'><strong><em>nu.</em></strong></span> 
     </span>
    </p>
   </div>
   <div class='ocr_carea' id='block_1_5' title="bbox 260 4358 1416 4495">
    <p class='ocr_par' dir='ltr' id='par_1_6' title="bbox 260 4358 1416 4495">
     <span class='ocr_line' id='line_1_34' title="bbox 260 4358 1416 4431; baseline -0.003 -17"><span class='ocrx_word' id='word_1_331' title='bbox 260 4366 312 4415; x_wconf 77' lang='lat' dir='ltr'><strong><em>cod.</em></strong></span> <span class='ocrx_word' id='word_1_332' title='bbox 328 4365 382 4415; x_wconf 76' lang='lat' dir='ltr'><strong><em>ven.</em></strong></span> <span class='ocrx_word' id='word_1_333' title='bbox 852 4376 905 4425; x_wconf 82' lang='grc' dir='ltr'><strong><em>οορ.</em></strong></span> <span class='ocrx_word' id='word_1_334' title='bbox 918 4362 943 4413; x_wconf 79' lang='grc'><strong><em>8.</em></strong></span> <span class='ocrx_word' id='word_1_335' title='bbox 962 4376 1015 4412; x_wconf 79' lang='lat' dir='ltr'><strong><em>cum</em></strong></span> <span class='ocrx_word' id='word_1_336' title='bbox 1031 4362 1163 4423; x_wconf 76' lang='grc' dir='ltr'><strong><em>Ιοιειιελο,</em></strong></span> <span class='ocrx_word' id='word_1_337' title='bbox 1176 4375 1221 4423; x_wconf 81' lang='grc' dir='ltr'><strong><em>ρτο</em></strong></span> <span class='ocrx_word' id='word_1_338' title='bbox 1237 4358 1416 4431; x_wconf 73' lang='grc' dir='ltr'><strong><em>προβιβληγιλ·</em></strong></span> 
     </span>
     <span class='ocr_line' id='line_1_35' title="bbox 293 4425 1258 4495; baseline -0.003 -13"><span class='ocrx_word' id='word_1_339' title='bbox 293 4436 317 4483; x_wconf 71' lang='lat'><strong><em>¹2.</em></strong></span> <span class='ocrx_word' id='word_1_340' title='bbox 335 4425 411 4484; x_wconf 81' lang='grc' dir='ltr'><strong><em>αῦτόι</em></strong></span> <span class='ocrx_word' id='word_1_341' title='bbox 427 4433 477 4482; x_wconf 77' lang='grc' dir='ltr'><strong><em>τοῦ.</em></strong></span> <span class='ocrx_word' id='word_1_342' title='bbox 494 4433 548 4481; x_wconf 78' lang='lat' dir='ltr'><strong><em>Vm.</em></strong></span> <span class='ocrx_word' id='word_1_343' title='bbox 566 4444 582 4479; x_wconf 90' lang='grc' dir='ltr'><strong><em>ο</em></strong></span> <span class='ocrx_word' id='word_1_344' title='bbox 597 4432 677 4493; x_wconf 75' lang='grc' dir='ltr'><strong><em>ρήιοο</em></strong></span> <span class='ocrx_word' id='word_1_345' title='bbox 694 4444 777 4480; x_wconf 75' lang='lat' dir='ltr'><strong><em>manu.</em></strong></span> <span class='ocrx_word' id='word_1_346' title='bbox 852 4447 907 4495; x_wconf 85' lang='grc' dir='ltr'><strong><em>νος,</em></strong></span> <span class='ocrx_word' id='word_1_347' title='bbox 925 4431 1082 4494; x_wconf 72' lang='lat' dir='ltr'><em>quod-omnes</em></span> <span class='ocrx_word' id='word_1_348' title='bbox 1097 4430 1151 4479; x_wconf 80' lang='grc' dir='ltr'><strong><em>λε’ῦτλ</em></strong></span> <span class='ocrx_word' id='word_1_349' title='bbox 1166 4429 1258 4479; x_wconf 65' lang='lat' dir='ltr'><strong><em>M.</em></strong></span> 
     </span>
    </p>
   </div>
   <div class='ocr_carea' id='block_1_6' title="bbox 293 4468 1459 4632">
    <p class='ocr_par' dir='ltr' id='par_1_7' title="bbox 293 4468 1459 4632">
     <span class='ocr_line' id='line_1_36' title="bbox 293 4468 1459 4568; baseline -0.004 -16"><span class='ocrx_word' id='word_1_350' title='bbox 293 4500 318 4552; x_wconf 80' lang='lat'><strong><em>3.</em></strong></span> <span class='ocrx_word' id='word_1_351' title='bbox 334 4495 470 4568; x_wconf 72' lang='grc' dir='ltr'><strong><em>τροςάλιτο</em></strong></span> <span class='ocrx_word' id='word_1_352' title='bbox 487 4501 538 4550; x_wconf 76' lang='lat' dir='ltr'>cod.</span> <span class='ocrx_word' id='word_1_353' title='bbox 556 4502 608 4549; x_wconf 80' lang='grc' dir='ltr'><strong><em>λέπ</em></strong></span> <span class='ocrx_word' id='word_1_354' title='bbox 886 4499 910 4549; x_wconf 78' lang='grc'><strong><em>5.</em></strong></span> <span class='ocrx_word' id='word_1_355' title='bbox 923 4496 1031 4564; x_wconf 77' lang='grc' dir='ltr'><strong><em>συζύγου</em></strong></span> <span class='ocrx_word' id='word_1_356' title='bbox 1041 4499 1134 4561; x_wconf 64' lang='lat' dir='ltr'>smmi,</span> <span class='ocrx_word' id='word_1_357' title='bbox 1143 4497 1415 4563; x_wconf 59' lang='lat' dir='ltr'><strong><em>bonumam-</em></strong></span> <span class='ocrx_word' id='word_1_358' title='bbox 1453 4468 1459 4481; x_wconf 30' lang='grc' dir='ltr'>ι</span> 
     </span>
     <span class='ocr_line' id='line_1_37' title="bbox 294 4564 1415 4632; baseline -0.002 -13"><span class='ocrx_word' id='word_1_359' title='bbox 294 4567 318 4623; x_wconf 83' lang='lat'><strong><em>4.</em></strong></span> <span class='ocrx_word' id='word_1_360' title='bbox 336 4570 370 4619; x_wconf 81' lang='grc' dir='ltr'><strong><em>λλο</em></strong></span> <span class='ocrx_word' id='word_1_361' title='bbox 386 4571 496 4632; x_wconf 70' lang='lat' dir='ltr'><strong><em>metipsi</em></strong></span> <span class='ocrx_word' id='word_1_362' title='bbox 515 4570 545 4618; x_wconf 81' lang='grc' dir='ltr'><strong><em>σε</em></strong></span> <span class='ocrx_word' id='word_1_363' title='bbox 561 4568 697 4618; x_wconf 68' lang='lat' dir='ltr'><strong><em>amorim</em></strong></span> <span class='ocrx_word' id='word_1_364' title='bbox 712 4572 757 4618; x_wconf 80' lang='grc' dir='ltr'><strong><em>νει.</em></strong></span> <span class='ocrx_word' id='word_1_365' title='bbox 772 4569 820 4618; x_wconf 79' lang='grc' dir='ltr'><strong><em>λιι·</em></strong></span> <span class='ocrx_word' id='word_1_366' title='bbox 852 4571 898 4617; x_wconf 74' lang='lat' dir='ltr'><strong><em>um</em></strong></span> <span class='ocrx_word' id='word_1_367' title='bbox 911 4571 1011 4629; x_wconf 84' lang='grc' dir='ltr'><strong><em>ιιιιιλιιε,</em></strong></span> <span class='ocrx_word' id='word_1_368' title='bbox 1027 4578 1081 4619; x_wconf 68' lang='lat' dir='ltr'><strong><em>cum</em></strong></span> <span class='ocrx_word' id='word_1_369' title='bbox 1094 4568 1209 4619; x_wconf 68' lang='lat' dir='ltr'><em>m</em></span> <span class='ocrx_word' id='word_1_370' title='bbox 1221 4564 1326 4617; x_wconf 70' lang='lat' dir='ltr'><strong><em>Dum</em></strong></span> <span class='ocrx_word' id='word_1_371' title='bbox 1352 4566 1415 4623; x_wconf 67' lang='grc' dir='ltr'><strong><em>(λεί</em></strong></span> 
     </span>
    </p>
   </div>
   <div class='ocr_carea' id='block_1_7' title="bbox 0 0 1528 5084">
    <p class='ocr_par' dir='ltr' id='par_1_8' title="bbox 0 0 1528 5084">
     <span class='ocr_line' id='line_1_38' title="bbox 0 0 1528 5084; baseline 0 2"><span class='ocrx_word' id='word_1_372' title='bbox 0 0 1528 5084; x_wconf 95' lang='lat' dir='ltr'><strong><em> </em></strong></span> 
     </span>
    </p>
   </div>
  </div>
 </body>
</html>
