3046 5084
172 338 232 399 566
426 382 430 391 .
595 344 716 395 ειαοτι
733 344 902 395 Εεινιτιιειι

173 470 275 547 τρέων,
299 460 369 526 άλλά
386 460 439 543 τῆν
454 458 602 525 όπόθεσιν
619 458 692 544 όπέρ
709 458 794 543 ήμῶν
809 468 862 526 τοῦ
876 468 1006 546 σταυροῦ
1022 461 1241 546 ἀναδεξάμενος
1256 490 1329 550 προ·

174 571 296 651 αιρέσει,
319 562 419 629 καλοῦ
435 561 492 645 μετ’
507 561 644 648 άνάγκης.
679 562 778 628 Ὅθεν
793 563 954 648 έλήλεγκται
970 562 1045 629 κατά
1058 563 1156 630 πάντα
1170 574 1226 633 τοῦ
1241 576 1328 653 Μαρ-

172 676 282 745 κίωνος
298 667 316 735 ό
330 667 430 751 λόγος·
462 668 513 729 καὶ
530 665 621 730 πολλά
639 667 698 730 έστι
715 665 750 729 τά
765 665 841 751 πρός
858 664 1028 751 ἀνατροπὴν
1043 674 1097 749 τῆς
1111 667 1223 735 τοῦτον
1240 697 1330 754 μηχα-

173 781 226 856 νῆς
247 773 296 836 καὶ
313 773 476 857 τραγῳδίας
497 771 526 844 ἐξ
546 765 686 848 εὐσεβοῦς
699 776 840 853 λογισμοῦ
855 771 907 833 καλ
923 767 1045 855 εὐλόγου
1061 767 1220 854 ὁρμώμενα
1236 772 1328 856 δμφά·

174 898 247 950 σεως
268 876 300 939 έν
321 880 356 961 τῆ
379 868 455 956 πρός
477 867 567 934 αότδν
589 868 760 954 άντιρρήσει.

38 1096 103 1160 Κεφ.
123 1085 156 1143 θ’.
256 1076 428 1157 Ἐλεύσομαι
442 1076 474 1139 δέ
490 1079 530 1150 είς
543 1072 579 1137 τά
595 1072 644 1139 ὑπ’
660 1073 752 1140 αὐτοῦ
767 1078 961 1161 γεγραμμένα,
985 1084 1093 1158 μᾶλλον
1108 1079 1141 1143 δὲ
1156 1080 1329 1167 έρρριδιουρ-

174 1184 292 1268 γημένα.
340 1172 435 1252 Οὗτος
451 1177 506 1263 γάρ
530 1179 586 1259 έχει
604 1176 769 1262 εὐαγγέλιον
788 1181 879 1260 μόνον
898 1177 932 1243 τδ
954 1176 1028 1243 κατά
1043 1187 1184 1259 Λουκᾶν,
1216 1206 1329 1267 περικε-

173 1286 320 1365 κομμένον
336 1279 393 1345 άπό
410 1288 463 1361 τῆς
482 1278 573 1364 άρχῆς
588 1279 638 1344 διά
652 1277 706 1362 τήν
720 1288 773 1345 τοῦ
788 1289 920 1363 σωτῆρος
934 1280 1080 1364 σύλληψιν
1094 1285 1143 1347 καί
1159 1281 1215 1366 τήν
1229 1288 1328 1367 ἔνσαρ·

174 1514 224 1564 νος
246 1485 351 1552 ἑαυτόν
373 1484 446 1569 ἥπερ
469 1482 501 1548 τό
525 1482 702 1568 εὐαγγέλιον,
734 1483 804 1549 άλλά
825 1489 876 1550 καὶ
897 1494 951 1551 τοῦ
972 1489 1071 1563 τέλους
1086 1489 1138 1552 καλ
1156 1496 1217 1553 τοῖν
1235 1492 1331 1572 μέσων

174 1588 266 1656 πολλά
287 1590 447 1672 περιέκοψε
469 1594 528 1651 τῶν
550 1595 601 1668 τῆς
624 1586 763 1668 άληθείας
778 1587 884 1673 λόγων·
916 1587 987 1653 άλλα
1005 1591 1037 1655 δέ
1055 1588 1137 1675 παρά
1153 1589 1191 1655 τά
1206 1617 1329 1677 γεγραμ-

174 1696 248 1777 μένα
265 1692 461 1776 προςτέθεικε.
507 1687 604 1777 Μόνρι
622 1691 653 1754 δέ
671 1692 806 1775 κέχρηται
820 1690 914 1780 τούτῳ
932 1701 972 1781 τῷ
991 1700 1169 1778 χαρακτῆρι,
1198 1700 1241 1783 τῷ
1258 1692 1331 1759 κατά

174 1802 301 1860 Λουκᾶν
320 1791 483 1881 εὐαγγελίῳ.
519 1790 598 1874 Ἔχει
615 1793 647 1857 δέ
664 1795 715 1857 καλ
732 1791 884 1869 ἐπιστολάς
902 1792 971 1880 παρ’
987 1793 1066 1882 αὐτῷ
1084 1803 1138 1861 τοῦ
1154 1788 1243 1880 άγίου
1259 1794 1331 1863 άπα-

175 1896 281 1962 στόλου
298 1899 385 1975 δέκα,
416 1892 463 1969 αἶς
480 1893 584 1977 μόναις
599 1897 749 1979 κέχρηται,
778 1894 814 1961 οό
829 1904 901 1961 πᾶσι
919 1899 951 1961 δέ
964 1906 1025 1973 τοῖς
1041 1900 1074 1963 ἐν
1088 1896 1194 1975 αόταῖς
1206 1924 1330 1985 γεγραμ·

175 2002 287 2083 μένοις,
321 1997 391 2063 άλλά
412 2025 476 2062 τινα
500 1995 598 2061 αότιῦν
620 2001 813 2081 περιτέμνων,
845 1998 911 2063 τινά
939 2000 971 2065 δέ
993 1997 1155 2076 ἀλλοιώσας
1177 2004 1330 2083 κεφάλαια.

180 2102 308 2178 Ταόταις
335 2103 368 2166 δέ
396 2111 460 2176 ταῖς
489 2102 556 2164 δυσὶ
578 2105 691 2182 βίβλοις
714 2103 857 2185 κέχρηται.
901 2100 991 2166 ’Ἁλλα
1014 2105 1047 2169 δέ
1069 2102 1260 2189 συντάγματα
1281 2102 1331 2185 άφ’

53 2246 103 2292 pag.
117 2233 162 2275 ιιο.
177 2210 283 2272 ἑαυτοῦ
299 2205 435 2279 συνέταξε
449 2212 512 2278 τοῖς
526 2201 576 2267 α’π’
594 2200 687 2268 αότοῦ
701 2206 906 2287 πλανωμένοις.
950 2208 994 2269 At
1006 2206 1038 2271 δέ
1053 2208 1202 2272 έπιστολαλ
1217 2212 1253 2273 αι’
1264 2204 1331 2293 παρ’

175 2306 254 2395 αὐτῷ
270 2305 421 2391 λεγόμεναί
437 2308 507 2382 εἰσι,
537 2304 639 2390 πριότη
655 2307 708 2387 μέν
722 2304 797 2391 πρός
812 2306 960 2385 Γαλάτας,
991 2310 1114 2392 δευτέρα
1130 2310 1163 2375 δέ
1178 2309 1257 2396 πρός
1273 2316 1331 2377 Κο-

175 2414 325 2495 ρινθίους,
354 2412 436 2492 τρίτη
459 2406 535 2491 πρός
552 2413 739 2493 Κορινθίους
760 2412 894 2493 δευτέρα,
924 2408 1046 2495 τετάρτη
1068 2408 1144 2496 πρός
1157 2408 1332 2497 Ῥωμαίους,

176 2515 294 2594 πέμπτη
313 2509 389 2594 πρός
406 2515 640 2587 Θεσσαλονικεῖς,
669 2512 737 2590 έκτη
753 2508 827 2594 πρός
845 2516 1066 2589 Θεσσαλονικείς
1081 2516 1220 2600 δευτέρα,
1248 2514 1330 2601 έβδό·

176 2644 216 2700 μη
239 2612 314 2698 πρδς
334 2612 502 2693 Ἐφεσίους,
533 2611 625 2695 δγδόη
647 2609 723 2696 πρός
740 2620 921 2691 Κολωσσεῖς,
951 2613 1054 2699 έννάτη
1071 2615 1149 2701 πρδς
1165 2618 1331 2701 Φιλήμονα,

175 2720 282 2799 δεκάτη
304 2714 381 2799 πρός
402 2719 627 2796 Φιλιππησίους.
662 2713 742 2797 Ἔχει
762 2717 794 2780 δέ
812 2718 862 2781 καὶ
880 2723 934 2799 τῆς
950 2716 1026 2803 πρός
1049 2722 1239 2797 1Λαοδικέας
1255 2730 1331 2807 λεγο-

176 2822 266 2903 μένης
283 2820 367 2901 μέρη.
411 2815 457 2893 Ἐξ
475 2810 567 2901 οὗπερ
586 2825 771 2902 χαρακτῆρος
788 2826 842 2883 τοῦ
856 2818 923 2903 παρ’
939 2819 1033 2887 αάτοῦ
1047 2824 1217 2905 σωζομένου
1234 2830 1290 2891 τοῦ
1304 2848 1334 2889 τε

176 2920 343 3007 εὐαγγελίου
360 2922 411 2984 καὶ
426 2927 485 2983 τῶν
499 2922 661 2997 ἐπιστολῶν
676 2928 729 2984 τοῦ
747 2918 913 2987 άποστόλου
930 2927 1023 3001 δεῖξαι
1037 2922 1130 2991 αότδν
1147 2926 1180 2991 δν
1194 2934 1260 3017 θερί
1274 2928 1335 3011 έχο-

176 3050 228 3108 μεν
246 3022 401 3087 άπατεῦνα
416 3024 467 3087 καὶ
483 3025 719 3104 πεπλανημένον,
749 3024 798 3087 καί
817 3021 964 3107 άκρότατα
979 3028 1130 3112 διελέγξαι.
1172 3026 1222 3107 Ἐξ
1236 3026 1335 3095 αάτῦν

176 3126 232 3215 γάρ
247 3124 459 3207 άναμφιβόλως
473 3133 532 3189 τῶν
549 3122 617 3209 παρ’
631 3122 723 3191 αὐτοῦ
738 3123 980 3211 ὁμολογουμένων
994 3125 1243 3213 άνατραιτῆσεται.
1283 3130 1334 3197 Ἐν

177 3229 233 3317 γάρ
249 3236 308 3293 τῶν
323 3225 421 3291 αὐτῶν
434 3230 476 3292 έτι
492 3224 560 3311 παρ’
575 3225 668 3293 αὐτοῦ
681 3228 831 3310 λειψάνων
843 3236 897 3295 τοῦ
909 3256 939 3295 τε
954 3226 1122 3317 εάαγγελίου
1136 3236 1189 3299 καλ
1200 3240 1262 3301 τῶν
1273 3236 1333 3301 έπε-

178 3340 290 3398 στολιῦν
306 3328 522 3415 εὑρισκομένων
537 3330 722 3414 δειχθήσεται
735 3329 753 3397 ό
768 3330 897 3415 Χριστός
909 3342 972 3409 τοῖς
984 3343 1117 3411 συνετοῖς
1131 3334 1173 3419 μή
1185 3334 1336 3423 άλλάτριος

178 3434 253 3501 εἶναι
267 3441 393 3509 παλαιάς
412 3432 575 3515 διαθήκης,
598 3436 648 3497 καί
666 3436 697 3498 οἱ
710 3441 863 3516 προφῆται
878 3426 933 3499 οὖν
950 3434 1006 3501 οῦκ
1022 3434 1168 3522 άλλότριοι
1184 3436 1270 3517 ὄντες
1282 3446 1335 3525 τῆς

177 3548 230 3604 τοῦ
247 3543 352 3621 κυρίου
369 3541 526 3618 ένδημίας,
558 3538 608 3600 καλ
624 3535 670 3601 ότι
687 3533 845 3601 άνάστασιν
861 3536 971 3622 σαρκός
986 3536 1004 3603 δ
1017 3536 1183 3617 άπόσεολος
1198 3540 1335 3627 mim

177 3643 228 3707 καὶ
244 3644 377 3715 δικαίους
396 3638 465 3713 τοδς
483 3638 641 3723 προφήτας
657 3636 807 3721 ὀνομάζει,
838 3642 889 3706 καλ
910 3643 942 3707 έν
957 3644 1132 3724 σωζομένοις
1147 3639 1337 3729 όπάρχονεις

177 3742 247 3819 τοῦς
263 3746 330 3827 περλ
343 3740 476 3827 Ἀβραάμ
492 3743 541 3807 καλ
553 3739 652 3807 Ἰσαάκ
665 3744 715 3807 καλ
728 3740 842 3826 Ἰακοίβ,
860 3746 912 3810 καὶ
925 3744 1023 3810 πάντα
1036 3744 1093 3811 ὅσα
1106 3748 1168 3813 έστλ
1181 3754 1237 3831 τῆς
1250 3744 1336 3835 άγίας

178 3855 232 3913 τοῦ
251 3853 327 3912 θεοῦ
349 3849 502 3928 ἐκκλησίας
526 3844 682 3930 2σωτήρωί
701 3870 731 3910 τε
749 3848 800 3910 καλ
820 3844 890 3931 άγια
910 3851 962 3914 καλ
981 3850 1014 3915 έιι
1031 3854 1110 3915 θεοῦ
1129 3852 1335 3937 έστηριγμένι,

179 3953 210 4016 έν
230 3974 261 4015 τε
280 3956 316 4039 τῆ
339 3954 433 4014 πίστει
453 3950 505 4014 καλ
527 3951 559 4014 έν
580 3956 616 4038 τῆ
637 3946 741 4033 γνάσει
763 3951 814 4013 καλ
836 3952 867 4015 ἐν
888 3952 983 4017 έλπίδι
1004 3952 1056 4017 καλ
1077 3954 1262 4043 διδασκαλίην.

122 4201 127 4214 .
141 4160 165 4215 ι’.
267 4152 492 4240 Παραθήσομαι
504 4156 535 4221 δὲ
548 4158 599 4221 καλ
613 4154 653 4239 ἣν
665 4154 852 4239 ἐποιησάμην
864 4154 927 4221 κατ’
940 4154 1034 4223 αὐτοῦ
1046 4162 1253 4245 πραγματείαν
1264 4148 1336 4249 {qb

179 4264 232 4321 τοῦ
250 4254 358 4338 ταύτην
375 4284 434 4340 μου
452 4255 506 4339 τῆν
523 4256 659 4335 σύνταξιν
676 4262 893 4326 ἐσπουδακέναι
910 4257 961 4324 διά
976 4266 1031 4342 τῆς
1047 4256 1149 4343 άμοῦν,
1177 4268 1240 4329 τᾶν
1254 4260 1334 4331 ‹ffl-

180 4366 257 4440 φῶν,
272 4368 443 4445 προτροπῆς
457 4358 648 4441 ποιήσασθαι.
685 4359 759 4427 ’Ami
776 4366 849 4429 έτῦν
867 4365 1001 4427 1ίκοινοῖν
1015 4360 1181 4447 άνερευνυῦν
1195 4364 1253 4451 τήν
1266 4362 1333 4433 wf-

214 4516 272 4566 Cn.
285 4516 331 4567 ΙΧ.
347 4544 380 4555 -
403 4518 425 4567 1.
442 4517 514 4579 λίιλςο
530 4518 689 4579 Λαοδικείας.

212 4586 237 4637 2.
255 4581 370 4652 σωτήριά
385 4600 415 4637 τε
431 4582 475 4637 καλ
490 4587 542 4635 ωδ.
559 4588 632 4635 λειω.
665 4602 695 4639 τε
712 4584 828 4656 σωτήρια
844 4588 890 4643 καλ
905 4590 977 4653 wlco
992 4594 1065 4641 ταλαί.
