3046 5084
160 356 220 415 672
580 360 701 411 SANCTI
720 357 889 410 EPIPHANII

160 480 216 559 οῦν,
241 477 311 543 όλλῦ
329 482 557 562 δικαιοκρισίας,
579 475 667 551 όσίως
683 480 791 559 κρίνων
807 473 877 550 τοῦς
892 472 1147 558 παραβεβηκότας.
1196 471 1242 537 Οῦ
1260 472 1313 559 γόρ

160 587 191 647 οἱ
204 581 344 666 εἷκροαταὶ
360 580 455 662 νόμον
469 585 576 645 δίκαιοι
592 576 673 663 παραὶ
687 585 767 665 θεῷ,
790 576 847 641 ἄλλ’
861 580 892 641 οἱ
905 578 1024 658 ποιηταὶ
1038 574 1134 657 νόμον
1150 574 1316 657 δικαιωθή·

159 707 266 748 σονται.
311 687 353 745 Εἰ
367 685 398 747 δὲ
414 682 590 764 ποιούμενος
606 679 624 745 ό
639 679 730 762 νόμος
744 684 857 744 δικαιοῖ
867 677 920 743 τόν
939 677 1117 760 ποιήσαντα,
1140 674 1199 743 οόκ
1214 676 1315 753 ῦδιιισς

159 785 176 851 ό
192 787 297 868 νόμος,
320 784 386 850 οῦτε
402 793 528 865 φαῦλος,
552 782 589 849 δι’
605 783 639 849 δν
656 787 686 848 οἱ
698 790 846 858 τελοῦντες
858 780 909 846 τόν
924 780 1017 864 νόμον
1030 785 1142 847 δίκαιοι
1154 786 1313 847 καθίσταν-

159 916 213 952 ται.
257 886 307 951 Ἐκ
329 890 360 952 δὲ
381 896 435 952 τοῦ
452 887 548 968 νόμον
566 889 623 950 ἐστὶ
644 890 693 949 καὶ
715 884 793 967 ήελς
812 882 941 969 Χριστόν
960 886 1252 968 θθπροφητενομὲνη
1269 890 1315 949 πλ-

159 1014 233 1067 στις,
257 992 345 1074 χωρὶς
359 983 395 1054 οὗ
412 988 448 1054 οῦ
463 988 692 1070 δικαιωθήσεται
708 985 816 1063 οὐδεὶς,
839 989 888 1051 καὶ
906 990 937 1052 ἐν
951 980 975 1075 ᾧ
991 986 1149 1063 πιστεύσας
1164 986 1248 1073 παρό
1265 984 1316 1069 τήν

158 1101 211 1158 τοῦ
234 1091 328 1174 νόμον
350 1095 613 1173 προφητενομὲνην
630 1095 791 1174 μαρτυρίαν
814 1088 850 1155 οῦ
868 1088 992 1154 δύναται
1014 1088 1104 1154 πόλιν
1120 1094 1316 1155 δικαιοῦσθαι

163 1200 333 1272 θῑδίκαιος,
366 1192 405 1269 ὥς
428 1193 622 1277 πληρώματος
645 1191 730 1267 ὄντος
752 1200 805 1256 τοῦ
830 1198 961 1276 Χριστοῦ
984 1199 1038 1257 τοῦ
1061 1189 1158 1273 νόμον
1181 1190 1259 1257 κατὰ
1280 1190 1314 1257 τό

39 1324 90 1369 ονε.
104 1310 146 1354 ³59.
163 1296 244 1381 παραὶ
261 1304 300 1383 τῷ
316 1293 468 1385 όποστόλῳ
487 1298 638 1379 εἰρημένον
652 1295 707 1371 ότι,
733 1293 884 1378 Ηλήρωμα
896 1294 988 1376 νόμον
1007 1293 1135 1377 Χριστός
1148 1298 1193 1371 εἰς
1204 1300 1317 1361 δικαιο-

161 1398 267 1480 σόνην,
300 1397 443 1468 δεικνύντι
468 1398 512 1462 ότι
539 1398 610 1462 ἄνευ
635 1397 729 1479 νόμον
752 1399 801 1461 καὶ
828 1402 958 1481 Χριστοῦ
981 1394 1036 1461 οῦκ
1061 1400 1105 1462 ἔνι
1130 1396 1315 1479 δικαιοσύνη.

164 1500 238 1565 Οῦτε
260 1499 315 1585 γᾶρ
340 1498 476 1565 Ἰουδαῖοι
500 1498 570 1565 ῦνευ
594 1508 723 1585 Χριστοῦ
746 1498 995 1581 δικαιωθήσονται
1019 1498 1059 1582 μή
1081 1498 1222 1583 λαβόντες
1246 1506 1315 1585 Χρι-

161 1601 245 1681 στόν,
269 1601 335 1667 οὔτε
358 1602 409 1678 σῦ,
437 1608 596 1687 Μαρκίων,
621 1602 809 1692 δικαιωθήσῃ
831 1600 1057 1687 όπαρνοόμενος
1078 1602 1130 1667 τόν
1151 1602 1255 1687 νόμον.

245 1807 271 1889 β
287 1812 338 1873 καὶ
354 1808 403 1874 κθ’
421 1808 505 1891 Σηόλ.
542 1810 692 1891 Περιτομή
711 1808 832 1893 μὲνγὰρ
849 1806 968 1889 οἰφελεῖ,
995 1809 1047 1873 ἐὰν
1064 1807 1156 1891 νόμον
1169 1808 1315 1901 πρόσσης,

163 1909 214 1975 ἐόν
232 1912 262 1974 δὲ
282 1911 455 1995 παραβάτης
475 1911 571 1993 νόμον
594 1906 644 2000 ής,
668 1910 687 1993 ή
709 1911 850 1997 περιτομή
872 1933 927 1975 σου
951 1908 1130 1995 ἀκροβυστία
1151 1914 1280 1997 γέγονεν.

246 2013 272 2095 β
290 2017 340 2079 καὶ
355 2013 405 2079 κθ’
417 2013 526 2099 Ἔλεγχ.
561 2018 602 2077 Εἰ
617 2012 813 2095 ἀποφαίνεται
826 2011 843 2077 ό
858 2013 941 2097 ῦγιος
955 2010 1120 2089 ἀπόστολος
1132 2012 1188 2097 τήν
1201 2040 1316 2099 περιτο·

163 2115 223 2198 μήν
248 2115 423 2200 ὠφελήσειν,
456 2122 497 2192 τίς
520 2120 550 2181 ἐν
573 2126 634 2191 τοῖς
656 2115 800 2196 ω’φελοῦσι
824 2124 927 2197 μῶμον
950 2114 1084 2197 θήσειεν,
1117 2114 1189 2181 ἄλλό
1212 2121 1240 2183 εἰ
1258 2116 1316 2203 Ερα

162 2218 266 2300 ῦμοιος
282 2227 321 2305 τῷ
339 2218 407 2299 όφει
421 2219 586 2304 γενήσεται;
611 2218 734 2295 Ἔοικας
751 2219 805 2304 γαρ
825 2218 936 2307 τούτῳ,
963 2210 1160 2305 &Maeuium
1206 2218 1314 2287 Κόκεῖ-

161 2349 212 2397 νος
232 2322 287 2406 γάρ
307 2319 506 2405 όντιστρὲφων
526 2320 562 2385 τό
579 2322 660 2405 παρὰ
678 2329 754 2385 θεοῦ
770 2324 907 2405 εἰρημένα
922 2324 1084 2405 παρέπειθε
1099 2320 1155 2404 τήν
1172 2322 1260 2389 Εὔαν
1272 2324 1316 2389 λό-

162 2452 237 2509 γων,
270 2421 314 2487 Οῦ
335 2425 456 2512 θανάτῳ
477 2422 690 2489 ἀποθανεῖσθε.
741 2424 843 2506 Νόμαν
865 2423 920 2510 γόρ
941 2432 978 2515 τῇ
1000 2430 1142 2515 περιτομή
1160 2427 1315 2509 συνέδησε,

161 2529 212 2591 καὶ
233 2526 286 2608 τήν
305 2524 464 2610 περιτομήν
485 2534 525 2614 τῷ
546 2526 628 2615 νόμω
646 2528 877 2612 συμπρέπονσαν
898 2528 1040 2607 ἐπέδειξε,
1069 2528 1119 2591 καλ
1144 2534 1200 2593 τοῦ
1222 2526 1316 2595 σότοῦ

161 2636 237 2694 θεοῦ
254 2628 286 2693 τό
303 2629 474 2715 πρόςταγμα
489 2626 629 2711 ῦπόρχειν
644 2627 777 2711 όπέφηνε
791 2638 845 2694 τοῦ
860 2627 914 2712 τήν
928 2631 1090 2713 περιτομήν
1100 2654 1172 2697 ποτε
1188 2628 1314 2697 δεδωκό-

161 2758 226 2811 τος,
248 2734 299 2796 καὶ
316 2731 408 2814 νόμον
425 2735 466 2807 ελς
479 2731 625 2813 βοήθειαν
643 2730 807 2808 δεδωκότος
823 2730 875 2813 ἀφ’
891 2724 983 2817 οὗπερ
1002 2731 1128 2819 Χριστός
1144 2732 1315 2817 πιστευόμε-

162 2860 211 2909 νος
233 2832 268 2897 tc}
290 2836 381 2900 τέλεια
402 2844 463 2910 τοῖς
485 2832 654 2899 πιστεύουσι
674 2841 768 2899 λαλεῖν
788 2860 818 2899 τε
840 2838 890 2899 καὶ
911 2844 1007 2901 ποιεῖν
1027 2836 1190 2923 παρέχεται.

244 3038 267 3123 γ’
285 3042 334 3104 καλ
349 3039 372 3103 λ’
390 3039 475 3122 Σγόλ.
501 3038 626 3123 ’Ἐγοντα
644 3038 697 3123 τήν
716 3039 872 3125 μόρφωσιν
890 3049 942 3125 τῆς
957 3040 1091 3127 γνεόσεοος
1106 3042 1159 3108 καὶ
1174 3048 1228 3125 τῆς
1245 3038 1315 3125 ἆλη-

158 3146 244 3217 θείας
266 3145 297 3207 ἕν
319 3149 359 3230 τῷ
382 3141 471 3231 νόμῳ.

244 3247 267 3329 γ’
284 3248 333 3310 καὶ
351 3244 373 3309 λ’
385 3244 493 3330 Ἕλεγχ.
528 3248 570 3308 Εἰ
584 3274 603 3327 η
621 3252 726 3329 γνωσις
741 3245 895 3333 μόρφωσιν
909 3250 980 3331 ἔχει,
1003 3245 1062 3313 όπό
1080 3248 1112 3313 δδ
1126 3246 1314 3335 τῆςμσρφοό-

159 3371 231 3423 σεως
252 3346 284 3411 τό
308 3347 386 3425 εἶδος
408 3354 557 3430 φαίνεται,
587 3351 618 3413 οἱ
638 3350 669 3413 δὲ
693 3348 745 3431 τήν
767 3358 874 3434 γνῶσιν
895 3352 945 3415 καὶ
966 3348 1019 3433 τήν
1038 3346 1182 3433 ῦλήθειαν
1200 3352 1316 3435 ἔχοντες

160 3450 319 3517 α’πόστολοι
336 3455 387 3516 καὶ
404 3456 435 3517 οἱ
448 3451 560 3516 τούτων
576 3454 708 3534 μαθηταὶ
724 3456 839 3517 οἴδασιν
852 3451 911 3518 οἷπό
927 3460 980 3535 τῆς
995 3476 1179 3540 μσρφτισεως
1193 3460 1249 3521 τοῦ
1264 3452 1315 3522 νό·

159 3581 216 3635 μου
232 3554 264 3618 τό
284 3552 362 3630 εἶδος
377 3563 554 3637 κεκτῆσθαι,
584 3558 716 3620 τουτέστι
733 3554 786 3637 τήν
803 3564 911 3641 γνοῦσιν
927 3558 979 3621 καλ
997 3554 1051 3638 τήν
1067 3552 1228 3639 όλήθειαν,
1256 3554 1316 3623 σόκ

159 3654 216 3739 ῦρα
233 3655 381 3741 ἀλλότριος
397 3655 413 3721 ό
430 3657 520 3739 νόμος
538 3666 635 3739 8’ῑτῆς
651 3656 784 3742 γνώσεως
798 3662 914 3740 καὶτῆς
928 3656 1077 3739 οἷληθελας.
1115 3656 1176 3725 Διό
1189 3657 1247 3746 γῦρ
1260 3668 1317 3745 τῆς

159 3761 190 3823 ἒν
212 3756 291 3846 αὐτῷ
314 3763 496 3845 μορφολσεως
517 3762 686 3845 ἐπέγνωσαν
708 3764 739 3825 οἱ
753 3760 881 3845 κήρυκες
901 3769 955 3844 τῆς
971 3758 1114 3843 όληθελας
1134 3760 1188 3847 τήν
1203 3768 1317 3851 γνιῦσιν

158 3864 208 3925 καὶ
231 3861 283 3943 τήν
304 3859 456 3943 ἆλήθειαν.

244 3964 269 4029 δ’
282 3968 332 4029 καὶ
345 3963 388 4028 λα’
402 3966 487 4047 Σγόλ.
512 3964 575 4029 Ἔτι
589 3965 644 4052 γοὶρ
661 3964 788 4051 Χριστός
802 3964 898 4031 όντων
911 3964 996 4049 ήμῶν
1009 3964 1156 4047 όσθενῶν,
1177 3969 1221 4036 ἔτι
1237 3966 1316 4037 m&

158 4065 262 4147 καιρόν
285 4065 358 4147 ι’·πὲρ
381 4066 494 4149 ἀσεβῶν
516 4067 675 4134 οἷπέθανεν.

243 4168 268 4231 δ’
285 4172 335 4234 καὶ
351 4169 393 4232 λα’
407 4169 515 4257 Ἔλεγγ.
548 4171 588 4237 Τό
602 4170 668 4237 Ἔτι
682 4174 733 4237 καὶ
746 4169 910 4238 Ἀπέθανεν
923 4170 961 4237 οῦ
977 4172 1138 4257 δοκήσεως,
1159 4170 1232 4241 όλλό
1245 4170 1316 4261 ἅλη-

158 4273 245 4346 θείας
266 4274 323 4336 ἐστὶ
343 4272 533 4355 σημαντικόν.
578 4277 620 4338 Εἰ
635 4272 691 4359 γῦρ
708 4272 830 4359 δόκησις
847 4268 901 4359 ήν,
931 4280 976 4354 τίς
992 4280 1074 4363 γρελα
1090 4274 1221 4345 τοῦἝττ
1237 4280 1316 4367 λόγι-

191 4464 232 4511 80.
250 4466 289 4514 sic
305 4466 434 4516 ειλ.Ριλον.
449 4468 541 4516 εειοδ.
558 4470 629 4516 ratic.
656 4484 712 4532 πρε·
749 4460 842 4535 ῦκαλ,
859 4472 921 4533 quod
938 4474 991 4520 libri
1007 4472 1107 4533 λοδτιιλ,
1130 4474 1315 4537 quamquo-

158 4531 304 4597 φητευμένη
321 4536 376 4583 edit.
387 4538 463 4596 princ.
749 4541 818 4589 modo
845 4542 1001 4602 interpreteris
1020 4554 1067 4589 τισκ
1086 4540 1165 4591 um
1197 4542 1242 4593 u
1262 4556 1315 4593 w·

191 4600 232 4651 31.
249 4598 345 4660 δίκαιος
361 4616 469 4665 reponere
489 4608 586 4655 οοιισιοε
603 4618 656 4655 τινα
671 4620 716 4667 pro
748 4610 848 4669 ννγιιλο.
871 4608 1059 4659 petavianum!
1074 4598 1090 4661 'o'
1106 4604 1153 4661 καὶ
1164 4612 1315 4665 mu-
