3046 5084
407 358 1038 471 rinnandinrsromtnr.usenxcvr.
1237 372 1298 437 toa

146 524 235 584 regna
255 492 405 565 coelorum.
451 499 492 567 lit
511 501 648 587 quoniam
661 501 777 593 perdas
797 523 867 567 suos
886 503 993 588 ubique
1015 503 1114 568 radios
1134 504 1299 569 diffundens

148 626 200 690 pro
221 625 255 668 ea
276 620 363 689 qnam
378 604 450 689 deus
464 604 551 669 babet
566 604 774 668 imminentium
792 605 930 679 malorum
948 591 1048 668 notitia
1060 626 1213 672 sermones
1224 604 1299 672 ‘suos

146 707 182 771 ad
200 697 418 801 convincendas
439 728 556 771 errores
575 706 822 796 accomtmoddvit,
847 708 914 770 inde
931 709 1037 770 loetum
1054 707 1117 786 est,
1143 710 1250 794 passim
1269 721 1300 772 nt

147 796 249 873 sacrae
265 789 367 875 lltbrae
383 831 484 875 eorum
501 809 549 894 qui
568 819 670 873 cantra
684 810 839 874 veritatem
856 811 1044 893 insurgerent
1060 832 1196 874 occasum
1212 822 1300 897 atque

147 913 295 976 interitum
316 912 528 998 praedixerint.
576 909 627 976 Sic
651 910 728 976 euim
750 923 850 998 aparte
869 913 991 996 quodam
1015 913 1044 976 in
1068 913 1132 976 loco
1152 914 1298 993 dominus,

148 1026 179 1077 nt
200 1015 346 1079 infelicem
365 1014 445 1080 illam
464 1023 495 1078 et
510 1015 700 1100 impostorem
719 1012 864 1080 Severum
886 1025 1041 1098 argueret,
1073 1015 1161 1078 vitem
1176 1037 1214 1080 se
1234 1037 1301 1080 esse

147 1115 327 1202 pronuntiat.
367 1121 430 1197 Ego
443 1140 516 1192 sum,
541 1118 645 1202 inquit,
670 1122 735 1179 oilie
748 1140 825 1179 nera.
866 1117 957 1201 Atqui
972 1117 996 1180 si
1012 1116 1202 1202 vituperanda
1218 1139 1301 1204 pror·
1312 1135 1452 1191 toronum.

147 1239 197 1282 sus
216 1218 285 1283 ritis
304 1230 385 1283 esset
402 1220 574 1305 appellatio,
607 1240 752 1304 nunquam
768 1220 854 1283 buius
870 1220 905 1282 ad
925 1241 958 1282 sc
973 1219 1190 1282 similitudinem
1206 1231 1302 1284 trans-

148 1323 249 1386 lerret.
296 1318 374 1404 Quin
399 1332 430 1384 et
446 1323 569 1406 apostoli
595 1322 624 1384 in
648 1343 684 1385 eo
705 1321 779 1386 libro
802 1322 850 1406 qui
868 1317 1023 1398 asciscite,
1045 1323 1100 1385 boc
1119 1332 1165 1384 est
1182 1317 1301 1387 Consti-

147 1424 237 1502 tutio,
262 1435 384 1488 vocator
400 1424 447 1488 dei
463 1425 583 1510 stirpem
601 1447 634 1489 ac
651 1425 766 1490 vineam
785 1446 852 1488 esse
871 1425 1042 1488 catholicam
1063 1424 1216 1489 ecelesiam
1235 1447 1301 1510 pro·

147 1529 228 1591 dunt.
273 1525 330 1605 Et,
363 1528 438 1611 quod
465 1527 676 1612 ampliasset,
706 1527 840 1591 dominus
865 1528 927 1612 ipse
953 1549 1067 1591 rursum
1091 1528 1122 1591 in
1147 1528 1300 1611 evangelio

145 1630 220 1693 idem
238 1629 403 1714 expressit,
428 1629 476 1692 ubi
492 1630 570 1696 illam
589 1629 692 1695 vineae
708 1629 874 1715 parabolam
892 1629 1060 1716 proposuit:
1086 1635 1173 1693 Homo
1189 1637 1300 1713 portiom
1313 1647 1368 1692 cue.
1382 1647 1415 1691 aa.

141 1735 352 1815 paterfamilias
367 1735 489 1795 lubebat
500 1737 622 1807 aeacum,
647 1745 678 1794 et
693 1736 799 1794 locavit
813 1737 890 1794 iliam
905 1737 1056 1813 agricolis,
1082 1745 1112 1794 et
1124 1739 1201 1795 misit
1216 1758 1300 1816 quae-

146 1859 212 1898 rens
218 1839 362 1919 fractam,
382 1847 416 1896 et
429 1857 485 1897 aon
497 1839 643 1897 decimant.
691 1831 782 1897 ltem:
806 1839 893 1896 Homo
907 1840 1018 1916 qnidam
1029 1839 1236 1916 paterfamilias
1250 1842 1301 1898 ha·
1315 1852 1441 1896 Matium.

148 1942 214 2001 beas
229 1944 336 2001 anacam
351 1943 425 2000 ecrit
436 1960 574 2019 quaereas
588 1943 732 2019 operarios
746 1942 775 1999 in
789 1943 906 2011 anacam,
931 1950 960 1998 et
973 1942 1051 1998 ea'r‘ea
1066 1943 1176 2000 tertiam
1189 1942 1298 2014 boram,

145 2055 316 2116 cassatam,
345 2054 508 2115 etaonam,
539 2045 765 2103 etuadeeimom.
812 2037 906 2103 Utex
923 2042 1000 2102 omni
1019 2050 1099 2124 parte
1117 2042 1192 2104 valri
1210 2042 1301 2105 bomi-

146 2146 190 2209 nis
207 2147 287 2208 lraus
303 2156 333 2207 et
347 2143 517 2228 improbitas
535 2143 667 2208 veritatis
683 2143 815 2206 oratione
832 2142 991 2206 saucietur.
1036 2141 1114 2206 Nam
1133 2154 1164 2205 ut
1178 2144 1301 2209 absente

144 2248 209 2312 luce
232 2258 386 2331 utcumque
409 2256 569 2332 appareant
594 2245 749 2320 tenebrae,
781 2245 954 2329 simulatque
973 2245 1019 2308 vel
1039 2246 1155 2308 minima
1175 2245 1300 2310 scintilla

145 2350 252 2414 micare
272 2349 418 2435 coeperit,
450 2358 630 2413 evanescunt
646 2348 713 2411 illae
729 2348 885 2426 continno,
918 2348 1091 2433 penitusque
1109 2348 1298 2434 dissipantur.

144 2455 210 2540 Ego
232 2474 305 2517 vero
327 2454 394 2516 ideo
411 2451 518 2518 leviter
537 2452 612 2516 banc
629 2451 774 2516 baeresim
794 2451 942 2535 percurri,
967 2452 1142 2534 quodcum,
1170 2463 1200 2515 ut
1216 2453 1299 2517 initio

144 2557 262 2636 monui,
286 2557 414 2621 reintatu
429 2555 468 2618 sit
483 2555 587 2632 facilis,
609 2576 667 2618 non
684 2576 789 2638 magno
803 2553 903 2616 labore
919 2555 1066 2618 contraria
1082 2553 1175 2640 possit
1188 2555 1300 2619 veritas

144 2659 293 2725 affirmari.
338 2656 463 2721 Accedit
486 2668 517 2720 et
536 2657 623 2735 illud,
657 2658 731 2741 quod
755 2657 801 2720 vel
825 2657 921 2719 nullae
945 2656 1029 2719 bodie
1053 2658 1201 2741 supersint
1221 2657 1299 2721 illius

144 2775 242 2827 sectae
268 2761 424 2845 reliquiae,
460 2760 506 2825 vel
532 2761 657 2844 exiguae
684 2761 837 2824 admodum
860 2760 1061 2845 superioribus
1085 2759 1114 2822 ia
1139 2760 1298 2845 provinciis

143 2866 276 2930 relictae.
968 2859 970 2863 ’

227 2966 425 3052 Quamobrem
445 2987 499 3030 nos
522 2987 556 3030 ea
575 2966 800 3050 praetermissa,
832 2965 913 3030 velut
930 2966 1046 3051 scorpio
1063 2965 1184 3048 quodam
1201 2966 1298 3031 subito

143 3071 327 3158 proculcato,
361 3080 476 3134 ceteras
500 3070 716 3154 aggrediamur.
762 3066 822 3133 Sed
845 3069 972 3131 divinum
993 3079 1061 3132 ante
1080 3070 1176 3132 omnia
1197 3070 1297 3154 implo-

141 3175 263 3238 randum
287 3173 445 3252 auxilium,
478 3191 535 3257 quo
560 3182 591 3234 et
611 3192 682 3236 vera
702 3171 847 3257 possimus
867 3172 981 3256 eloqui,
1014 3191 1108 3256 noque
1126 3171 1210 3235 nobis
1227 3171 1297 3255 ipsis

143 3276 237 3341 fraudi
258 3277 296 3340 sit
315 3298 415 3341 earum
439 3297 536 3340 rerum
554 3274 709 3352 tractatio,
742 3274 914 3359 praesertim
938 3296 1001 3337 cnm
1027 3285 1083 3336 tam
1103 3275 1244 3337 ursariam
1268 3286 1298 3338 et

141 3391 270 3444 atrocem
289 3379 496 3465 pestiferorum
515 3379 679 3461 dogmatum
698 3375 911 3462 improbitatem
930 3376 1065 3461 persequi
1082 3377 1262 3440 studeamus.

395 3619 647 3696 GON'l'RA
693 3617 1033 3708 norlaude,

337 3766 418 3838 qnae
448 3749 500 3816 est
524 3741 672 3816 haeresis
694 3740 842 3832 XXVI„
876 3738 947 3813 sive
973 3737 1097 3812 XLVI.

225 3895 371 3960 Tatianus
388 3895 502 3979 quidam
518 3905 584 3980 post
597 3895 664 3958 illos
680 3891 795 3958 extitit:
821 3893 868 3976 qui
886 3893 950 3955 sive
969 3893 1071 3955 eodem
1092 3892 1206 3978 penitus
1223 3904 1295 3957 tem·
1314 3900 1372 3968 Gap.
1386 3903 1404 3950 t.

140 4021 229 4086 pore,
260 3999 324 4062 sine
341 3998 427 4081 paulo
445 4007 511 4083 post
525 3998 696 4076 emerserit,
728 4018 834 4060 novam
852 3995 1026 4060 vanissimae
1043 3996 1192 4060 doctrinae
1209 3998 1295 4062 sebo-

140 4104 195 4166 lam
215 4101 351 4166 instituit.
398 4098 428 4163 ls
448 4101 588 4183 primum,
621 4111 720 4183 utpote
738 4096 863 4163 Graecis
881 4099 1011 4163 eruditus
1031 4100 1159 4178 artibus,
1190 4096 1294 4165 lustini

139 4204 301 4291 pbilosopbi
317 4203 494 4267 sanctissimi
510 4225 544 4267 ao
559 4202 771 4287 religiosissimi
787 4202 843 4265 viri
858 4203 1068 4266 consuetudine
1085 4215 1131 4268 est
1147 4226 1227 4284 usus,
1245 4205 1292 4289 qui

139 4330 155 4371 e
175 4306 369 4371 Samaritanis
385 4307 421 4370 ad
436 4303 546 4371 Cbristi
561 4307 644 4370 iidem
661 4290 829 4369 transierat.
875 4303 1005 4369 lustinus
1019 4306 1096 4369 eninr
1110 4327 1221 4390 genere
1237 4303 1292 4373 Sa-

138 4560 188 4618 oind
204 4564 372 4683 Σῖιμαρειτῶν
391 4563 427 4624 εἰς
442 4561 552 4632 Χριστὸν
569 4561 777 4628 πεπιστευκότος,
801 4567 864 4628 qaod
883 4568 966 4616 vitium
979 4568 1091 4616 Pacatus
1106 4580 1136 4617 ee
1151 4568 1202 4618 cod.
1219 4569 1291 4620 Vetto.

137 4648 227 4685 comem
238 4671 243 4682 .
