3046 5084
423 344 559 397 Ponatur
576 346 639 399 Llll.
651 349 672 401 l.
686 348 768 401 TOM.
781 350 813 402 ll.
830 348 929 402 HABR.
946 350 1044 401 XXIV.
1250 342 1309 403 157

156 465 295 548 igmemo
308 463 358 529 illu
375 475 487 529 temere
503 483 540 527 ac
556 463 622 528 siue
638 464 698 530 nlla
718 465 875 532 stabilitate
893 468 1043 554 proposito
1060 468 1108 533 vel
1124 469 1160 532 ab
1176 468 1240 555 ipsa
1257 492 1309 535 ve-

159 567 245 630 ritate
267 569 474 650 redarguetur.

243 668 324 733 llaec
343 669 420 731 enim
439 664 676 728 haeresiarcham
692 665 778 728 istum
797 676 855 728 tam
871 666 899 729 iu
914 670 1008 731 veteri
1025 690 1108 752 quam
1124 691 1203 733 noro
1217 683 1308 737 testa·
1325 689 1384 755 cap.
1399 692 1442 740 tx.

157 781 257 833 mento
271 770 350 832 omni
365 789 407 830 ex
419 776 502 850 purte
517 766 677 830 convincit.
709 762 860 850 Siquidem
876 768 985 830 ucmioi
998 779 1044 831 est
1057 770 1212 833 obscurum
1224 770 1309 836 Chri-

157 882 234 934 stum
252 891 304 933 sua
325 878 431 953 sponte
451 868 486 930 ad
504 868 675 952 supplicium
693 868 829 947 venisse,
854 880 941 952 atque
964 870 1052 932 etiam
1074 871 1222 934 voluntate
1245 894 1309 936 cum

157 994 211 1036 sua
233 984 293 1035 tum
318 969 409 1055 patris
431 991 466 1032 ac
487 969 580 1032 sarrcti
599 969 718 1053 spiritus
733 969 885 1033 adductum
910 970 952 1034 uti
969 991 1085 1034 carnem
1106 972 1256 1050 indueret,
1281 986 1310 1037 et

157 1073 237 1136 iuter
254 1092 307 1134 rsus
328 1072 472 1134 bominem
487 1092 521 1133 se
541 1073 667 1146 laceret,
693 1093 757 1133 cum
776 1072 962 1135 nihilomiuus
978 1074 1123 1157 perlectus
1141 1085 1222 1136 esset
1239 1075 1309 1138 deus

158 1196 176 1236 a
194 1184 278 1257 patre
296 1171 436 1257 principio
449 1173 514 1235 sine
531 1171 589 1235 ullo
605 1172 688 1234 initio
703 1174 751 1236 vel
767 1185 898 1258 tempore
913 1174 1041 1257 genitus
1076 1171 1134 1254 Qui
1154 1178 1308 1258 postremis

160 1274 337 1356 temporibus
355 1274 384 1338 iu
405 1273 526 1358 virginis
551 1284 634 1336 utero
652 1275 772 1337 formari
789 1276 898 1352 voluit,
922 1275 1035 1359 sibique
1054 1296 1160 1358 corpus
1184 1279 1306 1356 effinxit,

159 1397 194 1439 ac
216 1395 320 1438 revera
336 1375 452 1459 genitus
472 1385 501 1438 et
520 1374 606 1438 bomo
626 1376 692 1440 siue
710 1376 769 1439 ullo
789 1378 855 1440 luco
875 1378 968 1439 lactus
987 1388 1050 1454 est,
1081 1379 1122 1441 uti
1145 1399 1255 1461 poenas
1277 1381 1307 1442 in

160 1497 194 1539 ee
210 1497 293 1561 quem
310 1487 479 1561 susceperat
496 1497 587 1540 carne
602 1498 654 1560 pro
673 1478 757 1542 nobis
775 1480 979 1561 experiretur,
1003 1500 1038 1541 ae
1057 1501 1109 1563 pro
1128 1480 1232 1543 ovibus
1246 1482 1307 1546 suis

160 1579 283 1642 animam
302 1577 442 1642 traderet.
482 1575 515 1641 lu
536 1601 593 1662 quo
610 1579 774 1643 haereticos
792 1580 857 1642 illos
873 1580 1026 1664 perspicue
1042 1581 1161 1656 refellit,
1186 1582 1252 1644 dum
1267 1582 1308 1646 ita

159 1680 300 1764 loquitura
324 1684 399 1742 Eece
414 1685 589 1743 uscerrde'mua
603 1685 839 1761 Hierosolymam,
863 1694 891 1742 et
896 1686 983 1762 filius
997 1685 1117 1744 dominis
1135 1687 1263 1745 trudetur
1278 1698 1309 1746 et
1342 1681 1426 1776 ξξξῑῖξ·

156 1785 314 1856 accedetur,
345 1795 374 1845 et
395 1788 480 1844 tertiis
501 1787 546 1844 die
565 1794 706 1862 resurget.
751 1782 828 1846 Tum
852 1783 972 1867 insuper
989 1805 1053 1846 cum
1070 1782 1219 1847 Zebedaei
1240 1786 1306 1850 ultis
1333 1765 1423 1871 alduu-¹

154 1881 210 1961 ait,
234 1887 354 1945 Potestis
367 1887 465 1946 ‘debere
479 1887 593 1945 culicem
610 1905 689 1964 quem
705 1905 757 1962 ego
773 1885 911 1945 bibiturus
925 1893 1008 1946 sumt
1034 1882 1102 1965 Quo
1116 1886 1165 1948 illa
1182 1888 1305 1970 apostoli
1339 1854 1373 1904 ω’
1387 1855 1419 1894 Μ’

153 1982 235 2048 Petri
251 1987 342 2048 verba
361 1986 526 2071 pertiueute
558 1988 750 2064 Mortzfleuttm
771 2007 872 2057 curae,
897 1990 1054 2065 ue‘tufieutua
1070 1998 1161 2046 autem
1181 1994 1301 2068 spiritu:
1338 1987 1425 2080 ¹33?ng

154 2107 189 2148 ac
207 2107 342 2150 rursum:
376 2092 434 2165 Quoi
445 2110 499 2168 pro
515 2090 595 2148 nobes
615 2092 644 2148 in
666 2108 751 2147 earne
767 2107 871 2165 pusaeus
892 2098 944 2146 est.
992 2083 1050 2148 Sed
1069 2096 1099 2147 et
1117 2084 1240 2151 loannes
1264 2091 1303 2152 ita
1316 2069 1457 2161 ruisset.

155 2189 307 2252 scribens:
340 2194 377 2251 Si
394 2194 458 2270 quis
476 2201 565 2269 negot
581 2192 722 2250 Christum
738 2192 767 2248 in
783 2208 870 2247 carne
888 2191 1011 2258 uenisse,
1035 2190 1081 2246 die
1098 2199 1141 2247 est
1156 2194 1305 2251 Autieltri-
1322 2189 1340 2230 ¹·
1352 2189 1430 2285 5⁰33·

155 2302 228 2352 stus.
274 2288 323 2353 Ad
340 2290 413 2352 baec
430 2297 551 2349 sauctus
566 2282 694 2364 Paulus,
720 2291 778 2365 Qut
791 2301 916 2361 mortem,
942 2287 1047 2372 inquit,
1069 2295 1205 2367 grutam,
1230 2314 1304 2353 mur·
1317 2273 1376 2359 rari
1387 2319 1408 2372 a,
1422 2321 1441 2361 e.

154 2405 208 2454 tem
230 2398 344 2473 inquam
362 2396 467 2452 mucis.
515 2389 548 2454 ld
565 2392 641 2475 quod
658 2387 763 2454 Muses
785 2389 833 2454 diu
855 2399 922 2452 unte
947 2390 1161 2474 praenuncians
1179 2392 1303 2470 dicebat,

155 2496 291 2555 Wiieditis
312 2499 397 2555 uitam
414 2505 534 2555 uestrum
556 2515 650 2555 eorum
673 2494 751 2555 undu
771 2515 787 2553 e
808 2495 886 2570 legno
910 2513 1082 2572 acupensere.
1131 2489 1198 2555 Vita
1216 2509 1455 2577 porroueutease.

154 2606 256 2659 nostra
281 2616 339 2658 uon
358 2591 531 2680 Cyrenaeus
547 2592 669 2670 Simon,
701 2595 752 2658 sed
771 2594 820 2656 ille
837 2603 884 2656 est
901 2594 963 2677 ipse
987 2593 1034 2676 qui
1056 2614 1109 2678 pro
1132 2595 1217 2658 uobis
1237 2595 1304 2658 ideo

155 2707 335 2781 potensest,
360 2707 392 2760 ut
411 2718 466 2761 uos
482 2696 667 2782 passionibus
685 2695 794 2759 uostris
814 2695 996 2774 exsolveret,
1021 2696 1126 2780 quique
1144 2697 1209 2759 ideo
1228 2717 1305 2759 mor-

154 2808 220 2861 tuus
236 2819 326 2862 carue
345 2820 424 2862 mors
440 2800 504 2882 ipsa
520 2799 622 2861 mortis
639 2818 707 2861 esse
721 2797 825 2873 voluit,
849 2797 912 2860 eius
930 2807 961 2859 ut
979 2796 1125 2860 stimulum
1142 2800 1302 2883 frangeret,

154 2899 231 2962 idem
249 2911 346 2963 terrae
365 2901 400 2963 ad
419 2900 560 2963 interiora
577 2900 746 2978 descendit,
770 2909 803 2962 ut
823 2898 1025 2962 adamantinos
1046 2910 1147 2963 vectes
1169 2901 1305 2984 effringe·

156 3011 212 3063 ret.
259 2998 380 3084 Quare
402 3004 535 3066 conlecta
557 3002 688 3086 captivas
710 3021 825 3064 sursum
848 3000 962 3064 animas
984 3001 1103 3079 evexit,
1127 3013 1213 3085 atque
1229 3003 1304 3066 iule-

153 3123 206 3166 ros
227 3103 376 3167 exhausit.

238 3202 366 3270 Tantum
388 3204 479 3290 igitur
498 3204 583 3268 abest
607 3215 641 3268 ut
656 3201 769 3268 Simoni
787 3201 922 3268 Christus
945 3225 1077 3268 caussam
1104 3205 1206 3268 mortis
1228 3213 1304 3266 attu·
1323 3206 1382 3274 ἂψ·
1397 3209 1432 3257 X·

152 3307 238 3387 lecit,
263 3318 295 3372 ut
312 3307 340 3371 ei
357 3308 545 3393 semetipsum
561 3305 745 3392 exposuerit.
789 3304 866 3369 Nam
886 3306 953 3389 quid
974 3308 1088 3369 taudem
1107 3307 1168 3383 ais,
1198 3316 1305 3368 morta-

152 3408 222 3473 lium
238 3410 367 3473 ornoium
386 3409 608 3473 infelicissime?
649 3407 720 3471 Non
741 3409 832 3473 libere
853 3409 980 3492 proliteri
998 3428 1071 3491 quae
1089 3406 1177 3468 vellet
1199 3406 1302 3488 potuit,

153 3521 183 3574 et
208 3511 245 3575 ab
271 3511 329 3575 illis
352 3511 409 3577 nisi
431 3511 460 3575 iu
478 3531 565 3575 cruce
585 3511 724 3596 suspendi
749 3512 837 3575 vellet
862 3511 1023 3573 recederet
1066 3507 1109 3568 Αι
1125 3506 1237 3570 scilicet
1258 3509 1304 3572 dei

152 3611 244 3677 verbo
260 3613 442 3679 adhibendae
463 3614 609 3679 ioculares
626 3612 802 3699 praestigiae
822 3614 938 3687 furunt,
964 3619 996 3671 ut
1012 3608 1099 3671 alium
1123 3609 1159 3670 ad
1180 3620 1302 3673 mortem

152 3716 307 3799 crucisque
322 3716 493 3801 supplicium
509 3714 674 3779 obeundum
691 3714 756 3777 vice
773 3735 826 3778 sua
845 3713 991 3788 traderet3
1023 3711 1047 3771 is
1065 3712 1234 3793 praesertim
1254 3714 1302 3796 qui

153 3815 279 3892 dixerit,
302 3820 366 3896 Ego
383 3839 444 3879 sum
458 3823 563 3880 ueritus
581 3829 609 3878 et
624 3821 691 3879 ueto.
737 3815 830 3898 Atqui
848 3831 942 3895 neque
957 3811 1037 3874 vitae
1056 3822 1103 3874 est
1123 3813 1206 3876 citeri
1224 3816 1452 3878 mor-¹⁰⁸¹ffl·¹⁴=⁰·

153 3925 211 3978 tem
229 3916 432 3996 consciscere,
456 3939 551 4003 neque
570 3919 646 4003 quod
663 3937 769 3981 revera
791 3917 868 3978 inest
886 3915 915 3975 in
930 3933 997 3975 sese
1012 3913 1206 3993 dissimulare,
1230 3916 1301 3979 alia·

152 4038 210 4103 quc
229 4038 282 4103 pro
302 4017 367 4081 aliis
384 4019 552 4098 ostendere,
576 4019 722 4086 veritatis.
757 4016 883 4081 Desinet
901 4014 978 4078 enim
994 4015 1103 4100 ueritas
1118 4037 1196 4094 esse,
1221 4017 1246 4079 si
1263 4017 1302 4080 sit

151 4120 262 4186 fraudis
279 4131 308 4184 et
325 4119 436 4183 erroris
453 4120 579 4199 artifex,
604 4139 746 4202 suumque
765 4119 890 4203 ipsamet
912 4139 984 4202 opus
1002 4119 1161 4182 abscondat
1179 4139 1213 4180 ac
1231 4139 1301 4182 con-

153 4224 271 4287 trariam
295 4221 482 4287 calliditatem
507 4223 541 4286 ad
563 4218 712 4304 negotium
734 4240 818 4283 suum
840 4221 1046 4286 accommodet.
1092 4218 1248 4284 Postremo
1271 4234 1303 4285 ut

154 4410 265 4527 lltqtqtp
366 4476 375 4528 ¹
407 4477 424 4529 3
449 4472 473 4528 ,λ
562 4477 579 4525 d
605 4477 658 4526 W
744 4409 783 4529 ‘gg'-
803 4411 884 4491 Peleu.
918 4403 973 4463 cinci
995 4403 1072 4461 adreio
1098 4409 1149 4457 cod.
1166 4409 1264 4470 llbedip.
1279 4412 1300 4457 et

185 4546 210 4597 ‘t
222 4479 289 4599 its}
300 4494 455 4601 cidroiccdi³
463 4489 710 4618 deiicfotietbdieo
774 4482 803 4598 S.
813 4492 889 4612 brebi
902 4559 947 4597 om.
965 4547 1038 4597 Vatia.
1054 4543 1134 4594 cedre.
