<?xml version="1.0" encoding="UTF-8"?>
<!DOCTYPE html PUBLIC "-//W3C//DTD XHTML 1.0 Transitional//EN"
    "http://www.w3.org/TR/xhtml1/DTD/xhtml1-transitional.dtd">
<html xmlns="http://www.w3.org/1999/xhtml" xml:lang="en" lang="en">
 <head>
  <title>
</title>
<meta http-equiv="Content-Type" content="text/html;charset=utf-8" />
  <meta name='ocr-system' content='tesseract 3.04.00' />
  <meta name='ocr-capabilities' content='ocr_page ocr_carea ocr_par ocr_line ocrx_word'/>
</head>
<body>
  <div class='ocr_page' id='page_1' title='image "./corporishaerese01unkngoog_0216.png"; bbox 0 0 3046 5084; ppageno 0'>
   <div class='ocr_carea' id='block_1_1' title="bbox 360 327 1249 393">
    <p class='ocr_par' dir='ltr' id='par_1_1' title="bbox 360 327 1249 393">
     <span class='ocr_line' id='line_1_1' title="bbox 360 327 1249 393; baseline 0.002 -6"><span class='ocrx_word' id='word_1_1' title='bbox 360 335 496 387; x_wconf 75' lang='lat' dir='ltr'><strong>rinnau</strong></span> <span class='ocrx_word' id='word_1_2' title='bbox 512 335 575 388; x_wconf 86' lang='lat' dir='ltr'><strong>nra</strong></span> <span class='ocrx_word' id='word_1_3' title='bbox 587 337 609 388; x_wconf 81' lang='lat' dir='ltr'><strong>u</strong></span> <span class='ocrx_word' id='word_1_4' title='bbox 623 336 707 390; x_wconf 78' lang='lat' dir='ltr'><strong>aun.</strong></span> <span class='ocrx_word' id='word_1_5' title='bbox 718 339 751 390; x_wconf 90' lang='lat' dir='ltr'><strong>n.</strong></span> <span class='ocrx_word' id='word_1_6' title='bbox 772 338 872 389; x_wconf 81' lang='lat' dir='ltr'><strong>nana.</strong></span> <span class='ocrx_word' id='word_1_7' title='bbox 890 338 997 390; x_wconf 85' lang='lat' dir='ltr'><strong>xxvn</strong></span> <span class='ocrx_word' id='word_1_8' title='bbox 1191 327 1249 393; x_wconf 80' lang='grc' dir='ltr'><strong>ιιι</strong></span> 
     </span>
    </p>
   </div>
   <div class='ocr_carea' id='block_1_2' title="bbox 84 453 1392 4302">
    <p class='ocr_par' dir='ltr' id='par_1_2' title="bbox 93 453 1253 2874">
     <span class='ocr_line' id='line_1_2' title="bbox 105 453 1253 540; baseline 0.003 -20"><span class='ocrx_word' id='word_1_9' title='bbox 105 455 263 540; x_wconf 66' lang='lat' dir='ltr'><strong>putandae</strong></span> <span class='ocrx_word' id='word_1_10' title='bbox 276 454 433 540; x_wconf 80' lang='lat' dir='ltr'><strong>parabolae</strong></span> <span class='ocrx_word' id='word_1_11' title='bbox 450 453 573 517; x_wconf 75' lang='lat' dir='ltr'><strong>tabidam</strong></span> <span class='ocrx_word' id='word_1_12' title='bbox 584 455 726 537; x_wconf 87' lang='lat' dir='ltr'><strong>quandam</strong></span> <span class='ocrx_word' id='word_1_13' title='bbox 741 457 897 519; x_wconf 74' lang='lat' dir='ltr'><strong>commenti</strong></span> <span class='ocrx_word' id='word_1_14' title='bbox 910 467 991 537; x_wconf 84' lang='lat' dir='ltr'><strong>sunt,</strong></span> <span class='ocrx_word' id='word_1_15' title='bbox 1008 467 1039 520; x_wconf 91' lang='lat' dir='ltr'><strong>et</strong></span> <span class='ocrx_word' id='word_1_16' title='bbox 1051 459 1253 524; x_wconf 82' lang='lat' dir='ltr'><strong>aduersarium</strong></span> 
     </span>
     <span class='ocr_line' id='line_1_3' title="bbox 104 553 1252 641; baseline 0.004 -21"><span class='ocrx_word' id='word_1_17' title='bbox 104 558 183 621; x_wconf 89' lang='lat' dir='ltr'><strong>illum</strong></span> <span class='ocrx_word' id='word_1_18' title='bbox 207 578 295 621; x_wconf 91' lang='lat' dir='ltr'><strong>unum</strong></span> <span class='ocrx_word' id='word_1_19' title='bbox 318 577 385 620; x_wconf 87' lang='lat' dir='ltr'><strong>esse</strong></span> <span class='ocrx_word' id='word_1_20' title='bbox 405 576 445 618; x_wconf 80' lang='lat' dir='ltr'><strong>ex</strong></span> <span class='ocrx_word' id='word_1_21' title='bbox 464 554 563 617; x_wconf 88' lang='lat' dir='ltr'><strong>mundi</strong></span> <span class='ocrx_word' id='word_1_22' title='bbox 581 553 804 619; x_wconf 72' lang='lat' dir='ltr'><strong>fabricatoribus</strong></span> <span class='ocrx_word' id='word_1_23' title='bbox 820 557 933 639; x_wconf 74' lang='lat' dir='ltr'><strong>angelis</strong></span> <span class='ocrx_word' id='word_1_24' title='bbox 955 568 1074 638; x_wconf 90' lang='lat' dir='ltr'><strong>putant,</strong></span> <span class='ocrx_word' id='word_1_25' title='bbox 1096 561 1144 641; x_wconf 94' lang='lat' dir='ltr'><strong>qui</strong></span> <span class='ocrx_word' id='word_1_26' title='bbox 1166 559 1252 626; x_wconf 85' lang='lat' dir='ltr'><strong>buius</strong></span> 
     </span>
     <span class='ocr_line' id='line_1_4' title="bbox 104 654 1252 742; baseline 0.004 -22"><span class='ocrx_word' id='word_1_27' title='bbox 104 659 148 720; x_wconf 90' lang='lat' dir='ltr'><strong>rei</strong></span> <span class='ocrx_word' id='word_1_28' title='bbox 165 680 270 723; x_wconf 89' lang='lat' dir='ltr'><strong>caussa</strong></span> <span class='ocrx_word' id='word_1_29' title='bbox 290 658 329 723; x_wconf 89' lang='lat' dir='ltr'><strong>sit</strong></span> <span class='ocrx_word' id='word_1_30' title='bbox 349 657 527 721; x_wconf 88' lang='lat' dir='ltr'><strong>constitutus</strong></span> <span class='ocrx_word' id='word_1_31' title='bbox 546 665 577 717; x_wconf 93' lang='lat' dir='ltr'><strong>ut</strong></span> <span class='ocrx_word' id='word_1_32' title='bbox 596 654 747 717; x_wconf 80' lang='lat' dir='ltr'><strong>exsolutus</strong></span> <span class='ocrx_word' id='word_1_33' title='bbox 765 661 897 739; x_wconf 89' lang='lat' dir='ltr'><strong>corporis</strong></span> <span class='ocrx_word' id='word_1_34' title='bbox 914 658 1057 736; x_wconf 84' lang='lat' dir='ltr'><strong>vinculis,</strong></span> <span class='ocrx_word' id='word_1_35' title='bbox 1080 670 1166 742; x_wconf 88' lang='lat' dir='ltr'><strong>atque</strong></span> <span class='ocrx_word' id='word_1_36' title='bbox 1185 661 1252 726; x_wconf 88' lang='lat' dir='ltr'><strong>bine</strong></span> 
     </span>
     <span class='ocr_line' id='line_1_5' title="bbox 104 755 1253 843; baseline 0.002 -21"><span class='ocrx_word' id='word_1_37' title='bbox 104 760 265 843; x_wconf 76' lang='lat' dir='ltr'>migrantes</span> <span class='ocrx_word' id='word_1_38' title='bbox 287 760 400 823; x_wconf 89' lang='lat' dir='ltr'><strong>animas</strong></span> <span class='ocrx_word' id='word_1_39' title='bbox 425 758 461 820; x_wconf 94' lang='lat' dir='ltr'><strong>ad</strong></span> <span class='ocrx_word' id='word_1_40' title='bbox 484 756 609 820; x_wconf 88' lang='lat' dir='ltr'><strong>iudicem</strong></span> <span class='ocrx_word' id='word_1_41' title='bbox 633 755 772 832; x_wconf 89' lang='lat' dir='ltr'><strong>deducat;</strong></span> <span class='ocrx_word' id='word_1_42' title='bbox 797 756 845 819; x_wconf 87' lang='lat' dir='ltr'><strong>ubi</strong></span> <span class='ocrx_word' id='word_1_43' title='bbox 868 759 994 820; x_wconf 90' lang='lat' dir='ltr'><strong>nondum</strong></span> <span class='ocrx_word' id='word_1_44' title='bbox 1013 759 1109 823; x_wconf 90' lang='lat' dir='ltr'><strong>omnia</strong></span> <span class='ocrx_word' id='word_1_45' title='bbox 1129 764 1253 843; x_wconf 86' lang='lat' dir='ltr'><strong>praesti·</strong></span> 
     </span>
     <span class='ocr_line' id='line_1_6' title="bbox 104 857 1252 944; baseline 0.003 -22"><span class='ocrx_word' id='word_1_46' title='bbox 104 861 175 925; x_wconf 86' lang='lat' dir='ltr'><strong>tissc</strong></span> <span class='ocrx_word' id='word_1_47' title='bbox 202 860 357 925; x_wconf 76' lang='lat' dir='ltr'>convictae</span> <span class='ocrx_word' id='word_1_48' title='bbox 381 880 399 922; x_wconf 85' lang='lat' dir='ltr'><strong>a</strong></span> <span class='ocrx_word' id='word_1_49' title='bbox 423 858 553 942; x_wconf 91' lang='lat' dir='ltr'><strong>principe</strong></span> <span class='ocrx_word' id='word_1_50' title='bbox 576 857 711 920; x_wconf 90' lang='lat' dir='ltr'><strong>ministro</strong></span> <span class='ocrx_word' id='word_1_51' title='bbox 736 858 907 934; x_wconf 77' lang='lat' dir='ltr'><strong>nudantur,</strong></span> <span class='ocrx_word' id='word_1_52' title='bbox 940 861 987 942; x_wconf 90' lang='lat' dir='ltr'><strong>qni</strong></span> <span class='ocrx_word' id='word_1_53' title='bbox 1013 880 1053 923; x_wconf 85' lang='lat' dir='ltr'><strong>ex</strong></span> <span class='ocrx_word' id='word_1_54' title='bbox 1081 861 1252 944; x_wconf 79' lang='lat' dir='ltr'><strong>angelornm</strong></span> 
     </span>
     <span class='ocr_line' id='line_1_7' title="bbox 102 957 1252 1046; baseline 0.003 -22"><span class='ocrx_word' id='word_1_55' title='bbox 102 983 195 1046; x_wconf 83' lang='lat' dir='ltr'><strong>grege</strong></span> <span class='ocrx_word' id='word_1_56' title='bbox 213 983 288 1024; x_wconf 87' lang='lat' dir='ltr'><strong>unus</strong></span> <span class='ocrx_word' id='word_1_57' title='bbox 311 960 405 1044; x_wconf 83' lang='lat' dir='ltr'><strong>opifici</strong></span> <span class='ocrx_word' id='word_1_58' title='bbox 425 959 523 1023; x_wconf 89' lang='lat' dir='ltr'><strong>mundi</strong></span> <span class='ocrx_word' id='word_1_59' title='bbox 543 957 628 1021; x_wconf 87' lang='lat' dir='ltr'><strong>buius</strong></span> <span class='ocrx_word' id='word_1_60' title='bbox 647 958 734 1022; x_wconf 90' lang='lat' dir='ltr'><strong>iudici</strong></span> <span class='ocrx_word' id='word_1_61' title='bbox 753 960 787 1023; x_wconf 89' lang='lat' dir='ltr'><strong>ad</strong></span> <span class='ocrx_word' id='word_1_62' title='bbox 806 962 1042 1041; x_wconf 81' lang='lat' dir='ltr'><strong>transferendas,</strong></span> <span class='ocrx_word' id='word_1_63' title='bbox 1066 973 1097 1025; x_wconf 92' lang='lat' dir='ltr'><strong>et</strong></span> <span class='ocrx_word' id='word_1_64' title='bbox 1117 962 1148 1026; x_wconf 92' lang='lat' dir='ltr'><strong>in</strong></span> <span class='ocrx_word' id='word_1_65' title='bbox 1170 965 1252 1028; x_wconf 85' lang='lat' dir='ltr'><strong>varia</strong></span> 
     </span>
     <span class='ocr_line' id='line_1_8' title="bbox 104 1060 1252 1149; baseline 0.001 -22"><span class='ocrx_word' id='word_1_66' title='bbox 104 1084 228 1147; x_wconf 87' lang='lat' dir='ltr'><strong>corpora</strong></span> <span class='ocrx_word' id='word_1_67' title='bbox 245 1062 440 1147; x_wconf 88' lang='lat' dir='ltr'><strong>deportandus</strong></span> <span class='ocrx_word' id='word_1_68' title='bbox 456 1062 568 1125; x_wconf 85' lang='lat' dir='ltr'><strong>animas</strong></span> <span class='ocrx_word' id='word_1_69' title='bbox 584 1080 701 1145; x_wconf 87' lang='lat' dir='ltr'><strong>operam</strong></span> <span class='ocrx_word' id='word_1_70' title='bbox 718 1081 801 1124; x_wconf 88' lang='lat' dir='ltr'><strong>suam</strong></span> <span class='ocrx_word' id='word_1_71' title='bbox 816 1061 952 1125; x_wconf 90' lang='lat' dir='ltr'><strong>collocat.</strong></span> <span class='ocrx_word' id='word_1_72' title='bbox 996 1060 1073 1127; x_wconf 85' lang='lat' dir='ltr'><strong>Esse</strong></span> <span class='ocrx_word' id='word_1_73' title='bbox 1092 1085 1180 1149; x_wconf 92' lang='lat' dir='ltr'><strong>porro</strong></span> <span class='ocrx_word' id='word_1_74' title='bbox 1202 1066 1252 1130; x_wconf 91' lang='lat' dir='ltr'><strong>ad·</strong></span> 
     </span>
     <span class='ocr_line' id='line_1_9' title="bbox 102 1161 1251 1249; baseline 0.003 -21"><span class='ocrx_word' id='word_1_75' title='bbox 102 1164 268 1228; x_wconf 83' lang='lat' dir='ltr'>versarium</span> <span class='ocrx_word' id='word_1_76' title='bbox 289 1163 370 1226; x_wconf 89' lang='lat' dir='ltr'><strong>illum</strong></span> <span class='ocrx_word' id='word_1_77' title='bbox 391 1183 475 1247; x_wconf 91' lang='lat' dir='ltr'><strong>quem</strong></span> <span class='ocrx_word' id='word_1_78' title='bbox 496 1183 514 1224; x_wconf 87' lang='lat' dir='ltr'><strong>a</strong></span> <span class='ocrx_word' id='word_1_79' title='bbox 532 1161 649 1225; x_wconf 90' lang='lat' dir='ltr'><strong>domino</strong></span> <span class='ocrx_word' id='word_1_80' title='bbox 665 1174 923 1227; x_wconf 87' lang='lat' dir='ltr'><strong>commemoratum</strong></span> <span class='ocrx_word' id='word_1_81' title='bbox 947 1163 977 1226; x_wconf 94' lang='lat' dir='ltr'><strong>in</strong></span> <span class='ocrx_word' id='word_1_82' title='bbox 1000 1167 1154 1249; x_wconf 79' lang='lat' dir='ltr'><strong>evangelio</strong></span> <span class='ocrx_word' id='word_1_83' title='bbox 1176 1167 1251 1232; x_wconf 76' lang='lat' dir='ltr'><strong>dixi·</strong></span> 
     </span>
     <span class='ocr_line' id='line_1_10' title="bbox 102 1262 1250 1347; baseline 0.004 -19"><span class='ocrx_word' id='word_1_84' title='bbox 102 1286 186 1341; x_wconf 91' lang='lat' dir='ltr'><strong>mus,</strong></span> <span class='ocrx_word' id='word_1_85' title='bbox 211 1286 298 1328; x_wconf 90' lang='lat' dir='ltr'><strong>unum</strong></span> <span class='ocrx_word' id='word_1_86' title='bbox 315 1286 355 1328; x_wconf 82' lang='lat' dir='ltr'><strong>ex</strong></span> <span class='ocrx_word' id='word_1_87' title='bbox 369 1263 467 1327; x_wconf 91' lang='lat' dir='ltr'><strong>mundi</strong></span> <span class='ocrx_word' id='word_1_88' title='bbox 484 1262 645 1327; x_wconf 87' lang='lat' dir='ltr'><strong>artibcibus</strong></span> <span class='ocrx_word' id='word_1_89' title='bbox 664 1263 776 1347; x_wconf 78' lang='lat' dir='ltr'><strong>angelis</strong></span> <span class='ocrx_word' id='word_1_90' title='bbox 798 1265 915 1328; x_wconf 90' lang='lat' dir='ltr'><strong>nomine</strong></span> <span class='ocrx_word' id='word_1_91' title='bbox 933 1264 1072 1329; x_wconf 82' lang='lat' dir='ltr'><strong>Abulnm.</strong></span> <span class='ocrx_word' id='word_1_92' title='bbox 1116 1265 1196 1331; x_wconf 91' lang='lat' dir='ltr'><strong>Nam</strong></span> <span class='ocrx_word' id='word_1_93' title='bbox 1219 1281 1250 1333; x_wconf 90' lang='lat' dir='ltr'><strong>et</strong></span> 
     </span>
     <span class='ocr_line' id='line_1_11' title="bbox 103 1365 1249 1450; baseline 0.004 -21"><span class='ocrx_word' id='word_1_94' title='bbox 103 1366 264 1429; x_wconf 79' lang='lat' dir='ltr'><strong>custodiam</strong></span> <span class='ocrx_word' id='word_1_95' title='bbox 281 1387 348 1430; x_wconf 86' lang='lat' dir='ltr'><strong>esse</strong></span> <span class='ocrx_word' id='word_1_96' title='bbox 362 1386 468 1450; x_wconf 89' lang='lat' dir='ltr'><strong>corpus</strong></span> <span class='ocrx_word' id='word_1_97' title='bbox 482 1365 722 1449; x_wconf 73' lang='lat' dir='ltr'><strong>interpretantur,</strong></span> <span class='ocrx_word' id='word_1_98' title='bbox 741 1376 773 1428; x_wconf 91' lang='lat' dir='ltr'><strong>et</strong></span> <span class='ocrx_word' id='word_1_99' title='bbox 785 1367 975 1429; x_wconf 87' lang='lat' dir='ltr'><strong>novissimum</strong></span> <span class='ocrx_word' id='word_1_100' title='bbox 992 1369 1182 1450; x_wconf 79' lang='lat' dir='ltr'><strong>quadrantem</strong></span> <span class='ocrx_word' id='word_1_101' title='bbox 1195 1371 1249 1434; x_wconf 90' lang='lat' dir='ltr'><strong>mi·</strong></span> 
     </span>
     <span class='ocr_line' id='line_1_12' title="bbox 103 1466 1248 1552; baseline 0.006 -22"><span class='ocrx_word' id='word_1_102' title='bbox 103 1469 267 1552; x_wconf 85' lang='lat' dir='ltr'><strong>grationem</strong></span> <span class='ocrx_word' id='word_1_103' title='bbox 283 1467 455 1546; x_wconf 89' lang='lat' dir='ltr'><strong>animarum,</strong></span> <span class='ocrx_word' id='word_1_104' title='bbox 480 1488 551 1550; x_wconf 88' lang='lat' dir='ltr'><strong>quas</strong></span> <span class='ocrx_word' id='word_1_105' title='bbox 567 1466 785 1531; x_wconf 79' lang='lat' dir='ltr'><strong>accessionibus</strong></span> <span class='ocrx_word' id='word_1_106' title='bbox 799 1467 836 1530; x_wconf 93' lang='lat' dir='ltr'><strong>ad</strong></span> <span class='ocrx_word' id='word_1_107' title='bbox 852 1489 976 1552; x_wconf 91' lang='lat' dir='ltr'><strong>corpora</strong></span> <span class='ocrx_word' id='word_1_108' title='bbox 992 1467 1115 1552; x_wconf 85' lang='lat' dir='ltr'><strong>singulis</strong></span> <span class='ocrx_word' id='word_1_109' title='bbox 1132 1472 1248 1537; x_wconf 87' lang='lat' dir='ltr'><strong>ultimas</strong></span> 
     </span>
     <span class='ocr_line' id='line_1_13' title="bbox 101 1568 1248 1656; baseline 0.008 -24"><span class='ocrx_word' id='word_1_110' title='bbox 101 1570 232 1634; x_wconf 86' lang='lat' dir='ltr'><strong>actiones</strong></span> <span class='ocrx_word' id='word_1_111' title='bbox 246 1568 327 1633; x_wconf 90' lang='lat' dir='ltr'><strong>obire</strong></span> <span class='ocrx_word' id='word_1_112' title='bbox 344 1589 467 1633; x_wconf 86' lang='lat' dir='ltr'><strong>necessa</strong></span> <span class='ocrx_word' id='word_1_113' title='bbox 487 1569 543 1648; x_wconf 87' lang='lat' dir='ltr'><strong>sit,</strong></span> <span class='ocrx_word' id='word_1_114' title='bbox 568 1569 675 1632; x_wconf 91' lang='lat' dir='ltr'><strong>nullum</strong></span> <span class='ocrx_word' id='word_1_115' title='bbox 694 1578 726 1632; x_wconf 94' lang='grc' dir='ltr'><strong>ιιι</strong></span> <span class='ocrx_word' id='word_1_116' title='bbox 741 1570 863 1654; x_wconf 90' lang='lat' dir='ltr'><strong>amplius</strong></span> <span class='ocrx_word' id='word_1_117' title='bbox 878 1569 976 1634; x_wconf 88' lang='lat' dir='ltr'><strong>scelus</strong></span> <span class='ocrx_word' id='word_1_118' title='bbox 990 1590 1026 1633; x_wconf 91' lang='lat' dir='ltr'><strong>ac</strong></span> <span class='ocrx_word' id='word_1_119' title='bbox 1040 1572 1180 1656; x_wconf 82' lang='lat' dir='ltr'><strong>flagitium</strong></span> <span class='ocrx_word' id='word_1_120' title='bbox 1198 1597 1248 1641; x_wconf 88' lang='lat' dir='ltr'><strong>su·</strong></span> 
     </span>
     <span class='ocr_line' id='line_1_14' title="bbox 103 1667 1249 1757; baseline 0.007 -24"><span class='ocrx_word' id='word_1_121' title='bbox 103 1672 206 1756; x_wconf 87' lang='lat' dir='ltr'><strong>persit.</strong></span> <span class='ocrx_word' id='word_1_122' title='bbox 251 1667 376 1755; x_wconf 77' lang='lat' dir='ltr'><strong>Oportet</strong></span> <span class='ocrx_word' id='word_1_123' title='bbox 390 1670 487 1750; x_wconf 88' lang='lat' dir='ltr'><strong>euim,</strong></span> <span class='ocrx_word' id='word_1_124' title='bbox 511 1681 544 1733; x_wconf 89' lang='lat' dir='ltr'><strong>nt</strong></span> <span class='ocrx_word' id='word_1_125' title='bbox 559 1680 646 1734; x_wconf 91' lang='lat' dir='ltr'><strong>autea</strong></span> <span class='ocrx_word' id='word_1_126' title='bbox 661 1671 767 1734; x_wconf 87' lang='lat' dir='ltr'><strong>dictum</strong></span> <span class='ocrx_word' id='word_1_127' title='bbox 785 1682 848 1749; x_wconf 90' lang='lat' dir='ltr'><strong>est,</strong></span> <span class='ocrx_word' id='word_1_128' title='bbox 872 1682 1057 1757; x_wconf 77' lang='lat' dir='ltr'><strong>pervagatam</strong></span> <span class='ocrx_word' id='word_1_129' title='bbox 1074 1675 1172 1739; x_wconf 89' lang='lat' dir='ltr'><strong>omnia</strong></span> <span class='ocrx_word' id='word_1_130' title='bbox 1186 1677 1249 1741; x_wconf 90' lang='lat' dir='ltr'><strong>sin·</strong></span> 
     </span>
     <span class='ocr_line' id='line_1_15' title="bbox 99 1772 1247 1857; baseline 0.007 -22"><span class='ocrx_word' id='word_1_131' title='bbox 99 1773 232 1856; x_wconf 82' lang='lat' dir='ltr'><strong>gulisque</strong></span> <span class='ocrx_word' id='word_1_132' title='bbox 258 1775 439 1857; x_wconf 77' lang='lat' dir='ltr'><strong>perfunctam</strong></span> <span class='ocrx_word' id='word_1_133' title='bbox 465 1772 610 1849; x_wconf 89' lang='lat' dir='ltr'><strong>animam,</strong></span> <span class='ocrx_word' id='word_1_134' title='bbox 641 1792 676 1835; x_wconf 86' lang='lat' dir='ltr'><strong>ac</strong></span> <span class='ocrx_word' id='word_1_135' title='bbox 698 1773 842 1851; x_wconf 85' lang='lat' dir='ltr'><strong>solutam,</strong></span> <span class='ocrx_word' id='word_1_136' title='bbox 872 1775 970 1837; x_wconf 86' lang='lat' dir='ltr'><strong>mundi</strong></span> <span class='ocrx_word' id='word_1_137' title='bbox 998 1775 1185 1842; x_wconf 88' lang='lat' dir='ltr'><strong>effectoribus</strong></span> <span class='ocrx_word' id='word_1_138' title='bbox 1213 1800 1247 1844; x_wconf 90' lang='lat' dir='ltr'><strong>ac</strong></span> 
     </span>
     <span class='ocr_line' id='line_1_16' title="bbox 97 1871 1247 1965; baseline 0.008 -29"><span class='ocrx_word' id='word_1_139' title='bbox 97 1874 255 1960; x_wconf 89' lang='lat' dir='ltr'><strong>praecipuo</strong></span> <span class='ocrx_word' id='word_1_140' title='bbox 270 1874 354 1939; x_wconf 83' lang='lat' dir='ltr'><strong>buius</strong></span> <span class='ocrx_word' id='word_1_141' title='bbox 367 1885 490 1937; x_wconf 90' lang='lat' dir='ltr'><strong>auctore</strong></span> <span class='ocrx_word' id='word_1_142' title='bbox 502 1871 660 1956; x_wconf 85' lang='lat' dir='ltr'><strong>superatis,</strong></span> <span class='ocrx_word' id='word_1_143' title='bbox 676 1873 712 1935; x_wconf 89' lang='lat' dir='ltr'><strong>ad</strong></span> <span class='ocrx_word' id='word_1_144' title='bbox 724 1892 890 1957; x_wconf 85' lang='lat' dir='ltr'><strong>supremum</strong></span> <span class='ocrx_word' id='word_1_145' title='bbox 904 1874 982 1937; x_wconf 91' lang='lat' dir='ltr'><strong>illum</strong></span> <span class='ocrx_word' id='word_1_146' title='bbox 996 1874 1185 1963; x_wconf 86' lang='lat' dir='ltr'><strong>ignotumque</strong></span> <span class='ocrx_word' id='word_1_147' title='bbox 1197 1903 1247 1965; x_wconf 92' lang='lat' dir='ltr'><strong>pe·</strong></span> 
     </span>
     <span class='ocr_line' id='line_1_17' title="bbox 96 1973 1247 2058; baseline 0.008 -20"><span class='ocrx_word' id='word_1_148' title='bbox 96 1986 226 2039; x_wconf 88' lang='lat' dir='ltr'><strong>netrare.</strong></span> <span class='ocrx_word' id='word_1_149' title='bbox 271 1976 393 2039; x_wconf 78' lang='lat' dir='ltr'><strong>Addunt</strong></span> <span class='ocrx_word' id='word_1_150' title='bbox 408 1976 529 2058; x_wconf 89' lang='lat' dir='ltr'><strong>insuper</strong></span> <span class='ocrx_word' id='word_1_151' title='bbox 545 1973 592 2036; x_wconf 88' lang='lat' dir='ltr'><strong>rel</strong></span> <span class='ocrx_word' id='word_1_152' title='bbox 608 1973 638 2036; x_wconf 92' lang='lat' dir='ltr'><strong>in</strong></span> <span class='ocrx_word' id='word_1_153' title='bbox 656 1973 747 2058; x_wconf 88' lang='lat' dir='ltr'><strong>prima</strong></span> <span class='ocrx_word' id='word_1_154' title='bbox 763 1975 937 2057; x_wconf 83' lang='lat' dir='ltr'><strong>migratione</strong></span> <span class='ocrx_word' id='word_1_155' title='bbox 953 1976 1096 2042; x_wconf 79' lang='lat' dir='ltr'><strong>conlectis</strong></span> <span class='ocrx_word' id='word_1_156' title='bbox 1113 1981 1247 2048; x_wconf 90' lang='lat' dir='ltr'><strong>omnibus</strong></span> 
     </span>
     <span class='ocr_line' id='line_1_18' title="bbox 97 2075 1247 2160; baseline 0.005 -20"><span class='ocrx_word' id='word_1_157' title='bbox 97 2098 214 2141; x_wconf 66' lang='lat' dir='ltr'><strong>sursum</strong></span> <span class='ocrx_word' id='word_1_158' title='bbox 239 2078 360 2141; x_wconf 80' lang='lat' dir='ltr'><strong>evolare</strong></span> <span class='ocrx_word' id='word_1_159' title='bbox 378 2076 486 2140; x_wconf 89' lang='lat' dir='ltr'><strong>liberas</strong></span> <span class='ocrx_word' id='word_1_160' title='bbox 509 2096 581 2160; x_wconf 87' lang='lat' dir='ltr'><strong>opus</strong></span> <span class='ocrx_word' id='word_1_161' title='bbox 604 2094 691 2152; x_wconf 90' lang='lat' dir='ltr'><strong>esse,</strong></span> <span class='ocrx_word' id='word_1_162' title='bbox 715 2075 764 2138; x_wconf 85' lang='lat' dir='ltr'><strong>rel</strong></span> <span class='ocrx_word' id='word_1_163' title='bbox 782 2075 838 2138; x_wconf 93' lang='lat' dir='ltr'><strong>nisi</strong></span> <span class='ocrx_word' id='word_1_164' title='bbox 858 2077 944 2139; x_wconf 90' lang='lat' dir='ltr'><strong>unico</strong></span> <span class='ocrx_word' id='word_1_165' title='bbox 962 2078 1012 2141; x_wconf 88' lang='lat' dir='ltr'><strong>illo</strong></span> <span class='ocrx_word' id='word_1_166' title='bbox 1034 2080 1161 2144; x_wconf 89' lang='lat' dir='ltr'><strong>adventu</strong></span> <span class='ocrx_word' id='word_1_167' title='bbox 1183 2084 1247 2146; x_wconf 91' lang='lat' dir='ltr'><strong>uni-</strong></span> 
     </span>
     <span class='ocr_line' id='line_1_19' title="bbox 96 2177 1248 2264; baseline 0.005 -22"><span class='ocrx_word' id='word_1_168' title='bbox 96 2199 185 2242; x_wconf 83' lang='lat' dir='ltr'><strong>versa</strong></span> <span class='ocrx_word' id='word_1_169' title='bbox 201 2181 392 2264; x_wconf 79' lang='lat' dir='ltr'><strong>perfecerint,</strong></span> <span class='ocrx_word' id='word_1_170' title='bbox 416 2188 476 2241; x_wconf 92' lang='lat' dir='ltr'><strong>tum</strong></span> <span class='ocrx_word' id='word_1_171' title='bbox 492 2197 565 2240; x_wconf 88' lang='lat' dir='ltr'><strong>vero</strong></span> <span class='ocrx_word' id='word_1_172' title='bbox 582 2197 755 2260; x_wconf 88' lang='lat' dir='ltr'><strong>unaquaque</strong></span> <span class='ocrx_word' id='word_1_173' title='bbox 772 2177 944 2241; x_wconf 83' lang='lat' dir='ltr'><strong>transitione</strong></span> <span class='ocrx_word' id='word_1_174' title='bbox 960 2180 1096 2263; x_wconf 90' lang='lat' dir='ltr'><strong>paulatim</strong></span> <span class='ocrx_word' id='word_1_175' title='bbox 1114 2183 1248 2249; x_wconf 88' lang='lat' dir='ltr'><strong>omnibus</strong></span> 
     </span>
     <span class='ocr_line' id='line_1_20' title="bbox 98 2278 1248 2364; baseline 0.004 -20"><span class='ocrx_word' id='word_1_176' title='bbox 98 2281 276 2344; x_wconf 83' lang='lat' dir='ltr'><strong>iecinoribus</strong></span> <span class='ocrx_word' id='word_1_177' title='bbox 292 2280 467 2364; x_wconf 77' lang='lat' dir='ltr'><strong>flagitiisque</strong></span> <span class='ocrx_word' id='word_1_178' title='bbox 485 2278 638 2342; x_wconf 81' lang='lat' dir='ltr'><strong>deiunctae</strong></span> <span class='ocrx_word' id='word_1_179' title='bbox 653 2298 722 2341; x_wconf 88' lang='lat' dir='ltr'><strong>sese</strong></span> <span class='ocrx_word' id='word_1_180' title='bbox 736 2279 765 2341; x_wconf 94' lang='lat' dir='ltr'><strong>in</strong></span> <span class='ocrx_word' id='word_1_181' title='bbox 781 2278 946 2342; x_wconf 87' lang='lat' dir='ltr'><strong>libertatem</strong></span> <span class='ocrx_word' id='word_1_182' title='bbox 964 2301 1112 2347; x_wconf 83' lang='lat' dir='ltr'><strong>asserere.</strong></span> <span class='ocrx_word' id='word_1_183' title='bbox 1156 2282 1248 2350; x_wconf 88' lang='lat' dir='ltr'><strong>Prae·</strong></span> 
     </span>
     <span class='ocr_line' id='line_1_21' title="bbox 98 2379 1249 2466; baseline 0.006 -21"><span class='ocrx_word' id='word_1_184' title='bbox 98 2393 178 2448; x_wconf 91' lang='lat' dir='ltr'><strong>terea</strong></span> <span class='ocrx_word' id='word_1_185' title='bbox 200 2405 255 2447; x_wconf 89' lang='lat' dir='ltr'><strong>nus</strong></span> <span class='ocrx_word' id='word_1_186' title='bbox 272 2384 309 2446; x_wconf 89' lang='lat' dir='ltr'><strong>iis</strong></span> <span class='ocrx_word' id='word_1_187' title='bbox 329 2381 377 2466; x_wconf 91' lang='lat' dir='ltr'><strong>qni</strong></span> <span class='ocrx_word' id='word_1_188' title='bbox 394 2381 474 2465; x_wconf 80' lang='lat' dir='ltr'><strong>digni</strong></span> <span class='ocrx_word' id='word_1_189' title='bbox 488 2390 574 2458; x_wconf 91' lang='lat' dir='ltr'><strong>sunt,</strong></span> <span class='ocrx_word' id='word_1_190' title='bbox 597 2379 748 2464; x_wconf 90' lang='lat' dir='ltr'><strong>inquiunt,</strong></span> <span class='ocrx_word' id='word_1_191' title='bbox 770 2401 879 2443; x_wconf 89' lang='lat' dir='ltr'><strong>arcana</strong></span> <span class='ocrx_word' id='word_1_192' title='bbox 897 2381 953 2444; x_wconf 89' lang='lat' dir='ltr'><strong>ista</strong></span> <span class='ocrx_word' id='word_1_193' title='bbox 971 2383 1192 2465; x_wconf 88' lang='lat' dir='ltr'><strong>committimus,</strong></span> <span class='ocrx_word' id='word_1_194' title='bbox 1218 2398 1249 2452; x_wconf 90' lang='lat' dir='ltr'><strong>ut</strong></span> 
     </span>
     <span class='ocr_line' id='line_1_22' title="bbox 98 2483 1246 2569; baseline 0.003 -21"><span class='ocrx_word' id='word_1_195' title='bbox 98 2505 172 2567; x_wconf 91' lang='lat' dir='ltr'><strong>quae</strong></span> <span class='ocrx_word' id='word_1_196' title='bbox 194 2506 263 2548; x_wconf 89' lang='lat' dir='ltr'><strong>esse</strong></span> <span class='ocrx_word' id='word_1_197' title='bbox 283 2483 420 2547; x_wconf 85' lang='lat' dir='ltr'><strong>ridentur</strong></span> <span class='ocrx_word' id='word_1_198' title='bbox 439 2483 530 2559; x_wconf 72' lang='lat' dir='ltr'><strong>unda,</strong></span> <span class='ocrx_word' id='word_1_199' title='bbox 555 2494 659 2547; x_wconf 84' lang='lat' dir='ltr'><strong>natura</strong></span> <span class='ocrx_word' id='word_1_200' title='bbox 681 2493 777 2546; x_wconf 87' lang='lat' dir='ltr'><strong>antem</strong></span> <span class='ocrx_word' id='word_1_201' title='bbox 802 2483 920 2546; x_wconf 91' lang='lat' dir='ltr'><strong>minime</strong></span> <span class='ocrx_word' id='word_1_202' title='bbox 942 2493 1027 2562; x_wconf 90' lang='lat' dir='ltr'><strong>sunt,</strong></span> <span class='ocrx_word' id='word_1_203' title='bbox 1051 2498 1246 2569; x_wconf 84' lang='lat' dir='ltr'><strong>exequantur,</strong></span> 
     </span>
     <span class='ocr_line' id='line_1_23' title="bbox 96 2581 1246 2672; baseline 0.004 -22"><span class='ocrx_word' id='word_1_204' title='bbox 96 2607 190 2670; x_wconf 89' lang='lat' dir='ltr'><strong>eaque</strong></span> <span class='ocrx_word' id='word_1_205' title='bbox 217 2607 251 2649; x_wconf 90' lang='lat' dir='ltr'><strong>re</strong></span> <span class='ocrx_word' id='word_1_206' title='bbox 279 2586 394 2669; x_wconf 77' lang='lat' dir='ltr'><strong>cognita</strong></span> <span class='ocrx_word' id='word_1_207' title='bbox 420 2584 593 2648; x_wconf 83' lang='lat' dir='ltr'><strong>liberentur.</strong></span> <span class='ocrx_word' id='word_1_208' title='bbox 639 2581 745 2648; x_wconf 89' lang='lat' dir='ltr'><strong>Solent</strong></span> <span class='ocrx_word' id='word_1_209' title='bbox 767 2605 839 2649; x_wconf 87' lang='lat' dir='ltr'><strong>vcro</strong></span> <span class='ocrx_word' id='word_1_210' title='bbox 864 2582 1087 2671; x_wconf 84' lang='lat' dir='ltr'><strong>Carpocratiani</strong></span> <span class='ocrx_word' id='word_1_211' title='bbox 1115 2611 1188 2672; x_wconf 92' lang='lat' dir='ltr'><strong>qnos</strong></span> <span class='ocrx_word' id='word_1_212' title='bbox 1210 2591 1246 2654; x_wconf 86' lang='lat' dir='ltr'><strong>ad</strong></span> 
     </span>
     <span class='ocr_line' id='line_1_24' title="bbox 95 2686 1246 2772; baseline 0.004 -22"><span class='ocrx_word' id='word_1_213' title='bbox 95 2709 178 2751; x_wconf 90' lang='lat' dir='ltr'><strong>snam</strong></span> <span class='ocrx_word' id='word_1_214' title='bbox 194 2698 306 2752; x_wconf 88' lang='lat' dir='ltr'><strong>sectam</strong></span> <span class='ocrx_word' id='word_1_215' title='bbox 323 2686 523 2751; x_wconf 80' lang='lat' dir='ltr'><strong>fraudulenter</strong></span> <span class='ocrx_word' id='word_1_216' title='bbox 537 2686 731 2772; x_wconf 87' lang='lat' dir='ltr'><strong>pellexerint,</strong></span> <span class='ocrx_word' id='word_1_217' title='bbox 754 2686 791 2750; x_wconf 93' lang='lat' dir='ltr'><strong>iis</strong></span> <span class='ocrx_word' id='word_1_218' title='bbox 809 2688 952 2751; x_wconf 89' lang='lat' dir='ltr'><strong>candente</strong></span> <span class='ocrx_word' id='word_1_219' title='bbox 970 2691 1067 2768; x_wconf 87' lang='lat' dir='ltr'><strong>lerro,</strong></span> <span class='ocrx_word' id='word_1_220' title='bbox 1091 2691 1139 2754; x_wconf 88' lang='lat' dir='ltr'><strong>vel</strong></span> <span class='ocrx_word' id='word_1_221' title='bbox 1155 2713 1246 2755; x_wconf 89' lang='lat' dir='ltr'><strong>nora·</strong></span> 
     </span>
     <span class='ocr_line' id='line_1_25' title="bbox 93 2789 1131 2874; baseline 0.003 -22"><span class='ocrx_word' id='word_1_222' title='bbox 93 2789 175 2869; x_wconf 90' lang='lat' dir='ltr'><strong>cula,</strong></span> <span class='ocrx_word' id='word_1_223' title='bbox 199 2791 248 2854; x_wconf 87' lang='lat' dir='ltr'><strong>vel</strong></span> <span class='ocrx_word' id='word_1_224' title='bbox 266 2811 320 2854; x_wconf 89' lang='lat' dir='ltr'><strong>acu</strong></span> <span class='ocrx_word' id='word_1_225' title='bbox 339 2800 437 2852; x_wconf 72' lang='lat' dir='ltr'><strong>nomm</strong></span> <span class='ocrx_word' id='word_1_226' title='bbox 453 2789 596 2872; x_wconf 90' lang='lat' dir='ltr'><strong>quandam</strong></span> <span class='ocrx_word' id='word_1_227' title='bbox 616 2789 653 2852; x_wconf 92' lang='lat' dir='ltr'><strong>ad</strong></span> <span class='ocrx_word' id='word_1_228' title='bbox 670 2789 756 2851; x_wconf 90' lang='lat' dir='ltr'><strong>imam</strong></span> <span class='ocrx_word' id='word_1_229' title='bbox 773 2789 935 2852; x_wconf 88' lang='lat' dir='ltr'><strong>auriculam</strong></span> <span class='ocrx_word' id='word_1_230' title='bbox 952 2791 1131 2874; x_wconf 89' lang='lat' dir='ltr'><strong>imprimere.</strong></span> 
     </span>
    </p>

    <p class='ocr_par' dir='ltr' id='par_1_3' title="bbox 84 2888 1392 4302">
     <span class='ocr_line' id='line_1_26' title="bbox 177 2888 1379 2978; baseline 0.006 -24"><span class='ocrx_word' id='word_1_231' title='bbox 177 2890 228 2954; x_wconf 84' lang='lat' dir='ltr'><strong>Ex</strong></span> <span class='ocrx_word' id='word_1_232' title='bbox 243 2892 345 2956; x_wconf 90' lang='lat' dir='ltr'><strong>borum</strong></span> <span class='ocrx_word' id='word_1_233' title='bbox 362 2890 489 2954; x_wconf 76' lang='lat' dir='ltr'><strong>factione</strong></span> <span class='ocrx_word' id='word_1_234' title='bbox 502 2888 676 2954; x_wconf 81' lang='lat' dir='ltr'><strong>Marcellino</strong></span> <span class='ocrx_word' id='word_1_235' title='bbox 693 2891 834 2975; x_wconf 90' lang='lat' dir='ltr'><strong>quaedam</strong></span> <span class='ocrx_word' id='word_1_236' title='bbox 849 2891 886 2954; x_wconf 94' lang='lat' dir='ltr'><strong>ad</strong></span> <span class='ocrx_word' id='word_1_237' title='bbox 900 2914 954 2955; x_wconf 89' lang='lat' dir='ltr'><strong>nos</strong></span> <span class='ocrx_word' id='word_1_238' title='bbox 969 2892 1062 2970; x_wconf 83' lang='lat' dir='ltr'><strong>venit,</strong></span> <span class='ocrx_word' id='word_1_239' title='bbox 1082 2916 1156 2978; x_wconf 90' lang='lat' dir='ltr'><strong>quae</strong></span> <span class='ocrx_word' id='word_1_240' title='bbox 1172 2897 1246 2962; x_wconf 81' lang='lat' dir='ltr'><strong>Ani·</strong></span> <span class='ocrx_word' id='word_1_241' title='bbox 1265 2898 1325 2966; x_wconf 75' lang='lat' dir='ltr'><strong>cap.</strong></span> <span class='ocrx_word' id='word_1_242' title='bbox 1338 2901 1379 2950; x_wconf 81' lang='lat' dir='ltr'><strong>Vl·</strong></span> 
     </span>
     <span class='ocr_line' id='line_1_27' title="bbox 92 2991 1243 3082; baseline 0.007 -27"><span class='ocrx_word' id='word_1_243' title='bbox 92 2993 151 3056; x_wconf 92' lang='lat' dir='ltr'><strong>ceti</strong></span> <span class='ocrx_word' id='word_1_244' title='bbox 165 2991 290 3056; x_wconf 82' lang='lat' dir='ltr'><strong>Romani</strong></span> <span class='ocrx_word' id='word_1_245' title='bbox 308 2994 435 3078; x_wconf 88' lang='lat' dir='ltr'><strong>episcopi</strong></span> <span class='ocrx_word' id='word_1_246' title='bbox 450 3003 582 3077; x_wconf 88' lang='lat' dir='ltr'><strong>tempore</strong></span> <span class='ocrx_word' id='word_1_247' title='bbox 598 2992 753 3077; x_wconf 89' lang='lat' dir='ltr'><strong>plerosque</strong></span> <span class='ocrx_word' id='word_1_248' title='bbox 768 2993 966 3073; x_wconf 78' lang='lat' dir='ltr'><strong>labefactavit,</strong></span> <span class='ocrx_word' id='word_1_249' title='bbox 990 2994 1108 3059; x_wconf 79' lang='lat' dir='ltr'><strong>Aniceti</strong></span> <span class='ocrx_word' id='word_1_250' title='bbox 1126 3000 1243 3082; x_wconf 90' lang='lat' dir='ltr'><strong>inquam</strong></span> 
     </span>
     <span class='ocr_line' id='line_1_28' title="bbox 92 3091 1242 3184; baseline 0.004 -26"><span class='ocrx_word' id='word_1_251' title='bbox 92 3095 171 3158; x_wconf 89' lang='lat' dir='ltr'><strong>illius</strong></span> <span class='ocrx_word' id='word_1_252' title='bbox 195 3094 245 3178; x_wconf 89' lang='lat' dir='ltr'><strong>qni</strong></span> <span class='ocrx_word' id='word_1_253' title='bbox 265 3091 320 3158; x_wconf 89' lang='lat' dir='ltr'><strong>Pio</strong></span> <span class='ocrx_word' id='word_1_254' title='bbox 342 3095 465 3179; x_wconf 89' lang='lat' dir='ltr'><strong>aliisque</strong></span> <span class='ocrx_word' id='word_1_255' title='bbox 483 3095 667 3179; x_wconf 85' lang='lat' dir='ltr'><strong>pontificibus</strong></span> <span class='ocrx_word' id='word_1_256' title='bbox 687 3096 842 3159; x_wconf 89' lang='lat' dir='ltr'><strong>successit.</strong></span> <span class='ocrx_word' id='word_1_257' title='bbox 887 3094 1006 3159; x_wconf 87' lang='lat' dir='ltr'><strong>Etenim</strong></span> <span class='ocrx_word' id='word_1_258' title='bbox 1027 3095 1140 3162; x_wconf 82' lang='lat' dir='ltr'><strong>Romae</strong></span> <span class='ocrx_word' id='word_1_259' title='bbox 1157 3100 1242 3184; x_wconf 88' lang='lat' dir='ltr'><strong>primi</strong></span> 
     </span>
     <span class='ocr_line' id='line_1_29' title="bbox 91 3193 1240 3284; baseline 0.004 -25"><span class='ocrx_word' id='word_1_260' title='bbox 91 3197 221 3260; x_wconf 89' lang='lat' dir='ltr'><strong>omnium</strong></span> <span class='ocrx_word' id='word_1_261' title='bbox 243 3193 351 3261; x_wconf 84' lang='lat' dir='ltr'><strong>Petrus</strong></span> <span class='ocrx_word' id='word_1_262' title='bbox 377 3208 408 3260; x_wconf 91' lang='lat' dir='ltr'><strong>et</strong></span> <span class='ocrx_word' id='word_1_263' title='bbox 431 3194 540 3260; x_wconf 92' lang='lat' dir='ltr'><strong>Paulus</strong></span> <span class='ocrx_word' id='word_1_264' title='bbox 562 3196 687 3280; x_wconf 89' lang='lat' dir='ltr'><strong>apostoli</strong></span> <span class='ocrx_word' id='word_1_265' title='bbox 711 3196 822 3281; x_wconf 89' lang='lat' dir='ltr'><strong>pariter</strong></span> <span class='ocrx_word' id='word_1_266' title='bbox 848 3208 935 3281; x_wconf 90' lang='lat' dir='ltr'><strong>atque</strong></span> <span class='ocrx_word' id='word_1_267' title='bbox 958 3198 1086 3284; x_wconf 89' lang='lat' dir='ltr'><strong>episcopi</strong></span> <span class='ocrx_word' id='word_1_268' title='bbox 1111 3202 1240 3264; x_wconf 88' lang='lat' dir='ltr'><strong>luerunt.</strong></span> 
     </span>
     <span class='ocr_line' id='line_1_30' title="bbox 90 3293 1242 3378; baseline 0.001 -16"><span class='ocrx_word' id='word_1_269' title='bbox 90 3296 290 3377; x_wconf 84' lang='lat' dir='ltr'><strong>ludeLinns,</strong></span> <span class='ocrx_word' id='word_1_270' title='bbox 314 3309 375 3361; x_wconf 87' lang='lat' dir='ltr'><strong>tum</strong></span> <span class='ocrx_word' id='word_1_271' title='bbox 393 3293 509 3363; x_wconf 84' lang='lat' dir='ltr'><strong>Cletus.</strong></span> <span class='ocrx_word' id='word_1_272' title='bbox 554 3296 628 3362; x_wconf 91' lang='lat' dir='ltr'><strong>Post</strong></span> <span class='ocrx_word' id='word_1_273' title='bbox 643 3298 719 3362; x_wconf 88' lang='lat' dir='ltr'><strong>bunc</strong></span> <span class='ocrx_word' id='word_1_274' title='bbox 737 3295 892 3378; x_wconf 86' lang='lat' dir='ltr'><strong>Clemens,</strong></span> <span class='ocrx_word' id='word_1_275' title='bbox 925 3297 1006 3364; x_wconf 91' lang='lat' dir='ltr'><strong>Petri</strong></span> <span class='ocrx_word' id='word_1_276' title='bbox 1024 3312 1054 3365; x_wconf 92' lang='lat' dir='ltr'><strong>et</strong></span> <span class='ocrx_word' id='word_1_277' title='bbox 1070 3298 1152 3364; x_wconf 90' lang='lat' dir='ltr'><strong>Pauli</strong></span> <span class='ocrx_word' id='word_1_278' title='bbox 1169 3312 1242 3364; x_wconf 91' lang='lat' dir='ltr'><strong>tem-</strong></span> 
     </span>
     <span class='ocr_line' id='line_1_31' title="bbox 90 3397 1385 3514; baseline 0.004 -53"><span class='ocrx_word' id='word_1_279' title='bbox 90 3421 190 3484; x_wconf 88' lang='lat' dir='ltr'><strong>porum</strong></span> <span class='ocrx_word' id='word_1_280' title='bbox 208 3400 356 3486; x_wconf 83' lang='lat' dir='ltr'><strong>aequalis,</strong></span> <span class='ocrx_word' id='word_1_281' title='bbox 381 3401 415 3463; x_wconf 96' lang='lat' dir='ltr'><strong>de</strong></span> <span class='ocrx_word' id='word_1_282' title='bbox 432 3422 489 3483; x_wconf 93' lang='lat' dir='ltr'><strong>quo</strong></span> <span class='ocrx_word' id='word_1_283' title='bbox 503 3397 613 3464; x_wconf 89' lang='lat' dir='ltr'><strong>Paulus</strong></span> <span class='ocrx_word' id='word_1_284' title='bbox 627 3400 759 3464; x_wconf 89' lang='lat' dir='ltr'><strong>meminit</strong></span> <span class='ocrx_word' id='word_1_285' title='bbox 774 3402 810 3464; x_wconf 89' lang='lat' dir='ltr'><strong>ad</strong></span> <span class='ocrx_word' id='word_1_286' title='bbox 825 3401 977 3466; x_wconf 79' lang='lat' dir='ltr'><strong>Romanos</strong></span> <span class='ocrx_word' id='word_1_287' title='bbox 993 3402 1137 3465; x_wconf 88' lang='lat' dir='ltr'><strong>scribens.</strong></span> <span class='ocrx_word' id='word_1_288' title='bbox 1178 3401 1385 3514; x_wconf 59' lang='lat' dir='ltr'><strong>Ne·1„}qpqp·q¹³</strong></span> 
     </span>
     <span class='ocr_line' id='line_1_32' title="bbox 90 3490 1392 3588; baseline 0.002 -23"><span class='ocrx_word' id='word_1_289' title='bbox 90 3523 236 3586; x_wconf 82' lang='lat' dir='ltr'><strong>querere</strong></span> <span class='ocrx_word' id='word_1_290' title='bbox 260 3501 383 3566; x_wconf 91' lang='lat' dir='ltr'><strong>miretur</strong></span> <span class='ocrx_word' id='word_1_291' title='bbox 406 3501 509 3585; x_wconf 88' lang='lat' dir='ltr'><strong>aliquis</strong></span> <span class='ocrx_word' id='word_1_292' title='bbox 532 3504 608 3586; x_wconf 92' lang='lat' dir='ltr'><strong>qnod</strong></span> <span class='ocrx_word' id='word_1_293' title='bbox 634 3513 701 3567; x_wconf 90' lang='lat' dir='ltr'><strong>ante</strong></span> <span class='ocrx_word' id='word_1_294' title='bbox 717 3503 811 3588; x_wconf 88' lang='lat' dir='ltr'><strong>ipsum</strong></span> <span class='ocrx_word' id='word_1_295' title='bbox 830 3505 859 3566; x_wconf 90' lang='lat' dir='ltr'><strong>in</strong></span> <span class='ocrx_word' id='word_1_296' title='bbox 878 3503 1053 3588; x_wconf 86' lang='lat' dir='ltr'><strong>pontificiam</strong></span> <span class='ocrx_word' id='word_1_297' title='bbox 1072 3501 1241 3585; x_wconf 81' lang='lat' dir='ltr'><strong>dignitatem</strong></span> <span class='ocrx_word' id='word_1_298' title='bbox 1341 3490 1368 3517; x_wconf 75' lang='grc'>”</span> <span class='ocrx_word' id='word_1_299' title='bbox 1388 3493 1392 3502; x_wconf 66' lang='grc'><em>’</em></span> 
     </span>
     <span class='ocr_line' id='line_1_33' title="bbox 89 3602 1239 3689; baseline 0.002 -21"><span class='ocrx_word' id='word_1_300' title='bbox 89 3604 138 3668; x_wconf 92' lang='lat' dir='ltr'><strong>alii</strong></span> <span class='ocrx_word' id='word_1_301' title='bbox 154 3606 294 3689; x_wconf 89' lang='lat' dir='ltr'><strong>apostulis</strong></span> <span class='ocrx_word' id='word_1_302' title='bbox 307 3605 522 3682; x_wconf 88' lang='lat' dir='ltr'><strong>successerint,</strong></span> <span class='ocrx_word' id='word_1_303' title='bbox 547 3626 612 3667; x_wconf 89' lang='lat' dir='ltr'><strong>cnm</strong></span> <span class='ocrx_word' id='word_1_304' title='bbox 627 3602 708 3668; x_wconf 85' lang='lat' dir='ltr'><strong>Petri</strong></span> <span class='ocrx_word' id='word_1_305' title='bbox 725 3627 759 3668; x_wconf 91' lang='lat' dir='ltr'><strong>ac</strong></span> <span class='ocrx_word' id='word_1_306' title='bbox 777 3603 860 3669; x_wconf 90' lang='lat' dir='ltr'><strong>Pauli</strong></span> <span class='ocrx_word' id='word_1_307' title='bbox 878 3616 958 3669; x_wconf 88' lang='lat' dir='ltr'><strong>esset</strong></span> <span class='ocrx_word' id='word_1_308' title='bbox 972 3602 1114 3686; x_wconf 87' lang='lat' dir='ltr'><strong>aequalis,</strong></span> <span class='ocrx_word' id='word_1_309' title='bbox 1137 3603 1239 3670; x_wconf 91' lang='lat' dir='ltr'><strong>iisdem</strong></span> 
     </span>
     <span class='ocr_line' id='line_1_34' title="bbox 88 3704 1239 3792; baseline 0.003 -22"><span class='ocrx_word' id='word_1_310' title='bbox 88 3706 166 3770; x_wconf 90' lang='lat' dir='ltr'><strong>enim</strong></span> <span class='ocrx_word' id='word_1_311' title='bbox 180 3707 230 3771; x_wconf 91' lang='lat' dir='ltr'><strong>ille</strong></span> <span class='ocrx_word' id='word_1_312' title='bbox 246 3708 424 3792; x_wconf 89' lang='lat' dir='ltr'><strong>temporibus</strong></span> <span class='ocrx_word' id='word_1_313' title='bbox 439 3708 528 3772; x_wconf 85' lang='lat' dir='ltr'><strong>vixit.</strong></span> <span class='ocrx_word' id='word_1_314' title='bbox 574 3704 679 3774; x_wconf 89' lang='lat' dir='ltr'><strong>Utrum</strong></span> <span class='ocrx_word' id='word_1_315' title='bbox 695 3707 752 3772; x_wconf 93' lang='lat' dir='ltr'><strong>illis</strong></span> <span class='ocrx_word' id='word_1_316' title='bbox 769 3709 863 3771; x_wconf 86' lang='lat' dir='ltr'><strong>adlnnc</strong></span> <span class='ocrx_word' id='word_1_317' title='bbox 877 3705 1082 3790; x_wconf 89' lang='lat' dir='ltr'><strong>superstitibus</strong></span> <span class='ocrx_word' id='word_1_318' title='bbox 1096 3704 1239 3791; x_wconf 86' lang='lat' dir='ltr'><strong>impositis</strong></span> 
     </span>
     <span class='ocr_line' id='line_1_35' title="bbox 86 3806 1238 3894; baseline 0.004 -23"><span class='ocrx_word' id='word_1_319' title='bbox 86 3808 220 3873; x_wconf 82' lang='lat' dir='ltr'><strong>manibus</strong></span> <span class='ocrx_word' id='word_1_320' title='bbox 239 3809 394 3894; x_wconf 87' lang='lat' dir='ltr'><strong>episcopus</strong></span> <span class='ocrx_word' id='word_1_321' title='bbox 415 3831 433 3873; x_wconf 92' lang='lat' dir='ltr'><strong>a</strong></span> <span class='ocrx_word' id='word_1_322' title='bbox 450 3806 542 3874; x_wconf 88' lang='lat' dir='ltr'><strong>Petro</strong></span> <span class='ocrx_word' id='word_1_323' title='bbox 559 3820 766 3888; x_wconf 89' lang='lat' dir='ltr'><strong>consecratus,</strong></span> <span class='ocrx_word' id='word_1_324' title='bbox 799 3829 892 3892; x_wconf 87' lang='lat' dir='ltr'><strong>eaque</strong></span> <span class='ocrx_word' id='word_1_325' title='bbox 910 3810 1069 3870; x_wconf 85' lang='lat' dir='ltr'><strong>detractate</strong></span> <span class='ocrx_word' id='word_1_326' title='bbox 1088 3812 1238 3894; x_wconf 83' lang='lat' dir='ltr'><strong>provincia</strong></span> 
     </span>
     <span class='ocr_line' id='line_1_36' title="bbox 85 3909 1238 3994; baseline 0.003 -20"><span class='ocrx_word' id='word_1_327' title='bbox 85 3909 122 3974; x_wconf 88' lang='lat' dir='ltr'><strong>ab</strong></span> <span class='ocrx_word' id='word_1_328' title='bbox 139 3910 219 3975; x_wconf 87' lang='lat' dir='ltr'><strong>omni</strong></span> <span class='ocrx_word' id='word_1_329' title='bbox 234 3911 486 3976; x_wconf 87' lang='lat' dir='ltr'><strong>administratione</strong></span> <span class='ocrx_word' id='word_1_330' title='bbox 505 3913 657 3976; x_wconf 81' lang='lat' dir='ltr'><strong>vacaverit</strong></span> <span class='ocrx_word' id='word_1_331' title='bbox 672 3912 727 3994; x_wconf 90' lang='lat' dir='ltr'><strong>(ita</strong></span> <span class='ocrx_word' id='word_1_332' title='bbox 746 3912 823 3974; x_wconf 90' lang='lat' dir='ltr'><strong>euim</strong></span> <span class='ocrx_word' id='word_1_333' title='bbox 841 3911 871 3972; x_wconf 92' lang='lat' dir='ltr'><strong>in</strong></span> <span class='ocrx_word' id='word_1_334' title='bbox 889 3910 1012 3993; x_wconf 87' lang='lat' dir='ltr'><strong>quadam</strong></span> <span class='ocrx_word' id='word_1_335' title='bbox 1027 3911 1149 3994; x_wconf 89' lang='lat' dir='ltr'><strong>epistola</strong></span> <span class='ocrx_word' id='word_1_336' title='bbox 1164 3915 1238 3978; x_wconf 88' lang='lat' dir='ltr'><strong>scri-</strong></span> 
     </span>
     <span class='ocr_line' id='line_1_37' title="bbox 85 4011 1236 4096; baseline 0 -20"><span class='ocrx_word' id='word_1_337' title='bbox 85 4013 160 4096; x_wconf 77' lang='lat' dir='ltr'><strong>psits</strong></span> <span class='ocrx_word' id='word_1_338' title='bbox 184 4017 307 4088; x_wconf 64' lang='lat' dir='ltr'><strong>nmo,</strong></span> <span class='ocrx_word' id='word_1_339' title='bbox 331 4037 417 4087; x_wconf 72' lang='lat' dir='ltr'><strong>eaeo,</strong></span> <span class='ocrx_word' id='word_1_340' title='bbox 441 4019 528 4075; x_wconf 73' lang='lat' dir='ltr'><strong>instet</strong></span> <span class='ocrx_word' id='word_1_341' title='bbox 538 4018 661 4094; x_wconf 73' lang='lat' dir='ltr'><strong>populun</strong></span> <span class='ocrx_word' id='word_1_342' title='bbox 677 4017 738 4087; x_wconf 81' lang='lat' dir='ltr'><strong>dei,</strong></span> <span class='ocrx_word' id='word_1_343' title='bbox 764 4011 910 4075; x_wconf 90' lang='lat' dir='ltr'><strong>nonnullis</strong></span> <span class='ocrx_word' id='word_1_344' title='bbox 929 4011 1064 4077; x_wconf 86' lang='lat' dir='ltr'><strong>videlicet</strong></span> <span class='ocrx_word' id='word_1_345' title='bbox 1079 4014 1135 4078; x_wconf 91' lang='lat' dir='ltr'><strong>boc</strong></span> <span class='ocrx_word' id='word_1_346' title='bbox 1151 4017 1236 4077; x_wconf 90' lang='lat' dir='ltr'><strong>modo</strong></span> 
     </span>
     <span class='ocr_line' id='line_1_38' title="bbox 84 4113 1235 4200; baseline 0 -22"><span class='ocrx_word' id='word_1_347' title='bbox 84 4115 261 4194; x_wconf 86' lang='lat' dir='ltr'><strong>consulens,</strong></span> <span class='ocrx_word' id='word_1_348' title='bbox 285 4137 350 4180; x_wconf 86' lang='lat' dir='ltr'><strong>narn</strong></span> <span class='ocrx_word' id='word_1_349' title='bbox 369 4117 398 4178; x_wconf 92' lang='lat' dir='ltr'><strong>in</strong></span> <span class='ocrx_word' id='word_1_350' title='bbox 417 4115 586 4200; x_wconf 84' lang='lat' dir='ltr'><strong>quibusdam</strong></span> <span class='ocrx_word' id='word_1_351' title='bbox 604 4113 821 4178; x_wconf 84' lang='lat' dir='ltr'><strong>commentariis</strong></span> <span class='ocrx_word' id='word_1_352' title='bbox 841 4115 879 4176; x_wconf 91' lang='lat' dir='ltr'><strong>ita</strong></span> <span class='ocrx_word' id='word_1_353' title='bbox 894 4114 1031 4199; x_wconf 89' lang='lat' dir='ltr'><strong>scriptum</strong></span> <span class='ocrx_word' id='word_1_354' title='bbox 1046 4117 1235 4200; x_wconf 88' lang='lat' dir='ltr'><strong>reperimus),</strong></span> 
     </span>
     <span class='ocr_line' id='line_1_39' title="bbox 84 4213 1236 4302; baseline 0.001 -22"><span class='ocrx_word' id='word_1_355' title='bbox 84 4237 122 4280; x_wconf 88' lang='lat' dir='ltr'><strong>ao</strong></span> <span class='ocrx_word' id='word_1_356' title='bbox 143 4219 240 4302; x_wconf 90' lang='lat' dir='ltr'><strong>potius</strong></span> <span class='ocrx_word' id='word_1_357' title='bbox 259 4219 419 4283; x_wconf 88' lang='lat' dir='ltr'><strong>secundnm</strong></span> <span class='ocrx_word' id='word_1_358' title='bbox 437 4216 586 4301; x_wconf 85' lang='lat' dir='ltr'><strong>apostolos</strong></span> <span class='ocrx_word' id='word_1_359' title='bbox 603 4215 639 4279; x_wconf 89' lang='lat' dir='ltr'><strong>ab</strong></span> <span class='ocrx_word' id='word_1_360' title='bbox 658 4215 795 4300; x_wconf 87' lang='lat' dir='ltr'><strong>episcopo</strong></span> <span class='ocrx_word' id='word_1_361' title='bbox 813 4213 899 4280; x_wconf 91' lang='lat' dir='ltr'><strong>Cleto</strong></span> <span class='ocrx_word' id='word_1_362' title='bbox 920 4217 959 4281; x_wconf 87' lang='lat' dir='ltr'><strong>sit</strong></span> <span class='ocrx_word' id='word_1_363' title='bbox 976 4219 1169 4295; x_wconf 89' lang='lat' dir='ltr'><strong>constitutus,</strong></span> <span class='ocrx_word' id='word_1_364' title='bbox 1202 4219 1236 4281; x_wconf 88' lang='lat' dir='ltr'><strong>li·</strong></span> 
     </span>
    </p>
   </div>
   <div class='ocr_carea' id='block_1_3' title="bbox 84 4317 1235 4405">
    <p class='ocr_par' dir='ltr' id='par_1_4' title="bbox 84 4317 1235 4405">
     <span class='ocr_line' id='line_1_40' title="bbox 84 4317 1235 4405; baseline 0.003 -24"><span class='ocrx_word' id='word_1_365' title='bbox 84 4317 171 4402; x_wconf 86' lang='lat' dir='ltr'><strong>quidu</strong></span> <span class='ocrx_word' id='word_1_366' title='bbox 187 4342 245 4385; x_wconf 92' lang='lat' dir='ltr'><strong>uon</strong></span> <span class='ocrx_word' id='word_1_367' title='bbox 262 4331 390 4385; x_wconf 89' lang='lat' dir='ltr'><strong>constat.</strong></span> <span class='ocrx_word' id='word_1_368' title='bbox 436 4317 620 4402; x_wconf 82' lang='lat' dir='ltr'><strong>Quamquam</strong></span> <span class='ocrx_word' id='word_1_369' title='bbox 637 4318 687 4382; x_wconf 86' lang='lat' dir='ltr'><strong>vel</strong></span> <span class='ocrx_word' id='word_1_370' title='bbox 704 4317 759 4381; x_wconf 91' lang='lat' dir='ltr'><strong>bac</strong></span> <span class='ocrx_word' id='word_1_371' title='bbox 776 4320 890 4402; x_wconf 91' lang='lat' dir='ltr'><strong>quidem</strong></span> <span class='ocrx_word' id='word_1_372' title='bbox 908 4320 1022 4385; x_wconf 87' lang='lat' dir='ltr'><strong>ratione</strong></span> <span class='ocrx_word' id='word_1_373' title='bbox 1039 4331 1174 4405; x_wconf 88' lang='lat' dir='ltr'><strong>poterant</strong></span> <span class='ocrx_word' id='word_1_374' title='bbox 1192 4320 1235 4386; x_wconf 85' lang='lat' dir='ltr'><strong>vi-</strong></span> 
     </span>
    </p>
   </div>
   <div class='ocr_carea' id='block_1_4' title="bbox 81 4482 1218 4628">
    <p class='ocr_par' dir='ltr' id='par_1_5' title="bbox 81 4482 1218 4628">
     <span class='ocr_line' id='line_1_41' title="bbox 115 4482 1218 4557; baseline 0.002 -18"><span class='ocrx_word' id='word_1_375' title='bbox 115 4486 140 4539; x_wconf 84' lang='lat'><strong>3.</strong></span> <span class='ocrx_word' id='word_1_376' title='bbox 157 4484 238 4556; x_wconf 74' lang='lat' dir='ltr'><strong>rcdnrq</strong></span> <span class='ocrx_word' id='word_1_377' title='bbox 254 4493 305 4544; x_wconf 83' lang='lat' dir='ltr'><strong>eorl.</strong></span> <span class='ocrx_word' id='word_1_378' title='bbox 322 4494 420 4556; x_wconf 71' lang='lat' dir='ltr'><strong>Min.</strong></span> <span class='ocrx_word' id='word_1_379' title='bbox 458 4492 531 4555; x_wconf 79' lang='lat' dir='ltr'><strong>t&#39;utqo</strong></span> <span class='ocrx_word' id='word_1_380' title='bbox 554 4484 643 4543; x_wconf 76' lang='grc' dir='ltr'>πάντα.</span> <span class='ocrx_word' id='word_1_381' title='bbox 711 4485 735 4540; x_wconf 83' lang='grc'><strong>4.</strong></span> <span class='ocrx_word' id='word_1_382' title='bbox 753 4491 865 4552; x_wconf 77' lang='lat' dir='ltr'><strong>Suspicor</strong></span> <span class='ocrx_word' id='word_1_383' title='bbox 880 4488 943 4556; x_wconf 77' lang='grc' dir='ltr'>πρὸς</span> <span class='ocrx_word' id='word_1_384' title='bbox 958 4488 998 4544; x_wconf 80' lang='lat' dir='ltr'><strong>rin</strong></span> <span class='ocrx_word' id='word_1_385' title='bbox 1016 4484 1068 4543; x_wconf 77' lang='grc' dir='ltr'><strong>ἄνω</strong></span> <span class='ocrx_word' id='word_1_386' title='bbox 1083 4482 1218 4557; x_wconf 77' lang='grc' dir='ltr'>ἄγνωστοι.</span> 
     </span>
     <span class='ocr_line' id='line_1_42' title="bbox 81 4555 997 4628; baseline 0.003 -21"><span class='ocrx_word' id='word_1_387' title='bbox 81 4559 180 4607; x_wconf 81' lang='lat' dir='ltr'><strong>Prtuoto</strong></span> <span class='ocrx_word' id='word_1_388' title='bbox 193 4559 283 4620; x_wconf 66' lang='lat' dir='ltr'><strong>ptume</strong></span> <span class='ocrx_word' id='word_1_389' title='bbox 300 4558 337 4619; x_wconf 73' lang='lat' dir='ltr'><strong>el&lt;</strong></span> <span class='ocrx_word' id='word_1_390' title='bbox 352 4555 441 4613; x_wconf 76' lang='grc' dir='ltr'><strong>πάντα.</strong></span> <span class='ocrx_word' id='word_1_391' title='bbox 709 4558 733 4608; x_wconf 77' lang='grc' dir='ltr'><strong>ὁ.</strong></span> <span class='ocrx_word' id='word_1_392' title='bbox 753 4559 826 4623; x_wconf 79' lang='lat' dir='ltr'><strong>l&#39;utpo</strong></span> <span class='ocrx_word' id='word_1_393' title='bbox 842 4556 997 4628; x_wconf 74' lang='grc' dir='ltr'>καταβραχὺ.</span> 
     </span>
    </p>
   </div>
   <div class='ocr_carea' id='block_1_5' title="bbox 959 4643 1031 4711">
    <p class='ocr_par' dir='ltr' id='par_1_6' title="bbox 959 4643 1031 4711">
     <span class='ocr_line' id='line_1_43' title="bbox 959 4643 1031 4711; baseline -0.014 0"><span class='ocrx_word' id='word_1_394' title='bbox 959 4643 1031 4711; x_wconf 84' lang='lat'><strong>14*</strong></span> 
     </span>
    </p>
   </div>
   <div class='ocr_carea' id='block_1_6' title="bbox 0 0 1528 5084">
    <p class='ocr_par' dir='ltr' id='par_1_7' title="bbox 0 0 1528 5084">
     <span class='ocr_line' id='line_1_44' title="bbox 0 0 1528 5084; baseline 0 7"><span class='ocrx_word' id='word_1_395' title='bbox 0 0 1528 5084; x_wconf 95' lang='lat' dir='ltr'><strong> </strong></span> 
     </span>
    </p>
   </div>
  </div>
 </body>
</html>
