3046 5084
384 344 780 401 cluanuamarnamr.
797 349 1023 401 anua.xxxn.
1217 339 1274 404 391

126 466 309 554 copulentur.
355 461 567 547 Quamobrem,
591 464 739 530 bominum
754 466 968 548 infelicissime,
992 488 1049 533 non
1063 471 1178 536 aliunde
1194 493 1277 557 qnam

126 592 167 635 ex
182 567 333 633 daemonis
347 566 489 631 instincta
507 576 596 630 totam
613 566 691 631 illam
707 588 840 631 errorum
859 568 992 634 hausisse
1008 582 1181 637 structuram
1201 575 1278 639 omni

127 693 167 737 ax
189 683 271 758 parte
294 668 492 734 convinceris.

211 771 272 840 Sed
293 793 330 835 ne
350 771 417 855 qaid
439 791 457 834 a
479 770 565 835 nohis
584 771 850 856 praetermittatur,
881 775 956 857 quod
978 796 1153 860 aqaoqnanu
1169 777 1281 843 dicatur
1300 796 1358 862 Cap.
1374 798 1415 846 att.

126 890 177 941 aat
198 878 266 953 liat,
299 895 366 937 curn
387 873 560 957 praesertim
578 873 676 958 plnres
694 874 754 937 sint
772 874 801 936 in
819 876 921 939 eadem
939 887 1019 940 secta
1038 878 1200 963 principes,
1232 883 1280 965 qai

128 978 254 1044 diversis
268 975 477 1041 concinnandis
493 974 597 1040 lahalia
612 975 769 1059 magistros
782 975 870 1039 etiam
884 979 963 1063 ipsos
979 1000 1119 1065 saporare
1134 1002 1200 1044 sese
1216 983 1280 1067 glu-

128 1084 259 1158 riantar,
284 1078 352 1143 volo
369 1077 397 1141 in
416 1078 452 1141 iis
467 1078 741 1156 commemorandis,
765 1079 859 1162 quiin
877 1081 976 1143 eadem
994 1081 1108 1147 laaeresi
1124 1093 1203 1162 sant,
1227 1085 1278 1148 sed

128 1185 186 1248 alia
202 1182 342 1267 quaedam
357 1181 477 1265 insuper
492 1188 646 1258 asserunt,
670 1180 818 1265 paulisper
835 1183 995 1247 immorari.
1040 1182 1221 1270 Epiphaneae
1236 1198 1279 1251 at·

128 1307 183 1371 que
200 1283 343 1349 isidorum
359 1281 507 1366 intelligo,
531 1283 579 1366 qni
595 1281 827 1346 cohortationum
844 1305 879 1347 ac
897 1296 1116 1371 praecepturam
1133 1288 1231 1372 specie
1248 1289 1277 1352 in

129 1387 344 1474 profundiorem
362 1404 430 1449 sese
447 1384 626 1448 infelicitatis
642 1385 813 1470 voraginem
830 1387 983 1450 immersit.
1029 1386 1070 1451 Et
1086 1410 1150 1452 carn
1168 1411 1185 1452 a
1203 1386 1277 1455 Car·

128 1500 246 1578 peccate
265 1499 384 1575 parente
403 1506 457 1551 sno
477 1507 581 1551 revera
600 1487 664 1551 lalsi
684 1489 826 1573 dogmatis
844 1489 956 1553 initiam
974 1491 1136 1576 acceperit,
1167 1493 1201 1556 ad
1221 1488 1276 1557 Se·

127 1595 212 1658 candi
235 1603 330 1655 tanuen
353 1589 506 1676 opiniones
527 1589 676 1669 adhaesit,
710 1601 740 1654 ct
758 1591 793 1654 ad
815 1588 1017 1657 Secundinum
1037 1593 1198 1678 adscriptas
1218 1607 1273 1659 est.

126 1695 261 1782 inprimis
276 1692 353 1758 enim
369 1712 472 1776 magna
489 1703 535 1755 est
550 1691 746 1756 aberrantium
764 1693 885 1757 istorum
904 1695 1051 1759 bominum
1067 1718 1084 1759 a
1100 1716 1133 1760 se
1149 1696 1274 1761 invicem

126 1797 289 1875 dissensio,
321 1805 351 1859 et
372 1793 562 1858 inanissimae
579 1794 761 1878 loquacitatis
778 1795 923 1861 incondita
947 1799 1088 1881 quaedam
1110 1820 1144 1861 ao
1163 1809 1276 1883 pertar-

125 1902 192 1965 hata
209 1899 350 1963 varietas.
395 1894 493 1977 Nam,
519 1907 550 1960 ut
565 1896 601 1960 ab
617 1894 768 1982 Epiphane
787 1897 899 1977 ordiar,
925 1895 1111 1986 Carpocratis
1126 1899 1182 1964 iste
1201 1901 1275 1965 lilius

125 2026 167 2069 ex
186 1999 369 2067 Alexandria
389 2009 500 2078 matre,
532 1998 586 2063 hoe
606 1997 683 2061 enirn
703 2000 730 2061 ei
749 2001 939 2079 nornenlnit,
971 2002 1005 2064 ad
1024 2002 1108 2080 illos,
1140 2003 1181 2064 nti
1199 2003 1275 2066 dixi-

125 2128 209 2184 mus,
233 2112 423 2189 aggregalnr,
446 2101 494 2186 qai
510 2121 549 2165 ex
565 2098 753 2186 Cephallenia
770 2113 892 2186 paterno
908 2123 1018 2187 genere
1033 2103 1186 2182 oriundas,
1210 2125 1274 2167 cam

126 2210 162 2275 ad
177 2205 281 2272 XVll.
301 2204 406 2270 aetatis
421 2226 528 2268 annam
542 2203 738 2287 praevenisset,
756 2205 908 2269 immatura
923 2217 1016 2269 morte
1031 2216 1200 2292 praereptas
1216 2217 1272 2269 est.

125 2310 273 2376 Nimirum
291 2308 454 2372 sceleratos
471 2307 602 2370 homines
618 2307 689 2371 deas
704 2308 748 2370 sic
763 2318 897 2391 taraqaaun
913 2309 1012 2393 spinas
1028 2308 1151 2386 evulsit,
1175 2308 1273 2372 hunua-

126 2434 222 2500 nnqne
239 2411 342 2497 generi
361 2409 465 2474 melias
484 2409 591 2494 aliquid
610 2409 746 2497 providit.
792 2406 865 2474 Post
883 2411 959 2474 illius
977 2410 1086 2473 obitam
1108 2410 1144 2472 iis
1167 2411 1214 2495 qui
1237 2412 1273 2475 ah

125 2539 162 2582 eu
178 2514 291 2600 decepti
306 2515 421 2578 luerent
436 2514 519 2598 plaga
534 2512 582 2577 illa
596 2512 711 2577 lethalis
727 2512 869 2577 adhaesit.
903 2512 941 2578 Et
956 2513 984 2576 ia
1001 2513 1076 2577 banc
1091 2534 1183 2598 usqne
1198 2512 1273 2576 diem

124 2621 155 2684 in
172 2617 271 2683 insula
284 2613 376 2681 Samo
392 2615 498 2680 divinis
512 2614 671 2681 bonoribus
686 2615 819 2680 allicitur.
864 2614 942 2680 Nam
960 2617 1073 2680 incolae
1091 2616 1226 2701 templum
1244 2617 1270 2680 ei

124 2721 329 2799 condiderant,
349 2729 380 2782 et
394 2719 512 2782 ineante
528 2738 629 2782 mense
643 2739 728 2783 sacra
743 2719 882 2803 quaedam
901 2741 934 2783 ac
949 2721 1130 2784 ceremonias
1146 2718 1269 2800 obeantp

125 2846 181 2890 nen
195 2845 254 2888 nnn
271 2834 351 2887 artes
366 2831 396 2884 et
409 2818 545 2885 Maseum
559 2822 595 2885 ad
612 2821 774 2884 detestandi
788 2822 864 2885 illins
879 2824 1004 2886 nominis
1017 2822 1187 2886 memoriam
1202 2844 1272 2886 enn-

124 2935 296 3004 secrarant3
327 2922 487 3010 Epiphania
509 2924 613 3008 qnippe
634 2920 770 2987 Muscam
793 2925 948 3010 appellant.
995 2922 1194 3010 Cephalleaii,
1227 2924 1271 2987 in-

125 3052 229 3117 quam,
262 3049 297 3091 eo
314 3025 470 3091 vecordiae
486 3025 634 3112 progressi
650 3035 735 3104 sant,
766 3037 797 3089 at
816 3038 845 3090 et
862 3028 889 3091 ei
906 3028 1047 3092 sacrificia
1065 3049 1100 3092 ac
1116 3026 1269 3091 libationes

124 3133 265 3210 oberunt,
298 3139 328 3193 et
344 3130 373 3191 in
392 3131 459 3192 lanu
475 3128 554 3191 illins
570 3127 685 3213 epulum
701 3129 875 3212 praebeant,
907 3142 937 3194 et
952 3131 1074 3216 hymnus
1092 3131 1120 3193 in
1138 3132 1201 3194 eins
1219 3129 1270 3192 bu·

124 3254 227 3299 norem
243 3231 410 3296 concinant.
455 3229 564 3294 Hahait
579 3250 651 3293 vero
663 3230 698 3293 ad
711 3230 845 3295 infelices
860 3233 924 3297 illos
939 3234 1136 3318 decipiendos,
1161 3254 1196 3296 ac
1212 3253 1269 3294 nun

123 3337 210 3403 modo
228 3336 263 3399 ad
281 3355 346 3399 eam
362 3344 491 3413 sectam,
521 3333 573 3397 sed
590 3343 620 3396 et
635 3333 671 3395 ad
687 3333 763 3397 alind
781 3356 873 3419 geraus
889 3337 1016 3414 erroris,
1047 3336 1102 3398 lanc
1119 3345 1165 3398 est
1180 3334 1269 3398 simn-

122 3442 267 3506 laccorum
291 3435 528 3522 superstitionem
552 3435 746 3501 traducendos
775 3458 907 3522 cragnani
935 3439 1101 3501 illecebram
1124 3436 1269 3521 exquisita

122 3542 262 3630 quaedam
280 3540 405 3604 hominis
424 3538 567 3617 eruditio,
590 3548 621 3601 et
636 3560 701 3602 enm
717 3540 746 3602 in
765 3539 841 3602 omni
860 3540 1043 3604 humanitatis
1059 3560 1184 3632 genere,
1209 3550 1267 3604 tum

123 3647 152 3710 in
174 3642 335 3709 Platonicis
358 3641 541 3727 dogmatibus
563 3641 692 3727 apprime
713 3654 843 3706 versata.
889 3642 947 3728 Qui
967 3642 1080 3727 quidem
1102 3640 1267 3728 Epiphanes

122 3749 158 3812 ad
176 3744 343 3812 Secundum
361 3766 394 3810 se
409 3755 496 3829 atque
512 3744 575 3808 eins
592 3745 721 3809 lautores
736 3745 907 3831 applicavit,
930 3745 1063 3829 illiasqaa
1078 3745 1107 3808 in
1124 3766 1158 3809 se
1173 3746 1265 3826 viras,

123 3851 178 3915 boo
201 3860 246 3913 est
267 3849 405 3913 imbutam
427 3857 573 3912 venenata
595 3848 715 3932 quadarn
739 3859 820 3933 peste
843 3847 1042 3932 loquacitatem
1065 3849 1221 3935 expressit.

205 3949 350 4016 Isidorum
365 3969 437 4013 vero
452 3961 573 4015 narrant
586 3950 756 4036 quibasdam
771 3946 1011 4013 Cohortationum
1025 3951 1105 4015 libris
1119 3952 1265 4037 nequitiae
1284 3968 1344 4038 asp.
1357 3967 1397 4020 tv.

122 4075 195 4120 suae
211 4055 396 4119 landameata
410 4052 528 4117 iecisse.
574 4050 634 4118 Sed
648 4063 743 4116 atram
761 4053 860 4116 eadem
876 4054 901 4117 is
916 4074 954 4116 ex
968 4065 1047 4118 senta
1062 4065 1149 4139 atque
1163 4053 1263 4117 iisdem

122 4155 307 4244 opinionibus
324 4154 475 4234 extiterit,
497 4176 535 4219 an
553 4175 593 4220 ex
611 4154 846 4241 philosophorum
865 4155 1014 4242 disciplina
1032 4158 1263 4222 cohortationum

122 4261 230 4325 artilex
244 4280 312 4326 esse
327 4257 476 4337 didicerit,
500 4257 573 4321 certi
590 4256 659 4320 nihil
676 4257 831 4342 explorare
849 4260 1009 4324 docuimus.
1053 4257 1215 4345 Utcumque
1231 4281 1264 4323 so

120 4452 162 4515 at,
175 4448 200 4503 l.
215 4464 272 4515 pop.
283 4449 341 4501 att.
358 4451 435 4511 Pota,
457 4452 479 4500 et
493 4448 637 4500 theodoreto.
744 4445 769 4500 6.
789 4465 817 4502 τε
833 4454 926 4515 raporum
938 4466 982 4516 pro
998 4447 1035 4515 bl,
1051 4464 1111 4515 punc
1123 4453 1221 4515 uulpctu
1233 4455 1267 4501 est

153 4518 177 4571 5.
195 4516 277 4589 Σάμη
290 4516 339 4587 τῆς
352 4514 529 4584 Κεφαλληνίας
545 4519 612 4571 habet
627 4518 677 4569 Gle-
708 4520 832 4583 amptum.
