<?xml version="1.0" encoding="UTF-8"?>
<!DOCTYPE html PUBLIC "-//W3C//DTD XHTML 1.0 Transitional//EN"
    "http://www.w3.org/TR/xhtml1/DTD/xhtml1-transitional.dtd">
<html xmlns="http://www.w3.org/1999/xhtml" xml:lang="en" lang="en">
 <head>
  <title>
</title>
<meta http-equiv="Content-Type" content="text/html;charset=utf-8" />
  <meta name='ocr-system' content='tesseract 3.04.00' />
  <meta name='ocr-capabilities' content='ocr_page ocr_carea ocr_par ocr_line ocrx_word'/>
</head>
<body>
  <div class='ocr_page' id='page_1' title='image "./corporishaerese01unkngoog_0285.png"; bbox 0 0 3046 5084; ppageno 0'>
   <div class='ocr_carea' id='block_1_1' title="bbox 260 325 989 390">
    <p class='ocr_par' dir='ltr' id='par_1_1' title="bbox 260 325 989 390">
     <span class='ocr_line' id='line_1_1' title="bbox 260 325 989 390; baseline -0.001 -2"><span class='ocrx_word' id='word_1_1' title='bbox 260 325 322 389; x_wconf 81' lang='lat'><strong><em>280</em></strong></span> <span class='ocrx_word' id='word_1_2' title='bbox 683 339 804 390; x_wconf 78' lang='grc' dir='ltr'><strong><em>ειαοτι</em></strong></span> <span class='ocrx_word' id='word_1_3' title='bbox 822 338 989 389; x_wconf 78' lang='grc' dir='ltr'><strong><em>εοιοιιιαιι</em></strong></span> 
     </span>
    </p>
   </div>
   <div class='ocr_carea' id='block_1_2' title="bbox 119 449 1435 4402">
    <p class='ocr_par' dir='ltr' id='par_1_2' title="bbox 265 449 1418 640">
     <span class='ocr_line' id='line_1_2' title="bbox 269 449 1417 544; baseline 0 -26"><span class='ocrx_word' id='word_1_4' title='bbox 269 451 315 518; x_wconf 89' lang='grc' dir='ltr'><strong><em>Οῦ</em></strong></span> <span class='ocrx_word' id='word_1_5' title='bbox 330 451 423 537; x_wconf 89' lang='grc' dir='ltr'><strong><em>μόνον</em></strong></span> <span class='ocrx_word' id='word_1_6' title='bbox 439 453 494 538; x_wconf 83' lang='grc' dir='ltr'><strong><em>γάρ</em></strong></span> <span class='ocrx_word' id='word_1_7' title='bbox 511 454 614 539; x_wconf 75' lang='grc' dir='ltr'><strong><em>ἐλίγγει</em></strong></span> <span class='ocrx_word' id='word_1_8' title='bbox 630 449 739 528; x_wconf 87' lang='grc' dir='ltr'><strong><em>αότοῦς</em></strong></span> <span class='ocrx_word' id='word_1_9' title='bbox 753 452 829 518; x_wconf 83' lang='grc' dir='ltr'><strong><em>κατά</em></strong></span> <span class='ocrx_word' id='word_1_10' title='bbox 844 452 941 518; x_wconf 89' lang='grc' dir='ltr'><strong><em>πάντα</em></strong></span> <span class='ocrx_word' id='word_1_11' title='bbox 956 450 1068 538; x_wconf 80' lang='grc' dir='ltr'><strong><em>τρόπον</em></strong></span> <span class='ocrx_word' id='word_1_12' title='bbox 1084 453 1176 538; x_wconf 87' lang='grc' dir='ltr'><strong><em>λέγων</em></strong></span> <span class='ocrx_word' id='word_1_13' title='bbox 1191 451 1253 532; x_wconf 82' lang='grc' dir='ltr'><strong><em>ότι,</em></strong></span> <span class='ocrx_word' id='word_1_14' title='bbox 1274 450 1323 517; x_wconf 83' lang='grc' dir='ltr'><strong><em>Ἐν</em></strong></span> <span class='ocrx_word' id='word_1_15' title='bbox 1338 451 1417 544; x_wconf 76' lang='grc' dir='ltr'><strong><em>άργῇ</em></strong></span> 
     </span>
     <span class='ocr_line' id='line_1_3' title="bbox 265 547 1418 640; baseline 0 -20"><span class='ocrx_word' id='word_1_16' title='bbox 265 547 305 638; x_wconf 80' lang='grc' dir='ltr'><strong><em>ἦν</em></strong></span> <span class='ocrx_word' id='word_1_17' title='bbox 320 552 445 639; x_wconf 90' lang='grc' dir='ltr'><strong><em>όλόγος,</em></strong></span> <span class='ocrx_word' id='word_1_18' title='bbox 466 557 518 619; x_wconf 83' lang='grc' dir='ltr'><strong><em>καί</em></strong></span> <span class='ocrx_word' id='word_1_19' title='bbox 531 551 549 620; x_wconf 86' lang='grc' dir='ltr'><strong><em>ό</em></strong></span> <span class='ocrx_word' id='word_1_20' title='bbox 562 554 649 640; x_wconf 89' lang='grc' dir='ltr'><strong><em>λόγος</em></strong></span> <span class='ocrx_word' id='word_1_21' title='bbox 664 548 703 636; x_wconf 77' lang='grc' dir='ltr'><strong><em>ἦν</em></strong></span> <span class='ocrx_word' id='word_1_22' title='bbox 720 552 795 639; x_wconf 87' lang='grc' dir='ltr'><strong><em>πρός</em></strong></span> <span class='ocrx_word' id='word_1_23' title='bbox 808 553 861 620; x_wconf 87' lang='grc' dir='ltr'><strong><em>τόν</em></strong></span> <span class='ocrx_word' id='word_1_24' title='bbox 876 553 959 632; x_wconf 85' lang='grc' dir='ltr'><strong><em>θεόν,</em></strong></span> <span class='ocrx_word' id='word_1_25' title='bbox 982 556 1033 619; x_wconf 81' lang='grc' dir='ltr'><strong><em>καί</em></strong></span> <span class='ocrx_word' id='word_1_26' title='bbox 1047 552 1121 630; x_wconf 90' lang='grc' dir='ltr'><strong><em>θεός</em></strong></span> <span class='ocrx_word' id='word_1_27' title='bbox 1137 547 1175 635; x_wconf 81' lang='grc' dir='ltr'><strong><em>ἦν</em></strong></span> <span class='ocrx_word' id='word_1_28' title='bbox 1190 551 1209 620; x_wconf 87' lang='grc' dir='ltr'><strong><em>ό</em></strong></span> <span class='ocrx_word' id='word_1_29' title='bbox 1222 553 1320 639; x_wconf 90' lang='grc' dir='ltr'><strong><em>λόγος,</em></strong></span> <span class='ocrx_word' id='word_1_30' title='bbox 1342 553 1418 620; x_wconf 75' lang='grc' dir='ltr'><strong><em>ἄλλοί</em></strong></span> 
     </span>
    </p>

    <p class='ocr_par' dir='ltr' id='par_1_3' title="bbox 145 648 1421 1959">
     <span class='ocr_line' id='line_1_4' title="bbox 145 648 1417 742; baseline 0.003 -24"><span class='ocrx_word' id='word_1_31' title='bbox 145 688 197 734; x_wconf 70' lang='lat' dir='ltr'><strong><em>pq.</em></strong></span> <span class='ocrx_word' id='word_1_32' title='bbox 211 674 255 718; x_wconf 76' lang='grc' dir='ltr'><strong><em>ιεε</em></strong></span> <span class='ocrx_word' id='word_1_33' title='bbox 267 658 319 723; x_wconf 80' lang='grc' dir='ltr'><strong><em>καί</em></strong></span> <span class='ocrx_word' id='word_1_34' title='bbox 334 657 379 722; x_wconf 87' lang='grc' dir='ltr'><strong><em>ότι</em></strong></span> <span class='ocrx_word' id='word_1_35' title='bbox 394 653 447 731; x_wconf 83' lang='grc' dir='ltr'><strong><em>τάς</em></strong></span> <span class='ocrx_word' id='word_1_36' title='bbox 462 663 521 720; x_wconf 90' lang='grc' dir='ltr'><strong><em>τῶν</em></strong></span> <span class='ocrx_word' id='word_1_37' title='bbox 534 653 624 740; x_wconf 84' lang='grc' dir='ltr'><strong><em>άγίων</em></strong></span> <span class='ocrx_word' id='word_1_38' title='bbox 641 663 803 740; x_wconf 83' lang='grc' dir='ltr'><strong><em>προφητῶν</em></strong></span> <span class='ocrx_word' id='word_1_39' title='bbox 818 661 987 741; x_wconf 79' lang='grc' dir='ltr'><strong><em>μαρτυρίας,</em></strong></span> <span class='ocrx_word' id='word_1_40' title='bbox 1011 658 1043 721; x_wconf 89' lang='grc' dir='ltr'><strong><em>ἐν</em></strong></span> <span class='ocrx_word' id='word_1_41' title='bbox 1058 648 1128 742; x_wconf 75' lang='grc' dir='ltr'><strong><em>ᾧέιι</em></strong></span> <span class='ocrx_word' id='word_1_42' title='bbox 1146 655 1314 738; x_wconf 87' lang='grc' dir='ltr'><strong><em>πνεόματος</em></strong></span> <span class='ocrx_word' id='word_1_43' title='bbox 1328 653 1417 741; x_wconf 89' lang='grc' dir='ltr'><strong><em>άγίου</em></strong></span> 
     </span>
     <span class='ocr_line' id='line_1_5' title="bbox 267 754 1418 844; baseline 0 -21"><span class='ocrx_word' id='word_1_44' title='bbox 267 755 438 843; x_wconf 74' lang='grc' dir='ltr'><strong><em>ὁρμώμενος</em></strong></span> <span class='ocrx_word' id='word_1_45' title='bbox 451 759 501 821; x_wconf 82' lang='grc' dir='ltr'><strong><em>καί</em></strong></span> <span class='ocrx_word' id='word_1_46' title='bbox 515 755 550 820; x_wconf 86' lang='grc' dir='ltr'><strong><em>τά</em></strong></span> <span class='ocrx_word' id='word_1_47' title='bbox 562 754 622 823; x_wconf 86' lang='grc' dir='ltr'><strong><em>ῦπό</em></strong></span> <span class='ocrx_word' id='word_1_48' title='bbox 636 765 690 823; x_wconf 90' lang='grc' dir='ltr'><strong><em>τοῦ</em></strong></span> <span class='ocrx_word' id='word_1_49' title='bbox 701 765 832 840; x_wconf 80' lang='grc' dir='ltr'><strong><em>σωτῆρος</em></strong></span> <span class='ocrx_word' id='word_1_50' title='bbox 844 759 980 840; x_wconf 79' lang='grc' dir='ltr'><strong><em>εἰρημένα</em></strong></span> <span class='ocrx_word' id='word_1_51' title='bbox 992 763 1089 832; x_wconf 87' lang='grc' dir='ltr'><strong><em>καλῶς</em></strong></span> <span class='ocrx_word' id='word_1_52' title='bbox 1101 754 1335 842; x_wconf 77' lang='grc' dir='ltr'><strong><em>άκριβολογὴσας</em></strong></span> <span class='ocrx_word' id='word_1_53' title='bbox 1346 761 1418 844; x_wconf 81' lang='grc' dir='ltr'><strong><em>περί</em></strong></span> 
     </span>
     <span class='ocr_line' id='line_1_6' title="bbox 267 855 1417 944; baseline -0.002 -19"><span class='ocrx_word' id='word_1_54' title='bbox 267 859 390 941; x_wconf 89' lang='grc' dir='ltr'><strong><em>έκάστης</em></strong></span> <span class='ocrx_word' id='word_1_55' title='bbox 406 856 580 934; x_wconf 71' lang='grc' dir='ltr'><strong><em>ὑποθέσεως</em></strong></span> <span class='ocrx_word' id='word_1_56' title='bbox 593 867 646 940; x_wconf 73' lang='grc' dir='ltr'><strong><em>τῆς</em></strong></span> <span class='ocrx_word' id='word_1_57' title='bbox 661 861 702 934; x_wconf 86' lang='grc' dir='ltr'><strong><em>είς</em></strong></span> <span class='ocrx_word' id='word_1_58' title='bbox 718 857 848 941; x_wconf 86' lang='grc' dir='ltr'><strong><em>Χριστόν</em></strong></span> <span class='ocrx_word' id='word_1_59' title='bbox 862 863 1077 941; x_wconf 89' lang='grc' dir='ltr'><strong><em>πληρωθείσης,</em></strong></span> <span class='ocrx_word' id='word_1_60' title='bbox 1101 857 1142 934; x_wconf 86' lang='grc' dir='ltr'><strong><em>ῶς</em></strong></span> <span class='ocrx_word' id='word_1_61' title='bbox 1157 855 1252 937; x_wconf 88' lang='grc' dir='ltr'><strong><em>είπον,</em></strong></span> <span class='ocrx_word' id='word_1_62' title='bbox 1273 857 1327 934; x_wconf 87' lang='grc' dir='ltr'><strong><em>τάς</em></strong></span> <span class='ocrx_word' id='word_1_63' title='bbox 1341 887 1417 944; x_wconf 83' lang='grc' dir='ltr'><strong><em>μαρ-</em></strong></span> 
     </span>
     <span class='ocr_line' id='line_1_7' title="bbox 266 952 1418 1047; baseline -0.003 -19"><span class='ocrx_word' id='word_1_64' title='bbox 266 965 368 1047; x_wconf 88' lang='grc' dir='ltr'><strong><em>τυρίας</em></strong></span> <span class='ocrx_word' id='word_1_65' title='bbox 382 960 513 1038; x_wconf 75' lang='grc' dir='ltr'><strong><em>ἐξέθετο,</em></strong></span> <span class='ocrx_word' id='word_1_66' title='bbox 535 957 586 1038; x_wconf 72' lang='grc' dir='ltr'><strong><em>ἀφ’</em></strong></span> <span class='ocrx_word' id='word_1_67' title='bbox 604 953 646 1024; x_wconf 88' lang='grc' dir='ltr'><strong><em>ῶν</em></strong></span> <span class='ocrx_word' id='word_1_68' title='bbox 661 966 823 1043; x_wconf 79' lang='grc' dir='ltr'><strong><em>προφητῶν</em></strong></span> <span class='ocrx_word' id='word_1_69' title='bbox 837 952 921 1024; x_wconf 84' lang='grc' dir='ltr'><strong><em>οῦτοι</em></strong></span> <span class='ocrx_word' id='word_1_70' title='bbox 936 957 1059 1035; x_wconf 82' lang='grc' dir='ltr'><strong><em>έαυτοῦς</em></strong></span> <span class='ocrx_word' id='word_1_71' title='bbox 1075 959 1321 1042; x_wconf 85' lang='grc' dir='ltr'><strong><em>άπηλλοτρίωσαν.</em></strong></span> <span class='ocrx_word' id='word_1_72' title='bbox 1354 965 1418 1025; x_wconf 84' lang='grc' dir='ltr'><strong><em>Καί</em></strong></span> 
     </span>
     <span class='ocr_line' id='line_1_8' title="bbox 266 1058 1418 1146; baseline -0.001 -18"><span class='ocrx_word' id='word_1_73' title='bbox 266 1060 361 1138; x_wconf 80' lang='grc' dir='ltr'><strong><em>εῦθός</em></strong></span> <span class='ocrx_word' id='word_1_74' title='bbox 373 1064 479 1138; x_wconf 76' lang='grc' dir='ltr'><strong><em>έδειζεν</em></strong></span> <span class='ocrx_word' id='word_1_75' title='bbox 492 1058 533 1135; x_wconf 85' lang='grc' dir='ltr'><strong><em>ῶς</em></strong></span> <span class='ocrx_word' id='word_1_76' title='bbox 545 1069 607 1135; x_wconf 84' lang='grc' dir='ltr'><strong><em>τοῖς</em></strong></span> <span class='ocrx_word' id='word_1_77' title='bbox 619 1060 695 1146; x_wconf 87' lang='grc' dir='ltr'><strong><em>πρός</em></strong></span> <span class='ocrx_word' id='word_1_78' title='bbox 703 1059 845 1142; x_wconf 89' lang='grc' dir='ltr'><strong><em>Ἰωάννην</em></strong></span> <span class='ocrx_word' id='word_1_79' title='bbox 855 1058 907 1125; x_wconf 88' lang='grc' dir='ltr'><strong><em>τόν</em></strong></span> <span class='ocrx_word' id='word_1_80' title='bbox 920 1059 1088 1143; x_wconf 79' lang='grc' dir='ltr'><strong><em>Βαπτιστην</em></strong></span> <span class='ocrx_word' id='word_1_81' title='bbox 1098 1059 1158 1126; x_wconf 84' lang='grc' dir='ltr'><strong><em>όπό</em></strong></span> <span class='ocrx_word' id='word_1_82' title='bbox 1172 1069 1231 1126; x_wconf 87' lang='grc' dir='ltr'><strong><em>τῶν</em></strong></span> <span class='ocrx_word' id='word_1_83' title='bbox 1245 1067 1418 1143; x_wconf 77' lang='grc' dir='ltr'><strong><em>Φαρισαίων</em></strong></span> 
     </span>
     <span class='ocr_line' id='line_1_9' title="bbox 267 1159 1418 1246; baseline 0 -17"><span class='ocrx_word' id='word_1_84' title='bbox 267 1172 448 1245; x_wconf 84' lang='grc' dir='ltr'><strong><em>πεμφθεῖσιν</em></strong></span> <span class='ocrx_word' id='word_1_85' title='bbox 462 1159 551 1236; x_wconf 86' lang='grc' dir='ltr'><strong><em>αότός</em></strong></span> <span class='ocrx_word' id='word_1_86' title='bbox 564 1159 708 1243; x_wconf 76' lang='grc' dir='ltr'><strong><em>Ἰωάννης</em></strong></span> <span class='ocrx_word' id='word_1_87' title='bbox 722 1160 926 1244; x_wconf 85' lang='grc' dir='ltr'><strong><em>α’ποκρίνεται,</em></strong></span> <span class='ocrx_word' id='word_1_88' title='bbox 955 1165 1059 1246; x_wconf 88' lang='grc' dir='ltr'><strong><em>λέγων,</em></strong></span> <span class='ocrx_word' id='word_1_89' title='bbox 1089 1160 1162 1246; x_wconf 83' lang='grc' dir='ltr'><strong><em>Ἐγῶ</em></strong></span> <span class='ocrx_word' id='word_1_90' title='bbox 1180 1161 1267 1244; x_wconf 73' lang='grc' dir='ltr'><strong><em>φωνὴ</em></strong></span> <span class='ocrx_word' id='word_1_91' title='bbox 1283 1166 1418 1246; x_wconf 81' lang='grc' dir='ltr'><strong><em>βοῶντος</em></strong></span> 
     </span>
     <span class='ocr_line' id='line_1_10' title="bbox 269 1260 1417 1352; baseline 0.001 -23"><span class='ocrx_word' id='word_1_92' title='bbox 269 1266 301 1330; x_wconf 81' lang='grc' dir='ltr'><strong><em>έν</em></strong></span> <span class='ocrx_word' id='word_1_93' title='bbox 316 1271 352 1352; x_wconf 75' lang='grc' dir='ltr'><strong><em>τῇ</em></strong></span> <span class='ocrx_word' id='word_1_94' title='bbox 368 1261 483 1350; x_wconf 78' lang='grc' dir='ltr'><strong><em>ἐρήμῳ,</em></strong></span> <span class='ocrx_word' id='word_1_95' title='bbox 507 1261 652 1327; x_wconf 87' lang='grc' dir='ltr'><strong><em>εῦθόυατε</em></strong></span> <span class='ocrx_word' id='word_1_96' title='bbox 668 1261 721 1344; x_wconf 79' lang='grc' dir='ltr'><strong><em>τήν</em></strong></span> <span class='ocrx_word' id='word_1_97' title='bbox 737 1260 808 1328; x_wconf 84' lang='grc' dir='ltr'><strong><em>όθόν</em></strong></span> <span class='ocrx_word' id='word_1_98' title='bbox 822 1268 943 1347; x_wconf 89' lang='grc' dir='ltr'><strong><em>κυρίου,</em></strong></span> <span class='ocrx_word' id='word_1_99' title='bbox 964 1261 1069 1338; x_wconf 87' lang='grc' dir='ltr'><strong><em>καθῶς</em></strong></span> <span class='ocrx_word' id='word_1_100' title='bbox 1083 1260 1162 1327; x_wconf 88' lang='grc' dir='ltr'><strong><em>είπεν</em></strong></span> <span class='ocrx_word' id='word_1_101' title='bbox 1175 1260 1295 1338; x_wconf 80' lang='grc' dir='ltr'><strong><em>Ἡσαΐας</em></strong></span> <span class='ocrx_word' id='word_1_102' title='bbox 1309 1262 1328 1330; x_wconf 87' lang='grc' dir='ltr'><strong><em>ό</em></strong></span> <span class='ocrx_word' id='word_1_103' title='bbox 1343 1291 1417 1350; x_wconf 90' lang='grc' dir='ltr'><strong><em>προ-</em></strong></span> 
     </span>
     <span class='ocr_line' id='line_1_11' title="bbox 268 1361 1419 1448; baseline 0.002 -19"><span class='ocrx_word' id='word_1_104' title='bbox 268 1364 374 1448; x_wconf 78' lang='grc' dir='ltr'><strong><em>φήτης.</em></strong></span> <span class='ocrx_word' id='word_1_105' title='bbox 419 1366 481 1427; x_wconf 77' lang='grc' dir='ltr'><strong><em>Καὶ</em></strong></span> <span class='ocrx_word' id='word_1_106' title='bbox 498 1363 585 1429; x_wconf 89' lang='grc' dir='ltr'><strong><em>πάλιν</em></strong></span> <span class='ocrx_word' id='word_1_107' title='bbox 598 1361 687 1440; x_wconf 84' lang='grc' dir='ltr'><strong><em>αῦτός</em></strong></span> <span class='ocrx_word' id='word_1_108' title='bbox 700 1362 719 1429; x_wconf 85' lang='grc' dir='ltr'><strong><em>ό</em></strong></span> <span class='ocrx_word' id='word_1_109' title='bbox 731 1361 875 1445; x_wconf 75' lang='grc' dir='ltr'><strong><em>Ἰωάννης</em></strong></span> <span class='ocrx_word' id='word_1_110' title='bbox 888 1366 972 1448; x_wconf 80' lang='grc' dir='ltr'><strong><em>λέγει,</em></strong></span> <span class='ocrx_word' id='word_1_111' title='bbox 995 1362 1055 1428; x_wconf 92' lang='grc' dir='ltr'><strong><em>α’πό</em></strong></span> <span class='ocrx_word' id='word_1_112' title='bbox 1070 1372 1129 1429; x_wconf 90' lang='grc' dir='ltr'><strong><em>τῶν</em></strong></span> <span class='ocrx_word' id='word_1_113' title='bbox 1142 1371 1305 1446; x_wconf 77' lang='grc' dir='ltr'><strong><em>προφητῶν</em></strong></span> <span class='ocrx_word' id='word_1_114' title='bbox 1317 1364 1419 1447; x_wconf 82' lang='grc' dir='ltr'><strong><em>λαβῶν</em></strong></span> 
     </span>
     <span class='ocr_line' id='line_1_12' title="bbox 267 1463 1418 1552; baseline 0.001 -21"><span class='ocrx_word' id='word_1_115' title='bbox 267 1465 322 1550; x_wconf 76' lang='grc' dir='ltr'><strong><em>τὴν</em></strong></span> <span class='ocrx_word' id='word_1_116' title='bbox 344 1469 521 1549; x_wconf 84' lang='grc' dir='ltr'><strong><em>μαρτυρίαν,</em></strong></span> <span class='ocrx_word' id='word_1_117' title='bbox 550 1466 628 1546; x_wconf 83' lang='grc' dir='ltr'><strong><em>φημί</em></strong></span> <span class='ocrx_word' id='word_1_118' title='bbox 645 1466 678 1530; x_wconf 76' lang='grc' dir='ltr'><strong><em>δέ</em></strong></span> <span class='ocrx_word' id='word_1_119' title='bbox 698 1463 756 1530; x_wconf 86' lang='grc' dir='ltr'><strong><em>άπό</em></strong></span> <span class='ocrx_word' id='word_1_120' title='bbox 774 1472 828 1530; x_wconf 90' lang='grc' dir='ltr'><strong><em>τοῦ</em></strong></span> <span class='ocrx_word' id='word_1_121' title='bbox 843 1468 957 1547; x_wconf 80' lang='grc' dir='ltr'><strong><em>Δαβὶῦ,</em></strong></span> <span class='ocrx_word' id='word_1_122' title='bbox 987 1464 1035 1531; x_wconf 85' lang='grc' dir='ltr'><strong><em>ότε</em></strong></span> <span class='ocrx_word' id='word_1_123' title='bbox 1052 1463 1071 1531; x_wconf 92' lang='grc' dir='ltr'><strong><em>ό</em></strong></span> <span class='ocrx_word' id='word_1_124' title='bbox 1086 1465 1191 1547; x_wconf 81' lang='grc' dir='ltr'><strong><em>κάρτος</em></strong></span> <span class='ocrx_word' id='word_1_125' title='bbox 1206 1465 1259 1541; x_wconf 83' lang='grc' dir='ltr'><strong><em>τάς</em></strong></span> <span class='ocrx_word' id='word_1_126' title='bbox 1274 1469 1418 1552; x_wconf 82' lang='grc' dir='ltr'><strong><em>τραπέζας</em></strong></span> 
     </span>
     <span class='ocr_line' id='line_1_13' title="bbox 269 1563 1418 1652; baseline 0.001 -17"><span class='ocrx_word' id='word_1_127' title='bbox 269 1574 328 1635; x_wconf 85' lang='grc' dir='ltr'><strong><em>τῶν</em></strong></span> <span class='ocrx_word' id='word_1_128' title='bbox 342 1573 536 1652; x_wconf 83' lang='grc' dir='ltr'><strong><em>κολλυβιστῶν</em></strong></span> <span class='ocrx_word' id='word_1_129' title='bbox 552 1569 744 1647; x_wconf 84' lang='grc' dir='ltr'><strong><em>κατέστρεψε,</em></strong></span> <span class='ocrx_word' id='word_1_130' title='bbox 765 1568 814 1631; x_wconf 81' lang='grc' dir='ltr'><strong><em>καί</em></strong></span> <span class='ocrx_word' id='word_1_131' title='bbox 835 1563 913 1640; x_wconf 84' lang='grc' dir='ltr'><strong><em>είπε,</em></strong></span> <span class='ocrx_word' id='word_1_132' title='bbox 936 1564 994 1649; x_wconf 60' lang='lat' dir='ltr'><strong><em>Mo}</em></strong></span> <span class='ocrx_word' id='word_1_133' title='bbox 1010 1575 1114 1648; x_wconf 83' lang='grc' dir='ltr'><strong><em>ποιῆτε</em></strong></span> <span class='ocrx_word' id='word_1_134' title='bbox 1129 1565 1181 1632; x_wconf 88' lang='grc' dir='ltr'><strong><em>τόν</em></strong></span> <span class='ocrx_word' id='word_1_135' title='bbox 1195 1564 1277 1634; x_wconf 84' lang='grc' dir='ltr'><strong><em>οίκον</em></strong></span> <span class='ocrx_word' id='word_1_136' title='bbox 1290 1577 1344 1634; x_wconf 86' lang='grc' dir='ltr'><strong><em>τοῦ</em></strong></span> <span class='ocrx_word' id='word_1_137' title='bbox 1361 1596 1418 1636; x_wconf 85' lang='grc' dir='ltr'><strong><em>πα·</em></strong></span> 
     </span>
     <span class='ocr_line' id='line_1_14' title="bbox 270 1660 1421 1756; baseline 0.001 -21"><span class='ocrx_word' id='word_1_138' title='bbox 270 1669 340 1756; x_wconf 92' lang='grc' dir='ltr'><strong><em>τρός</em></strong></span> <span class='ocrx_word' id='word_1_139' title='bbox 356 1695 415 1752; x_wconf 91' lang='grc' dir='ltr'><strong><em>μου</em></strong></span> <span class='ocrx_word' id='word_1_140' title='bbox 430 1666 512 1734; x_wconf 84' lang='grc' dir='ltr'><strong><em>οἷκον</em></strong></span> <span class='ocrx_word' id='word_1_141' title='bbox 528 1670 688 1753; x_wconf 90' lang='grc' dir='ltr'><strong><em>ἐμπορίου,</em></strong></span> <span class='ocrx_word' id='word_1_142' title='bbox 708 1665 916 1750; x_wconf 77' lang='grc' dir='ltr'><strong><em>Ἐμνήσθησαν</em></strong></span> <span class='ocrx_word' id='word_1_143' title='bbox 931 1668 976 1733; x_wconf 84' lang='grc' dir='ltr'><strong><em>ότι</em></strong></span> <span class='ocrx_word' id='word_1_144' title='bbox 991 1660 1029 1748; x_wconf 79' lang='grc' dir='ltr'><strong><em>ἦν</em></strong></span> <span class='ocrx_word' id='word_1_145' title='bbox 1045 1672 1256 1753; x_wconf 88' lang='grc' dir='ltr'><strong><em>γεγραμμένον,</em></strong></span> <span class='ocrx_word' id='word_1_146' title='bbox 1283 1667 1318 1734; x_wconf 83' lang='lat'><strong><em>‘0</em></strong></span> <span class='ocrx_word' id='word_1_147' title='bbox 1333 1677 1421 1752; x_wconf 81' lang='grc' dir='ltr'><strong><em>ζῆλος</em></strong></span> 
     </span>
     <span class='ocr_line' id='line_1_15' title="bbox 270 1767 1420 1854; baseline 0.003 -19"><span class='ocrx_word' id='word_1_148' title='bbox 270 1778 323 1837; x_wconf 75' lang='grc' dir='ltr'><strong><em>τοῦ</em></strong></span> <span class='ocrx_word' id='word_1_149' title='bbox 346 1774 430 1836; x_wconf 82' lang='grc' dir='ltr'><strong><em>οίιιου</em></strong></span> <span class='ocrx_word' id='word_1_150' title='bbox 453 1793 506 1834; x_wconf 87' lang='grc' dir='ltr'><strong><em>σου</em></strong></span> <span class='ocrx_word' id='word_1_151' title='bbox 527 1770 674 1853; x_wconf 82' lang='grc' dir='ltr'><strong><em>κατέφαγέ</em></strong></span> <span class='ocrx_word' id='word_1_152' title='bbox 695 1794 738 1850; x_wconf 87' lang='grc' dir='ltr'><strong><em>με.</em></strong></span> <span class='ocrx_word' id='word_1_153' title='bbox 783 1771 843 1833; x_wconf 76' lang='grc' dir='ltr'><strong><em>Καὶ</em></strong></span> <span class='ocrx_word' id='word_1_154' title='bbox 861 1767 949 1834; x_wconf 90' lang='grc' dir='ltr'><strong><em>πάλιν</em></strong></span> <span class='ocrx_word' id='word_1_155' title='bbox 967 1767 1058 1847; x_wconf 86' lang='grc' dir='ltr'><strong><em>αῦτός</em></strong></span> <span class='ocrx_word' id='word_1_156' title='bbox 1073 1767 1216 1854; x_wconf 89' lang='grc' dir='ltr'><strong><em>Ἰωάννης</em></strong></span> <span class='ocrx_word' id='word_1_157' title='bbox 1234 1769 1328 1851; x_wconf 86' lang='grc' dir='ltr'><strong><em>είπεν,</em></strong></span> <span class='ocrx_word' id='word_1_158' title='bbox 1348 1771 1420 1838; x_wconf 87' lang='grc' dir='ltr'><strong><em>Ὅτι</em></strong></span> 
     </span>
     <span class='ocr_line' id='line_1_16' title="bbox 270 1868 871 1959; baseline -0.012 -18"><span class='ocrx_word' id='word_1_159' title='bbox 270 1869 391 1946; x_wconf 81' lang='grc' dir='ltr'><strong><em>Ἠσαίας</em></strong></span> <span class='ocrx_word' id='word_1_160' title='bbox 412 1869 487 1936; x_wconf 83' lang='grc' dir='ltr'><strong><em>είὸεν</em></strong></span> <span class='ocrx_word' id='word_1_161' title='bbox 509 1869 552 1935; x_wconf 83' lang='grc' dir='ltr'><strong><em>ῶν</em></strong></span> <span class='ocrx_word' id='word_1_162' title='bbox 573 1873 604 1935; x_wconf 87' lang='grc' dir='ltr'><strong><em>έν</em></strong></span> <span class='ocrx_word' id='word_1_163' title='bbox 625 1869 768 1952; x_wconf 78' lang='grc' dir='ltr'><strong><em>πνεύματι</em></strong></span> <span class='ocrx_word' id='word_1_164' title='bbox 789 1868 871 1959; x_wconf 82' lang='grc' dir='ltr'><strong><em>άγίμ.</em></strong></span> 
     </span>
    </p>

    <p class='ocr_par' dir='ltr' id='par_1_4' title="bbox 119 1969 1429 3790">
     <span class='ocr_line' id='line_1_17' title="bbox 119 1969 1420 2063; baseline 0.002 -26"><span class='ocrx_word' id='word_1_165' title='bbox 119 1982 187 2050; x_wconf 85' lang='grc' dir='ltr'><strong><em>Κεφ.</em></strong></span> <span class='ocrx_word' id='word_1_166' title='bbox 204 1975 253 2034; x_wconf 70' lang='grc' dir='ltr'><strong><em>κίί.</em></strong></span> <span class='ocrx_word' id='word_1_167' title='bbox 358 1972 454 2038; x_wconf 91' lang='grc' dir='ltr'><strong><em>Πάλιν</em></strong></span> <span class='ocrx_word' id='word_1_168' title='bbox 470 1974 502 2037; x_wconf 74' lang='grc' dir='ltr'><strong><em>δὲ</em></strong></span> <span class='ocrx_word' id='word_1_169' title='bbox 519 1969 537 2037; x_wconf 87' lang='grc' dir='ltr'><strong><em>ό</em></strong></span> <span class='ocrx_word' id='word_1_170' title='bbox 551 1970 640 2047; x_wconf 89' lang='grc' dir='ltr'><strong><em>αότός</em></strong></span> <span class='ocrx_word' id='word_1_171' title='bbox 655 1971 738 2056; x_wconf 86' lang='grc' dir='ltr'><strong><em>όὶγιος</em></strong></span> <span class='ocrx_word' id='word_1_172' title='bbox 751 1969 894 2054; x_wconf 90' lang='grc' dir='ltr'><strong><em>Ἰωάννης</em></strong></span> <span class='ocrx_word' id='word_1_173' title='bbox 906 1970 1057 2058; x_wconf 75' lang='grc' dir='ltr'><strong><em>κηρύττων</em></strong></span> <span class='ocrx_word' id='word_1_174' title='bbox 1072 1976 1103 2039; x_wconf 91' lang='grc' dir='ltr'><strong><em>ἐν</em></strong></span> <span class='ocrx_word' id='word_1_175' title='bbox 1117 1981 1154 2063; x_wconf 80' lang='grc' dir='ltr'><strong><em>τῇ</em></strong></span> <span class='ocrx_word' id='word_1_176' title='bbox 1167 1973 1249 2063; x_wconf 79' lang='grc' dir='ltr'><strong><em>Ἀσίρι</em></strong></span> <span class='ocrx_word' id='word_1_177' title='bbox 1262 1978 1420 2059; x_wconf 73' lang='grc' dir='ltr'><strong><em>ἱστορεῖται</em></strong></span> 
     </span>
     <span class='ocr_line' id='line_1_18' title="bbox 272 2071 1418 2160; baseline 0.001 -19"><span class='ocrx_word' id='word_1_178' title='bbox 272 2074 441 2160; x_wconf 76' lang='grc' dir='ltr'><strong><em>παράδοξον</em></strong></span> <span class='ocrx_word' id='word_1_179' title='bbox 462 2077 548 2159; x_wconf 80' lang='grc' dir='ltr'><strong><em>έργον</em></strong></span> <span class='ocrx_word' id='word_1_180' title='bbox 564 2101 592 2138; x_wconf 90' lang='grc' dir='ltr'><strong><em>τι</em></strong></span> <span class='ocrx_word' id='word_1_181' title='bbox 609 2071 779 2156; x_wconf 87' lang='grc' dir='ltr'><strong><em>πεποιηκῶς</em></strong></span> <span class='ocrx_word' id='word_1_182' title='bbox 795 2078 836 2149; x_wconf 89' lang='grc' dir='ltr'><strong><em>είς</em></strong></span> <span class='ocrx_word' id='word_1_183' title='bbox 853 2071 1049 2159; x_wconf 83' lang='grc' dir='ltr'><strong><em>ῦπογραμμόν</em></strong></span> <span class='ocrx_word' id='word_1_184' title='bbox 1064 2083 1117 2158; x_wconf 79' lang='grc' dir='ltr'><strong><em>τῆς</em></strong></span> <span class='ocrx_word' id='word_1_185' title='bbox 1133 2074 1282 2158; x_wconf 81' lang='grc' dir='ltr'><strong><em>όληθείας.</em></strong></span> <span class='ocrx_word' id='word_1_186' title='bbox 1328 2083 1418 2143; x_wconf 90' lang='grc' dir='ltr'><strong><em>Πολι-</em></strong></span> 
     </span>
     <span class='ocr_line' id='line_1_19' title="bbox 272 2174 1420 2266; baseline 0.002 -24"><span class='ocrx_word' id='word_1_187' title='bbox 272 2183 351 2242; x_wconf 87' lang='grc' dir='ltr'><strong><em>τείαν</em></strong></span> <span class='ocrx_word' id='word_1_188' title='bbox 364 2176 419 2261; x_wconf 84' lang='grc' dir='ltr'><strong><em>γάρ</em></strong></span> <span class='ocrx_word' id='word_1_189' title='bbox 437 2178 510 2257; x_wconf 85' lang='grc' dir='ltr'><strong><em>έχων</em></strong></span> <span class='ocrx_word' id='word_1_190' title='bbox 523 2174 787 2258; x_wconf 75' lang='grc' dir='ltr'><strong><em>θαυμασιωτάτην,</em></strong></span> <span class='ocrx_word' id='word_1_191' title='bbox 807 2179 859 2241; x_wconf 83' lang='grc' dir='ltr'><strong><em>καί</em></strong></span> <span class='ocrx_word' id='word_1_192' title='bbox 872 2177 1102 2260; x_wconf 81' lang='grc' dir='ltr'><strong><em>συμπρέπονσαν</em></strong></span> <span class='ocrx_word' id='word_1_193' title='bbox 1116 2175 1209 2243; x_wconf 84' lang='grc' dir='ltr'><strong><em>αόεοῦ</em></strong></span> <span class='ocrx_word' id='word_1_194' title='bbox 1221 2184 1262 2266; x_wconf 75' lang='grc' dir='ltr'><strong><em>τρῖ</em></strong></span> <span class='ocrx_word' id='word_1_195' title='bbox 1277 2175 1420 2261; x_wconf 82' lang='grc' dir='ltr'><strong><em>άξιῶματι</em></strong></span> 
     </span>
     <span class='ocr_line' id='line_1_20' title="bbox 272 2275 1420 2365; baseline 0.001 -20"><span class='ocrx_word' id='word_1_196' title='bbox 272 2286 326 2361; x_wconf 78' lang='grc' dir='ltr'><strong><em>τῆς</em></strong></span> <span class='ocrx_word' id='word_1_197' title='bbox 346 2277 543 2358; x_wconf 81' lang='grc' dir='ltr'><strong><em>1οίποστολῆς,</em></strong></span> <span class='ocrx_word' id='word_1_198' title='bbox 564 2280 615 2343; x_wconf 81' lang='grc' dir='ltr'><strong><em>καί</em></strong></span> <span class='ocrx_word' id='word_1_199' title='bbox 629 2275 700 2360; x_wconf 79' lang='grc' dir='ltr'><strong><em>μηδ’</em></strong></span> <span class='ocrx_word' id='word_1_200' title='bbox 718 2278 793 2352; x_wconf 85' lang='grc' dir='ltr'><strong><em>όλως</em></strong></span> <span class='ocrx_word' id='word_1_201' title='bbox 809 2276 977 2360; x_wconf 84' lang='grc' dir='ltr'><strong><em>λουόμενος,</em></strong></span> <span class='ocrx_word' id='word_1_202' title='bbox 999 2275 1176 2363; x_wconf 73' lang='grc' dir='ltr'><strong><em>ἠναγκάσθη</em></strong></span> <span class='ocrx_word' id='word_1_203' title='bbox 1191 2277 1251 2344; x_wconf 84' lang='grc' dir='ltr'><strong><em>ῦπό</em></strong></span> <span class='ocrx_word' id='word_1_204' title='bbox 1266 2286 1319 2345; x_wconf 86' lang='grc' dir='ltr'><strong><em>τοῦ</em></strong></span> <span class='ocrx_word' id='word_1_205' title='bbox 1334 2277 1420 2365; x_wconf 84' lang='grc' dir='ltr'><strong><em>άγίου</em></strong></span> 
     </span>
     <span class='ocr_line' id='line_1_21' title="bbox 272 2378 1419 2465; baseline 0 -18"><span class='ocrx_word' id='word_1_206' title='bbox 272 2378 440 2462; x_wconf 76' lang='grc' dir='ltr'><strong><em>πνεύματος</em></strong></span> <span class='ocrx_word' id='word_1_207' title='bbox 461 2388 618 2461; x_wconf 86' lang='grc' dir='ltr'><strong><em>προελθεῖν</em></strong></span> <span class='ocrx_word' id='word_1_208' title='bbox 638 2382 692 2455; x_wconf 75' lang='grc' dir='ltr'><strong><em>ἕως</em></strong></span> <span class='ocrx_word' id='word_1_209' title='bbox 712 2387 766 2443; x_wconf 88' lang='grc' dir='ltr'><strong><em>τοῦ</em></strong></span> <span class='ocrx_word' id='word_1_210' title='bbox 787 2384 959 2462; x_wconf 90' lang='grc' dir='ltr'><strong><em>βαλανείου,</em></strong></span> <span class='ocrx_word' id='word_1_211' title='bbox 988 2379 1079 2446; x_wconf 84' lang='grc' dir='ltr'><strong><em>είπῶν</em></strong></span> <span class='ocrx_word' id='word_1_212' title='bbox 1095 2380 1155 2459; x_wconf 81' lang='grc' dir='ltr'><strong><em>ότι,</em></strong></span> <span class='ocrx_word' id='word_1_213' title='bbox 1183 2380 1300 2465; x_wconf 86' lang='grc' dir='ltr'><strong><em>Λόβεεέ</em></strong></span> <span class='ocrx_word' id='word_1_214' title='bbox 1316 2406 1367 2465; x_wconf 89' lang='grc' dir='ltr'><strong><em>μοι</em></strong></span> <span class='ocrx_word' id='word_1_215' title='bbox 1381 2406 1419 2447; x_wconf 84' lang='grc' dir='ltr'><strong><em>τα</em></strong></span> 
     </span>
     <span class='ocr_line' id='line_1_22' title="bbox 273 2476 1418 2568; baseline 0.001 -20"><span class='ocrx_word' id='word_1_216' title='bbox 273 2481 350 2568; x_wconf 89' lang='grc' dir='ltr'><strong><em>πρός</em></strong></span> <span class='ocrx_word' id='word_1_217' title='bbox 367 2487 529 2564; x_wconf 85' lang='grc' dir='ltr'><strong><em>βαλανεῖον.</em></strong></span> <span class='ocrx_word' id='word_1_218' title='bbox 573 2482 633 2545; x_wconf 84' lang='grc' dir='ltr'><strong><em>Καί</em></strong></span> <span class='ocrx_word' id='word_1_219' title='bbox 651 2487 711 2545; x_wconf 90' lang='grc' dir='ltr'><strong><em>τῶν</em></strong></span> <span class='ocrx_word' id='word_1_220' title='bbox 728 2483 934 2562; x_wconf 86' lang='grc' dir='ltr'><strong><em>συνεπομένων</em></strong></span> <span class='ocrx_word' id='word_1_221' title='bbox 948 2480 1164 2564; x_wconf 82' lang='grc' dir='ltr'><strong><em>θαυμαζόντων</em></strong></span> <span class='ocrx_word' id='word_1_222' title='bbox 1180 2476 1273 2565; x_wconf 79' lang='grc' dir='ltr'><strong><em>ἦλθεν</em></strong></span> <span class='ocrx_word' id='word_1_223' title='bbox 1289 2485 1331 2558; x_wconf 89' lang='grc' dir='ltr'><strong><em>είς</em></strong></span> <span class='ocrx_word' id='word_1_224' title='bbox 1344 2480 1418 2549; x_wconf 82' lang='grc' dir='ltr'><strong><em>αῦτό</em></strong></span> 
     </span>
     <span class='ocr_line' id='line_1_23' title="bbox 274 2580 1418 2668; baseline 0 -19"><span class='ocrx_word' id='word_1_225' title='bbox 274 2583 307 2651; x_wconf 85' lang='grc' dir='ltr'><strong><em>τό</em></strong></span> <span class='ocrx_word' id='word_1_226' title='bbox 321 2581 454 2668; x_wconf 89' lang='grc' dir='ltr'><strong><em>λουτρόν.</em></strong></span> <span class='ocrx_word' id='word_1_227' title='bbox 499 2584 558 2647; x_wconf 81' lang='grc' dir='ltr'><strong><em>Καί</em></strong></span> <span class='ocrx_word' id='word_1_228' title='bbox 574 2581 729 2666; x_wconf 89' lang='grc' dir='ltr'><strong><em>γενόμενος</em></strong></span> <span class='ocrx_word' id='word_1_229' title='bbox 744 2581 820 2665; x_wconf 88' lang='grc' dir='ltr'><strong><em>πρός</em></strong></span> <span class='ocrx_word' id='word_1_230' title='bbox 834 2580 887 2647; x_wconf 86' lang='grc' dir='ltr'><strong><em>τόν</em></strong></span> <span class='ocrx_word' id='word_1_231' title='bbox 904 2581 1033 2648; x_wconf 80' lang='grc' dir='ltr'><strong><em>εἰωθότα</em></strong></span> <span class='ocrx_word' id='word_1_232' title='bbox 1048 2580 1246 2666; x_wconf 77' lang='grc' dir='ltr'><strong><em>όποῦέγεσθαι</em></strong></span> <span class='ocrx_word' id='word_1_233' title='bbox 1261 2591 1320 2649; x_wconf 81' lang='grc' dir='ltr'><strong><em>νῦν</em></strong></span> <span class='ocrx_word' id='word_1_234' title='bbox 1334 2591 1418 2649; x_wconf 87' lang='grc' dir='ltr'><strong><em>λουο-</em></strong></span> 
     </span>
     <span class='ocr_line' id='line_1_24' title="bbox 274 2681 1421 2774; baseline 0.002 -24"><span class='ocrx_word' id='word_1_235' title='bbox 274 2684 421 2768; x_wconf 81' lang='grc' dir='ltr'><strong><em>μένοντά</em></strong></span> <span class='ocrx_word' id='word_1_236' title='bbox 439 2683 538 2765; x_wconf 78' lang='grc' dir='ltr'><strong><em>ἱμάτια</em></strong></span> <span class='ocrx_word' id='word_1_237' title='bbox 557 2681 642 2766; x_wconf 78' lang='grc' dir='ltr'><strong><em>ἤρετο</em></strong></span> <span class='ocrx_word' id='word_1_238' title='bbox 660 2688 704 2758; x_wconf 89' lang='grc' dir='ltr'><strong><em>τίς</em></strong></span> <span class='ocrx_word' id='word_1_239' title='bbox 721 2686 807 2749; x_wconf 83' lang='grc' dir='ltr'><strong><em>ἐνῦον</em></strong></span> <span class='ocrx_word' id='word_1_240' title='bbox 821 2686 899 2750; x_wconf 82' lang='grc' dir='ltr'><strong><em>ἐστίν</em></strong></span> <span class='ocrx_word' id='word_1_241' title='bbox 916 2686 949 2750; x_wconf 84' lang='grc' dir='ltr'><strong><em>έν</em></strong></span> <span class='ocrx_word' id='word_1_242' title='bbox 966 2692 1007 2772; x_wconf 80' lang='grc' dir='ltr'><strong><em>τῷ</em></strong></span> <span class='ocrx_word' id='word_1_243' title='bbox 1023 2688 1166 2774; x_wconf 73' lang='grc' dir='ltr'><strong><em>βαλανείῳ</em></strong></span> <span class='ocrx_word' id='word_1_244' title='bbox 1172 2736 1181 2765; x_wconf 96' lang='grc'><strong><em>,</em></strong></span> <span class='ocrx_word' id='word_1_245' title='bbox 1211 2684 1276 2752; x_wconf 80' lang='grc' dir='ltr'><strong><em>όῦέ</em></strong></span> <span class='ocrx_word' id='word_1_246' title='bbox 1289 2682 1421 2769; x_wconf 79' lang='grc' dir='ltr'><strong><em>όλεάριος</em></strong></span> 
     </span>
     <span class='ocr_line' id='line_1_25' title="bbox 275 2783 1423 2874; baseline 0.003 -22"><span class='ocrx_word' id='word_1_247' title='bbox 275 2789 324 2853; x_wconf 83' lang='grc' dir='ltr'><strong><em>ἐπὶ</em></strong></span> <span class='ocrx_word' id='word_1_248' title='bbox 345 2793 386 2872; x_wconf 77' lang='grc' dir='ltr'><strong><em>τῷ</em></strong></span> <span class='ocrx_word' id='word_1_249' title='bbox 408 2783 563 2864; x_wconf 85' lang='grc' dir='ltr'><strong><em>φυλάττειν</em></strong></span> <span class='ocrx_word' id='word_1_250' title='bbox 579 2784 679 2867; x_wconf 86' lang='grc' dir='ltr'><strong><em>ίμάτια</em></strong></span> <span class='ocrx_word' id='word_1_251' title='bbox 694 2791 919 2871; x_wconf 89' lang='grc' dir='ltr'><strong><em>προςκαρτερῶν</em></strong></span> <span class='ocrx_word' id='word_1_252' title='bbox 938 2787 981 2862; x_wconf 77' lang='grc' dir='ltr'><strong><em>(ἐν</em></strong></span> <span class='ocrx_word' id='word_1_253' title='bbox 997 2796 1060 2862; x_wconf 84' lang='grc' dir='ltr'><strong><em>τοῖς</em></strong></span> <span class='ocrx_word' id='word_1_254' title='bbox 1077 2785 1132 2872; x_wconf 83' lang='grc' dir='ltr'><strong><em>γάρ</em></strong></span> <span class='ocrx_word' id='word_1_255' title='bbox 1148 2792 1320 2872; x_wconf 85' lang='grc' dir='ltr'><strong><em>γυμνασίοις</em></strong></span> <span class='ocrx_word' id='word_1_256' title='bbox 1333 2790 1423 2874; x_wconf 75' lang='grc' dir='ltr'><strong><em>ἔργον</em></strong></span> 
     </span>
     <span class='ocr_line' id='line_1_26' title="bbox 273 2884 1422 2979; baseline 0.003 -27"><span class='ocrx_word' id='word_1_257' title='bbox 273 2885 362 2953; x_wconf 86' lang='grc' dir='ltr'><strong><em>τοῦτό</em></strong></span> <span class='ocrx_word' id='word_1_258' title='bbox 375 2909 450 2951; x_wconf 90' lang='grc' dir='ltr'><strong><em>τισιν</em></strong></span> <span class='ocrx_word' id='word_1_259' title='bbox 463 2884 586 2968; x_wconf 82' lang='grc' dir='ltr'><strong><em>όπάρχει</em></strong></span> <span class='ocrx_word' id='word_1_260' title='bbox 599 2895 747 2972; x_wconf 84' lang='grc' dir='ltr'><strong><em>πορισμοῦ</em></strong></span> <span class='ocrx_word' id='word_1_261' title='bbox 760 2891 842 2954; x_wconf 76' lang='grc' dir='ltr'><strong><em>ἕνεκα</em></strong></span> <span class='ocrx_word' id='word_1_262' title='bbox 855 2896 907 2969; x_wconf 82' lang='grc' dir='ltr'><strong><em>τῆς</em></strong></span> <span class='ocrx_word' id='word_1_263' title='bbox 920 2890 1071 2972; x_wconf 87' lang='grc' dir='ltr'><strong><em>ἐφημέρου</em></strong></span> <span class='ocrx_word' id='word_1_264' title='bbox 1084 2895 1208 2972; x_wconf 78' lang='grc' dir='ltr'><strong><em>τροφῆς)</em></strong></span> <span class='ocrx_word' id='word_1_265' title='bbox 1223 2893 1283 2973; x_wconf 79' lang='grc' dir='ltr'><strong><em>ἐφη</em></strong></span> <span class='ocrx_word' id='word_1_266' title='bbox 1294 2896 1335 2978; x_wconf 72' lang='grc' dir='ltr'><strong><em>τῷ</em></strong></span> <span class='ocrx_word' id='word_1_267' title='bbox 1348 2886 1422 2979; x_wconf 80' lang='grc' dir='ltr'><strong><em>άγίφ</em></strong></span> 
     </span>
     <span class='ocr_line' id='line_1_27' title="bbox 273 2985 1425 3078; baseline 0.003 -25"><span class='ocrx_word' id='word_1_268' title='bbox 273 2986 396 3078; x_wconf 82' lang='grc' dir='ltr'><strong><em>Ἰωάννη</em></strong></span> <span class='ocrx_word' id='word_1_269' title='bbox 419 2987 464 3053; x_wconf 81' lang='grc' dir='ltr'><strong><em>ότι</em></strong></span> <span class='ocrx_word' id='word_1_270' title='bbox 483 2985 590 3070; x_wconf 83' lang='grc' dir='ltr'><strong><em>Ἐβίων</em></strong></span> <span class='ocrx_word' id='word_1_271' title='bbox 612 2991 699 3055; x_wconf 79' lang='grc' dir='ltr'><strong><em>ίνῦον</em></strong></span> <span class='ocrx_word' id='word_1_272' title='bbox 722 2993 807 3055; x_wconf 91' lang='grc' dir='ltr'><strong><em>ἐστίν.</em></strong></span> <span class='ocrx_word' id='word_1_273' title='bbox 847 2987 985 3073; x_wconf 85' lang='grc' dir='ltr'><strong><em>Ἰωάννης</em></strong></span> <span class='ocrx_word' id='word_1_274' title='bbox 1006 2991 1038 3056; x_wconf 83' lang='grc' dir='ltr'><strong><em>ῦέ</em></strong></span> <span class='ocrx_word' id='word_1_275' title='bbox 1059 2987 1152 3065; x_wconf 83' lang='grc' dir='ltr'><strong><em>εῦθῦς</em></strong></span> <span class='ocrx_word' id='word_1_276' title='bbox 1175 2994 1273 3068; x_wconf 84' lang='grc' dir='ltr'><strong><em>συνείς</em></strong></span> <span class='ocrx_word' id='word_1_277' title='bbox 1295 2990 1351 3075; x_wconf 75' lang='grc' dir='ltr'><strong><em>τόν</em></strong></span> <span class='ocrx_word' id='word_1_278' title='bbox 1368 2999 1425 3058; x_wconf 85' lang='grc' dir='ltr'><strong><em>τοῦ</em></strong></span> 
     </span>
     <span class='ocr_line' id='line_1_28' title="bbox 276 3087 1425 3177; baseline 0.003 -21"><span class='ocrx_word' id='word_1_279' title='bbox 276 3088 362 3177; x_wconf 89' lang='grc' dir='ltr'><strong><em>άγίου</em></strong></span> <span class='ocrx_word' id='word_1_280' title='bbox 381 3088 544 3172; x_wconf 80' lang='grc' dir='ltr'><strong><em>πνεύματος</em></strong></span> <span class='ocrx_word' id='word_1_281' title='bbox 561 3087 701 3176; x_wconf 81' lang='grc' dir='ltr'><strong><em>όῦηγίαν,</em></strong></span> <span class='ocrx_word' id='word_1_282' title='bbox 731 3089 768 3157; x_wconf 79' lang='grc' dir='ltr'><strong><em>δι’</em></strong></span> <span class='ocrx_word' id='word_1_283' title='bbox 789 3090 826 3175; x_wconf 78' lang='grc' dir='ltr'><strong><em>ἣν</em></strong></span> <span class='ocrx_word' id='word_1_284' title='bbox 847 3094 941 3156; x_wconf 78' lang='grc' dir='ltr'><strong><em>αἰτίαν</em></strong></span> <span class='ocrx_word' id='word_1_285' title='bbox 963 3092 1170 3175; x_wconf 82' lang='grc' dir='ltr'><strong><em>προυτρέψῦτο</em></strong></span> <span class='ocrx_word' id='word_1_286' title='bbox 1188 3092 1281 3160; x_wconf 85' lang='grc' dir='ltr'><strong><em>αῦτόν</em></strong></span> <span class='ocrx_word' id='word_1_287' title='bbox 1296 3096 1353 3169; x_wconf 67' lang='grc' dir='ltr'><strong><em>ἕως</em></strong></span> <span class='ocrx_word' id='word_1_288' title='bbox 1367 3100 1425 3159; x_wconf 90' lang='grc' dir='ltr'><strong><em>τοῦ</em></strong></span> 
     </span>
     <span class='ocr_line' id='line_1_29' title="bbox 276 3189 1427 3279; baseline 0.002 -21"><span class='ocrx_word' id='word_1_289' title='bbox 276 3197 431 3276; x_wconf 88' lang='grc' dir='ltr'><strong><em>βαλανείου</em></strong></span> <span class='ocrx_word' id='word_1_290' title='bbox 446 3191 543 3274; x_wconf 73' lang='grc' dir='ltr'><strong><em>ἥκειν,</em></strong></span> <span class='ocrx_word' id='word_1_291' title='bbox 567 3189 608 3268; x_wconf 87' lang='grc' dir='ltr'><strong><em>ῶς</em></strong></span> <span class='ocrx_word' id='word_1_292' title='bbox 626 3196 717 3275; x_wconf 82' lang='grc' dir='ltr'><strong><em>έφην,</em></strong></span> <span class='ocrx_word' id='word_1_293' title='bbox 739 3193 856 3276; x_wconf 78' lang='grc' dir='ltr'><strong><em>μνήμης</em></strong></span> <span class='ocrx_word' id='word_1_294' title='bbox 872 3196 957 3259; x_wconf 73' lang='grc' dir='ltr'><strong><em>ἕνεκα</em></strong></span> <span class='ocrx_word' id='word_1_295' title='bbox 971 3200 1024 3259; x_wconf 86' lang='grc' dir='ltr'><strong><em>τοῦ</em></strong></span> <span class='ocrx_word' id='word_1_296' title='bbox 1037 3203 1206 3261; x_wconf 81' lang='grc' dir='ltr'><strong><em>καταλιπεῖν</em></strong></span> <span class='ocrx_word' id='word_1_297' title='bbox 1219 3192 1292 3277; x_wconf 73' lang='grc' dir='ltr'><strong><em>ἡμῖν</em></strong></span> <span class='ocrx_word' id='word_1_298' title='bbox 1306 3193 1358 3277; x_wconf 72' lang='grc' dir='ltr'><strong><em>τόν</em></strong></span> <span class='ocrx_word' id='word_1_299' title='bbox 1371 3204 1427 3279; x_wconf 77' lang='grc' dir='ltr'><strong><em>τῆς</em></strong></span> 
     </span>
     <span class='ocr_line' id='line_1_30' title="bbox 277 3292 1424 3380; baseline 0.003 -20"><span class='ocrx_word' id='word_1_300' title='bbox 277 3293 419 3378; x_wconf 88' lang='grc' dir='ltr'><strong><em>α’ληθείας</em></strong></span> <span class='ocrx_word' id='word_1_301' title='bbox 440 3292 602 3377; x_wconf 84' lang='grc' dir='ltr'><strong><em>όπόθεσιν,</em></strong></span> <span class='ocrx_word' id='word_1_302' title='bbox 633 3294 679 3361; x_wconf 86' lang='grc' dir='ltr'><strong><em>ότι</em></strong></span> <span class='ocrx_word' id='word_1_303' title='bbox 699 3299 775 3372; x_wconf 88' lang='grc' dir='ltr'><strong><em>τίνες</em></strong></span> <span class='ocrx_word' id='word_1_304' title='bbox 792 3298 865 3361; x_wconf 84' lang='grc' dir='ltr'><strong><em>εἰσίν</em></strong></span> <span class='ocrx_word' id='word_1_305' title='bbox 881 3300 913 3360; x_wconf 89' lang='grc' dir='ltr'><strong><em>οί</em></strong></span> <span class='ocrx_word' id='word_1_306' title='bbox 927 3300 1028 3362; x_wconf 76' lang='grc' dir='ltr'><strong><em>δοῦλοι</em></strong></span> <span class='ocrx_word' id='word_1_307' title='bbox 1047 3303 1179 3380; x_wconf 82' lang='grc' dir='ltr'><strong><em>Χριστοῦ</em></strong></span> <span class='ocrx_word' id='word_1_308' title='bbox 1194 3298 1245 3361; x_wconf 84' lang='grc' dir='ltr'><strong><em>καί</em></strong></span> <span class='ocrx_word' id='word_1_309' title='bbox 1262 3293 1424 3363; x_wconf 84' lang='grc' dir='ltr'><strong><em>άπόστολοι</em></strong></span> 
     </span>
     <span class='ocr_line' id='line_1_31' title="bbox 278 3395 1426 3481; baseline -0.001 -16"><span class='ocrx_word' id='word_1_310' title='bbox 278 3400 329 3465; x_wconf 83' lang='grc' dir='ltr'><strong><em>καί</em></strong></span> <span class='ocrx_word' id='word_1_311' title='bbox 345 3400 406 3464; x_wconf 84' lang='grc' dir='ltr'><strong><em>υίολ</em></strong></span> <span class='ocrx_word' id='word_1_312' title='bbox 425 3404 478 3480; x_wconf 77' lang='grc' dir='ltr'><strong><em>τῆς</em></strong></span> <span class='ocrx_word' id='word_1_313' title='bbox 494 3395 586 3481; x_wconf 80' lang='grc' dir='ltr'><strong><em>αότῆς</em></strong></span> <span class='ocrx_word' id='word_1_314' title='bbox 601 3396 756 3480; x_wconf 85' lang='grc' dir='ltr'><strong><em>άληθείας,</em></strong></span> <span class='ocrx_word' id='word_1_315' title='bbox 778 3402 843 3462; x_wconf 89' lang='grc' dir='ltr'><strong><em>τίνα</em></strong></span> <span class='ocrx_word' id='word_1_316' title='bbox 860 3399 893 3463; x_wconf 74' lang='grc' dir='ltr'><strong><em>δέ</em></strong></span> <span class='ocrx_word' id='word_1_317' title='bbox 908 3401 966 3464; x_wconf 92' lang='grc' dir='ltr'><strong><em>ἐστι</em></strong></span> <span class='ocrx_word' id='word_1_318' title='bbox 980 3396 1017 3463; x_wconf 83' lang='grc' dir='ltr'><strong><em>τά</em></strong></span> <span class='ocrx_word' id='word_1_319' title='bbox 1033 3396 1124 3479; x_wconf 84' lang='grc' dir='ltr'><strong><em>σκεάη</em></strong></span> <span class='ocrx_word' id='word_1_320' title='bbox 1138 3405 1192 3463; x_wconf 85' lang='grc' dir='ltr'><strong><em>τοῦ</em></strong></span> <span class='ocrx_word' id='word_1_321' title='bbox 1209 3403 1352 3481; x_wconf 84' lang='grc' dir='ltr'><strong><em>πονηροῦ,</em></strong></span> <span class='ocrx_word' id='word_1_322' title='bbox 1372 3401 1426 3465; x_wconf 79' lang='grc' dir='ltr'><strong><em>καί</em></strong></span> 
     </span>
     <span class='ocr_line' id='line_1_32' title="bbox 278 3497 1427 3588; baseline 0.001 -24"><span class='ocrx_word' id='word_1_323' title='bbox 278 3500 369 3565; x_wconf 88' lang='grc' dir='ltr'><strong><em>πόλαι</em></strong></span> <span class='ocrx_word' id='word_1_324' title='bbox 387 3499 464 3588; x_wconf 75' lang='grc' dir='ltr'><strong><em>ᾅδου</em></strong></span> <span class='ocrx_word' id='word_1_325' title='bbox 482 3498 523 3582; x_wconf 78' lang='grc' dir='ltr'><em>μή</em></span> <span class='ocrx_word' id='word_1_326' title='bbox 539 3498 747 3582; x_wconf 80' lang='grc' dir='ltr'><strong><em>κατισχόουσαι</em></strong></span> <span class='ocrx_word' id='word_1_327' title='bbox 769 3507 823 3582; x_wconf 80' lang='grc' dir='ltr'><strong><em>τῆς</em></strong></span> <span class='ocrx_word' id='word_1_328' title='bbox 838 3501 947 3583; x_wconf 87' lang='grc' dir='ltr'><strong><em>πέτρας</em></strong></span> <span class='ocrx_word' id='word_1_329' title='bbox 966 3502 1086 3582; x_wconf 75' lang='grc' dir='ltr'><strong><em>καὶτῆς</em></strong></span> <span class='ocrx_word' id='word_1_330' title='bbox 1103 3499 1149 3565; x_wconf 77' lang='grc' dir='ltr'><strong><em>ἐπ’</em></strong></span> <span class='ocrx_word' id='word_1_331' title='bbox 1164 3497 1255 3584; x_wconf 80' lang='grc' dir='ltr'><strong><em>αῦτῆς</em></strong></span> <span class='ocrx_word' id='word_1_332' title='bbox 1268 3502 1427 3585; x_wconf 78' lang='grc' dir='ltr'><strong><em>οἰκοδομη-</em></strong></span> 
     </span>
     <span class='ocr_line' id='line_1_33' title="bbox 279 3599 1429 3686; baseline 0.001 -21"><span class='ocrx_word' id='word_1_333' title='bbox 279 3607 383 3683; x_wconf 90' lang='grc' dir='ltr'><strong><em>θείσης</em></strong></span> <span class='ocrx_word' id='word_1_334' title='bbox 402 3600 487 3686; x_wconf 84' lang='grc' dir='ltr'><strong><em>όγίας</em></strong></span> <span class='ocrx_word' id='word_1_335' title='bbox 503 3608 580 3667; x_wconf 83' lang='grc' dir='ltr'><strong><em>θεοῦ</em></strong></span> <span class='ocrx_word' id='word_1_336' title='bbox 597 3604 766 3683; x_wconf 82' lang='grc' dir='ltr'><strong><em>ἐκκλησίας,</em></strong></span> <span class='ocrx_word' id='word_1_337' title='bbox 787 3641 831 3652; x_wconf 93' lang='grc'><strong>-</strong></span> <span class='ocrx_word' id='word_1_338' title='bbox 859 3599 953 3677; x_wconf 86' lang='grc' dir='ltr'><strong><em>εῦθῦς</em></strong></span> <span class='ocrx_word' id='word_1_339' title='bbox 967 3601 1094 3685; x_wconf 78' lang='grc' dir='ltr'><strong><em>ταράξας</em></strong></span> <span class='ocrx_word' id='word_1_340' title='bbox 1109 3600 1215 3669; x_wconf 82' lang='grc' dir='ltr'><strong><em>έαντόν</em></strong></span> <span class='ocrx_word' id='word_1_341' title='bbox 1231 3603 1283 3667; x_wconf 84' lang='grc' dir='ltr'><strong><em>καλ</em></strong></span> <span class='ocrx_word' id='word_1_342' title='bbox 1297 3600 1429 3684; x_wconf 85' lang='grc' dir='ltr'><strong><em>ολμῶξας</em></strong></span> 
     </span>
     <span class='ocr_line' id='line_1_34' title="bbox 279 3700 1429 3790; baseline 0.002 -23"><span class='ocrx_word' id='word_1_343' title='bbox 279 3700 375 3785; x_wconf 74' lang='grc' dir='ltr'><strong><em>ἠρέμα</em></strong></span> <span class='ocrx_word' id='word_1_344' title='bbox 396 3706 438 3779; x_wconf 87' lang='grc' dir='ltr'><strong><em>είς</em></strong></span> <span class='ocrx_word' id='word_1_345' title='bbox 458 3703 492 3770; x_wconf 85' lang='grc' dir='ltr'><strong><em>τό</em></strong></span> <span class='ocrx_word' id='word_1_346' title='bbox 513 3704 626 3780; x_wconf 86' lang='grc' dir='ltr'><strong><em>πάντας</em></strong></span> <span class='ocrx_word' id='word_1_347' title='bbox 643 3700 784 3782; x_wconf 85' lang='grc' dir='ltr'><strong><em>άκοῦσαι,</em></strong></span> <span class='ocrx_word' id='word_1_348' title='bbox 815 3706 857 3778; x_wconf 88' lang='grc' dir='ltr'><strong><em>είς</em></strong></span> <span class='ocrx_word' id='word_1_349' title='bbox 875 3702 1035 3788; x_wconf 80' lang='grc' dir='ltr'><strong><em>μαρτύριον</em></strong></span> <span class='ocrx_word' id='word_1_350' title='bbox 1053 3703 1263 3788; x_wconf 83' lang='grc' dir='ltr'><strong><em>παραστάσεως</em></strong></span> <span class='ocrx_word' id='word_1_351' title='bbox 1281 3702 1429 3790; x_wconf 79' lang='grc' dir='ltr'><strong><em>α’χράνεον</em></strong></span> 
     </span>
    </p>

    <p class='ocr_par' dir='ltr' id='par_1_5' title="bbox 160 3803 1435 4402">
     <span class='ocr_line' id='line_1_35' title="bbox 160 3803 1430 3897; baseline 0.006 -33"><span class='ocrx_word' id='word_1_352' title='bbox 160 3831 212 3877; x_wconf 69' lang='lat'><strong>1¹⁸3·</strong></span> <span class='ocrx_word' id='word_1_353' title='bbox 225 3821 269 3864; x_wconf 78' lang='grc' dir='ltr'><strong><em>ιιι.</em></strong></span> <span class='ocrx_word' id='word_1_354' title='bbox 285 3807 486 3884; x_wconf 73' lang='grc' dir='ltr'><strong><em>διδασκαλίας,</em></strong></span> <span class='ocrx_word' id='word_1_355' title='bbox 509 3804 663 3871; x_wconf 87' lang='grc' dir='ltr'><strong><em>Σπεόσατε</em></strong></span> <span class='ocrx_word' id='word_1_356' title='bbox 679 3803 817 3885; x_wconf 81' lang='grc' dir='ltr'><strong><em>όῦελφολ,</em></strong></span> <span class='ocrx_word' id='word_1_357' title='bbox 838 3807 912 3886; x_wconf 86' lang='grc' dir='ltr'><strong><em>ἐφη,</em></strong></span> <span class='ocrx_word' id='word_1_358' title='bbox 935 3808 1097 3888; x_wconf 83' lang='grc' dir='ltr'><strong><em>ἐξέλθωμεν</em></strong></span> <span class='ocrx_word' id='word_1_359' title='bbox 1113 3808 1268 3887; x_wconf 82' lang='grc' dir='ltr'><strong><em>ἐντεῦθεν,</em></strong></span> <span class='ocrx_word' id='word_1_360' title='bbox 1296 3805 1337 3889; x_wconf 72' lang='grc' dir='ltr'><strong><em>μὴ</em></strong></span> <span class='ocrx_word' id='word_1_361' title='bbox 1352 3807 1430 3897; x_wconf 80' lang='grc' dir='ltr'><strong><em>πόση</em></strong></span> 
     </span>
     <span class='ocr_line' id='line_1_36' title="bbox 280 3904 1430 3997; baseline 0.001 -26"><span class='ocrx_word' id='word_1_362' title='bbox 280 3904 313 3971; x_wconf 87' lang='grc' dir='ltr'><strong><em>τό</em></strong></span> <span class='ocrx_word' id='word_1_363' title='bbox 328 3909 491 3986; x_wconf 85' lang='grc' dir='ltr'><strong><em>βαλανεῖον,</em></strong></span> <span class='ocrx_word' id='word_1_364' title='bbox 512 3911 563 3973; x_wconf 86' lang='grc' dir='ltr'><strong><em>καί</em></strong></span> <span class='ocrx_word' id='word_1_365' title='bbox 578 3905 762 3990; x_wconf 84' lang='grc' dir='ltr'><strong><em>όπολῶμεθα</em></strong></span> <span class='ocrx_word' id='word_1_366' title='bbox 775 3905 847 3988; x_wconf 85' lang='grc' dir='ltr'><strong><em>μετά</em></strong></span> <span class='ocrx_word' id='word_1_367' title='bbox 858 3905 999 3989; x_wconf 85' lang='grc' dir='ltr'><strong><em>Ἐβίωνος</em></strong></span> <span class='ocrx_word' id='word_1_368' title='bbox 1013 3914 1066 3973; x_wconf 87' lang='grc' dir='ltr'><strong><em>τοῦ</em></strong></span> <span class='ocrx_word' id='word_1_369' title='bbox 1077 3910 1165 3974; x_wconf 84' lang='grc' dir='ltr'><strong><em>ένῦον</em></strong></span> <span class='ocrx_word' id='word_1_370' title='bbox 1178 3910 1211 3975; x_wconf 83' lang='grc' dir='ltr'><strong><em>έν</em></strong></span> <span class='ocrx_word' id='word_1_371' title='bbox 1222 3916 1264 3997; x_wconf 75' lang='grc' dir='ltr'><strong><em>τῷ</em></strong></span> <span class='ocrx_word' id='word_1_372' title='bbox 1275 3912 1430 3997; x_wconf 74' lang='grc' dir='ltr'><strong><em>βαλανείμ,</em></strong></span> 
     </span>
     <span class='ocr_line' id='line_1_37' title="bbox 282 4004 1431 4098; baseline 0.002 -25"><span class='ocrx_word' id='word_1_373' title='bbox 282 4005 332 4073; x_wconf 84' lang='grc' dir='ltr'><strong><em>ῦιά</em></strong></span> <span class='ocrx_word' id='word_1_374' title='bbox 345 4004 398 4088; x_wconf 77' lang='grc' dir='ltr'><strong><em>τήν</em></strong></span> <span class='ocrx_word' id='word_1_375' title='bbox 413 4006 504 4072; x_wconf 75' lang='grc' dir='ltr'><strong><em>αὐτοῦ</em></strong></span> <span class='ocrx_word' id='word_1_376' title='bbox 518 4007 662 4092; x_wconf 86' lang='grc' dir='ltr'><strong><em>άοέβειαν.</em></strong></span> <span class='ocrx_word' id='word_1_377' title='bbox 697 4012 758 4074; x_wconf 84' lang='grc' dir='ltr'><strong><em>Καί</em></strong></span> <span class='ocrx_word' id='word_1_378' title='bbox 771 4010 874 4092; x_wconf 76' lang='grc' dir='ltr'><strong><em>μηθείς</em></strong></span> <span class='ocrx_word' id='word_1_379' title='bbox 886 4011 1061 4091; x_wconf 83' lang='grc' dir='ltr'><strong><em>θαυμαζέτω</em></strong></span> <span class='ocrx_word' id='word_1_380' title='bbox 1075 4011 1124 4074; x_wconf 82' lang='grc' dir='ltr'><strong><em>ἐπί</em></strong></span> <span class='ocrx_word' id='word_1_381' title='bbox 1135 4017 1177 4098; x_wconf 71' lang='grc' dir='ltr'><strong><em>τῷ</em></strong></span> <span class='ocrx_word' id='word_1_382' title='bbox 1190 4007 1315 4076; x_wconf 87' lang='grc' dir='ltr'><strong><em>άκοῦσαι</em></strong></span> <span class='ocrx_word' id='word_1_383' title='bbox 1326 4007 1431 4091; x_wconf 69' lang='lat' dir='ltr'>’Efflu-</span> 
     </span>
     <span class='ocr_line' id='line_1_38' title="bbox 281 4108 1431 4200; baseline 0 -25"><span class='ocrx_word' id='word_1_384' title='bbox 281 4137 318 4175; x_wconf 90' lang='grc' dir='ltr'><strong><em>να</em></strong></span> <span class='ocrx_word' id='word_1_385' title='bbox 331 4108 451 4198; x_wconf 81' lang='grc' dir='ltr'><strong><em>Ἰωάννη</em></strong></span> <span class='ocrx_word' id='word_1_386' title='bbox 468 4114 714 4194; x_wconf 78' lang='grc' dir='ltr'><strong><em>συντετυχηκέναι</em></strong></span> <span class='ocrx_word' id='word_1_387' title='bbox 744 4109 946 4196; x_wconf 81' lang='grc' dir='ltr'><strong><em>Πολυχρόνιος</em></strong></span> <span class='ocrx_word' id='word_1_388' title='bbox 960 4110 1015 4197; x_wconf 89' lang='grc' dir='ltr'><strong><em>γάρ</em></strong></span> <span class='ocrx_word' id='word_1_389' title='bbox 1030 4116 1206 4194; x_wconf 80' lang='grc' dir='ltr'><strong><em>καταμείνας</em></strong></span> <span class='ocrx_word' id='word_1_390' title='bbox 1218 4119 1261 4200; x_wconf 74' lang='grc' dir='ltr'><strong><em>τῷ</em></strong></span> <span class='ocrx_word' id='word_1_391' title='bbox 1274 4115 1330 4199; x_wconf 74' lang='grc' dir='ltr'><strong><em>βίμ</em></strong></span> <span class='ocrx_word' id='word_1_392' title='bbox 1344 4108 1431 4191; x_wconf 82' lang='grc' dir='ltr'><strong><em>όμα·</em></strong></span> 
     </span>
     <span class='ocr_line' id='line_1_39' title="bbox 280 4209 1435 4300; baseline 0 -23"><span class='ocrx_word' id='word_1_393' title='bbox 280 4211 386 4297; x_wconf 82' lang='grc' dir='ltr'><strong><em>κάριος</em></strong></span> <span class='ocrx_word' id='word_1_394' title='bbox 401 4210 538 4294; x_wconf 87' lang='grc' dir='ltr'><strong><em>Ἰωάννης</em></strong></span> <span class='ocrx_word' id='word_1_395' title='bbox 557 4213 710 4298; x_wconf 76' lang='grc' dir='ltr'><strong><em>ῦιήριιεσεν</em></strong></span> <span class='ocrx_word' id='word_1_396' title='bbox 726 4211 792 4300; x_wconf 87' lang='grc' dir='ltr'><strong><em>άχρι</em></strong></span> <span class='ocrx_word' id='word_1_397' title='bbox 806 4219 861 4297; x_wconf 79' lang='grc' dir='ltr'><strong><em>τῆς</em></strong></span> <span class='ocrx_word' id='word_1_398' title='bbox 875 4222 929 4280; x_wconf 91' lang='grc' dir='ltr'><strong><em>τοῦ</em></strong></span> <span class='ocrx_word' id='word_1_399' title='bbox 949 4222 1099 4299; x_wconf 85' lang='grc' dir='ltr'><strong><em>Τραϊανοῦ</em></strong></span> <span class='ocrx_word' id='word_1_400' title='bbox 1116 4218 1270 4297; x_wconf 82' lang='grc' dir='ltr'><strong><em>βασιλείας.</em></strong></span> <span class='ocrx_word' id='word_1_401' title='bbox 1314 4209 1435 4289; x_wconf 82' lang='grc' dir='ltr'><strong><em>Πάντες</em></strong></span> 
     </span>
     <span class='ocr_line' id='line_1_40' title="bbox 283 4310 1433 4402; baseline 0.003 -24"><span class='ocrx_word' id='word_1_402' title='bbox 283 4314 317 4379; x_wconf 76' lang='grc' dir='ltr'><strong><em>δέ</em></strong></span> <span class='ocrx_word' id='word_1_403' title='bbox 334 4318 366 4381; x_wconf 92' lang='grc' dir='ltr'><strong><em>οί</em></strong></span> <span class='ocrx_word' id='word_1_404' title='bbox 377 4312 532 4380; x_wconf 86' lang='grc' dir='ltr'><strong><em>άπόστολοι</em></strong></span> <span class='ocrx_word' id='word_1_405' title='bbox 551 4314 596 4380; x_wconf 84' lang='grc' dir='ltr'><strong><em>ότι</em></strong></span> <span class='ocrx_word' id='word_1_406' title='bbox 613 4313 839 4402; x_wconf 85' lang='grc' dir='ltr'><strong><em>άπαλλοτριοῦσι</em></strong></span> <span class='ocrx_word' id='word_1_407' title='bbox 854 4315 909 4400; x_wconf 71' lang='grc' dir='ltr'><strong><em>τὴν</em></strong></span> <span class='ocrx_word' id='word_1_408' title='bbox 922 4324 977 4383; x_wconf 93' lang='grc' dir='ltr'><strong><em>τοῦ</em></strong></span> <span class='ocrx_word' id='word_1_409' title='bbox 991 4314 1133 4401; x_wconf 75' lang='grc' dir='ltr'><strong><em>Ἐβίωνος</em></strong></span> <span class='ocrx_word' id='word_1_410' title='bbox 1146 4320 1258 4395; x_wconf 83' lang='grc' dir='ltr'><strong><em>πίστιν,</em></strong></span> <span class='ocrx_word' id='word_1_411' title='bbox 1278 4315 1331 4379; x_wconf 83' lang='grc' dir='ltr'><strong><em>ιιιιλ</em></strong></span> <span class='ocrx_word' id='word_1_412' title='bbox 1347 4310 1433 4381; x_wconf 70' lang='grc' dir='ltr'><strong><em>ἄλλο·</em></strong></span> 
     </span>
    </p>
   </div>
   <div class='ocr_carea' id='block_1_3' title="bbox 280 4438 1517 4601">
    <p class='ocr_par' dir='ltr' id='par_1_6' title="bbox 280 4438 1517 4601">
     <span class='ocr_line' id='line_1_41' title="bbox 314 4438 1435 4553; baseline 0.001 -34"><span class='ocrx_word' id='word_1_413' title='bbox 314 4469 375 4553; x_wconf 66' lang='grc' dir='ltr'><strong><em>αα.</em></strong></span> <span class='ocrx_word' id='word_1_414' title='bbox 391 4474 490 4522; x_wconf 79' lang='lat' dir='ltr'>xxw.</span> <span class='ocrx_word' id='word_1_415' title='bbox 508 4499 539 4510; x_wconf 95' lang='lat'>-</span> <span class='ocrx_word' id='word_1_416' title='bbox 561 4475 582 4522; x_wconf 88' lang='grc' dir='ltr'><strong><em>ι.</em></strong></span> <span class='ocrx_word' id='word_1_417' title='bbox 600 4465 743 4537; x_wconf 66' lang='grc' dir='ltr'><strong><em>ἀποστολῆς</em></strong></span> <span class='ocrx_word' id='word_1_418' title='bbox 759 4476 827 4524; x_wconf 76' lang='grc' dir='ltr'><strong><em>ατο.</em></strong></span> <span class='ocrx_word' id='word_1_419' title='bbox 841 4476 913 4526; x_wconf 71' lang='grc' dir='ltr'><strong><em>νινε.</em></strong></span> <span class='ocrx_word' id='word_1_420' title='bbox 930 4477 1025 4538; x_wconf 59' lang='grc' dir='ltr'><strong><em>τινας</em></strong></span> <span class='ocrx_word' id='word_1_421' title='bbox 1039 4480 1060 4525; x_wconf 85' lang='grc' dir='ltr'><strong><em>α</em></strong></span> <span class='ocrx_word' id='word_1_422' title='bbox 1074 4477 1128 4526; x_wconf 76' lang='grc' dir='ltr'><strong><em>ιιι.</em></strong></span> <span class='ocrx_word' id='word_1_423' title='bbox 1141 4438 1222 4525; x_wconf 75' lang='grc' dir='ltr'><strong><em>τινι.</em></strong></span> <span class='ocrx_word' id='word_1_424' title='bbox 1258 4466 1383 4538; x_wconf 63' lang='grc' dir='ltr'><strong><em>ἀληθείας</em></strong></span> <span class='ocrx_word' id='word_1_425' title='bbox 1396 4472 1435 4523; x_wconf 82' lang='grc' dir='ltr'><strong><em>ια.</em></strong></span> 
     </span>
     <span class='ocr_line' id='line_1_42' title="bbox 280 4555 1517 4601; baseline 0.012 0"><span class='ocrx_word' id='word_1_426' title='bbox 280 4555 355 4601; x_wconf 72' lang='grc' dir='ltr'><strong><em>νοτε·</em></strong></span> <span class='ocrx_word' id='word_1_427' title='bbox 1513 4572 1517 4577; x_wconf 94' lang='grc'><strong><em>·</em></strong></span> 
     </span>
    </p>
   </div>
   <div class='ocr_carea' id='block_1_4' title="bbox 0 0 1542 5084">
    <p class='ocr_par' dir='ltr' id='par_1_7' title="bbox 0 0 1542 5084">
     <span class='ocr_line' id='line_1_43' title="bbox 0 0 1542 5084; baseline 0 0"><span class='ocrx_word' id='word_1_428' title='bbox 0 0 1542 5084; x_wconf 95' lang='lat' dir='ltr'><strong><em> </em></strong></span> 
     </span>
    </p>
   </div>
  </div>
 </body>
</html>
