3046 5084
252 329 312 390 360
673 332 794 382 ειαονι
813 331 979 381 τειεακαιι

252 454 447 537 παυσαμένων
465 454 506 527 είς
523 449 556 514 τύ
576 450 719 524 παντελές.
765 449 826 512 Καὶ
843 444 934 522 αύτάς
953 447 1006 529 μὲν
1020 445 1072 523 τάς
1092 446 1215 532 9ψυχάς
1231 447 1319 514 πάλιν
1335 447 1414 514 ύπο-

253 560 413 640 μερίζοντες
427 555 560 638 λέγουσιν
578 551 614 627 δὶς
632 552 684 633 μὲν
702 549 790 630 φύσει
807 547 941 634 άγαθάς,
969 549 1006 625 δίς
1021 551 1053 614 δὲ
1069 549 1158 630 φύσει
1175 549 1326 637 πονηράς,
1356 554 1411 616 καλ

254 657 307 733 τάς
327 659 379 740 μὲν
401 653 520 739 άγαθάς
541 653 648 728 ταύτας
668 649 743 717 είναι
763 652 815 728 τάς
834 650 967 726 δεκτικάς
985 659 1038 717 τοῦ
1056 654 1221 738 σπέρματος
1239 656 1409 743 γινομένας,

254 759 307 835 τάς
328 760 360 823 δὲ
382 757 469 838 φύσει
489 754 621 840 πονηράς
639 757 783 838 μηδέποτε
802 753 839 819 άν
857 755 1050 831 ἐπιδέξασθαι
1069 757 1162 820 ἐκεῖνο
1179 753 1214 822 τό
1233 758 1356 842 σπέρμα.

118 875 183 942 Κεφ.
198 870 242 934 κς’.
347 858 492 942 Τοιαύτης
506 861 537 923 δέ
552 866 604 942 τῆς
620 855 792 932 ὑποθέσεως
807 855 904 921 αύτιδν
919 855 1020 939 ούσης,
1041 855 1081 939 ῆν
1094 856 1162 922 ούτε
1174 865 1328 944 προφῆται
1344 858 1415 944 ἐκῆ-

257 967 363 1048 ρυξαν,
393 960 461 1027 ούτε
481 959 498 1027 δ
515 961 618 1045 κύριος
632 963 779 1037 ἐδίδαξεν,
811 957 879 1024 ούτε
897 957 1053 1024 άπόστολοι
1069 962 1258 1044 παρέδωκαν,
1287 961 1325 1044 ἣν
1343 967 1414 1048 περὶ

257 1073 318 1131 τῶν
335 1064 411 1130 ὅλων
426 1061 546 1145 αύχοῦσι
564 1071 663 1127 πλεῖον
679 1068 737 1126 τῶν
752 1059 846 1126 άλλων
859 1062 1032 1146 ἐγνωκέναι,
1062 1064 1092 1140 ἐξ
1107 1061 1252 1148 α’γράφων
1267 1061 1412 1150 άναγινοά-

259 1191 392 1246 σκοντες,
415 1166 465 1230 καί
480 1163 513 1230 τύ
529 1163 566 1247 δῆ
580 1163 750 1249 λεγόμενον,
770 1160 817 1240 Ἐξ
831 1162 932 1245 άμμου
946 1169 1056 1247 σχοινία
1072 1167 1202 1245 πλέκειν,
1225 1166 1413 1250 ἐπιτηδεύον-

258 1297 318 1350 τες,
348 1267 523 1346 άξιοπίστως
540 1264 752 1352 προςαρμόζειν
770 1272 926 1350 πειρῶνται
945 1275 1007 1342 τοῖς
1025 1269 1203 1351 εἰρημένοις,
1232 1267 1299 1351 ἤτοι
1317 1296 1413 1355 παρα·

259 1370 350 1455 βολάς
364 1367 518 1455 κυριακδς,
540 1368 561 1451 ῆ
577 1367 677 1451 δήσεις
689 1367 884 1452 προφητικάς,
907 1367 928 1450 ῆ
943 1366 1050 1453 λόγους
1064 1367 1286 1449 άποστολικούς,
1307 1375 1359 1438 ἰὐα
1375 1372 1411 1440 τά

259 1473 377 1557 πλάσμα
393 1471 491 1537 αὐτῶν
505 1469 545 1554 μῆ
563 1469 732 1555 ἀμάρτυρον
747 1467 823 1536 εἶναι
839 1474 925 1559 δοκῆ,
946 1468 1001 1552 τῆν
1014 1472 1067 1553 μὲν
1082 1471 1163 1550 τάξιν
1178 1475 1227 1538 καί
1242 1472 1294 1540 τόν
1308 1474 1414 1562 είρμδν

260 1583 318 1642 τῶν
337 1582 460 1661 γραφῶν
477 1571 719 1658 ύπερβαίνοντες,
746 1574 797 1636 καί
823 1571 915 1637 1ὅσον
937 1570 983 1653 ἐφ’
1005 1574 1123 1650 ἑαυτοῖς
1142 1573 1260 1653 λύοντες
1279 1576 1317 1642 τά
1340 1580 1413 1662 μέλη

260 1687 313 1761 τῆς
326 1676 475 1759 άληθείας.
520 1676 733 1760 Μεταφὲρουσι
747 1677 779 1740 δὲ
795 1677 846 1739 καί
860 1674 1105 1757 μεταπλάττουσι,
1127 1679 1177 1742 καλ
1195 1674 1262 1745 ύλλο
1276 1682 1306 1757 ἐξ
1322 1678 1414 1747 άλλου

261 1789 417 1856 ποιοῦντες
433 1782 597 1857 ἐξαπατῶσι
613 1776 738 1854 πολλούς
754 1785 790 1867 τῆ
804 1785 863 1842 τῶν
878 1780 1123 1862 ἐφαρμοζομίνων
1139 1788 1291 1865 κνριακοῖν
1305 1788 1415 1868 λογίων

264 1884 517 1949 ἱκακοσυνθέτων
531 1884 684 1967 φαντασίᾳ.
720 1880 834 1964 Ὅνπερ
851 1877 962 1963 τρόπον
979 1883 1008 1944 εί
1018 1906 1061 1955 τις
1075 1883 1216 1963 βασιλέως
1231 1883 1344 1962 εἰκόνος
1360 1913 1414 1951 κιι·

261 1994 315 2069 λῆς
331 1986 597 2066 κατεσκευασμένης
615 1986 779 2064 ῧέπιμελῶς
795 1986 826 2047 ἐκ
844 1985 988 2064 ψηφίδων
1006 1981 1157 2066 ἐπισήμων
1174 1983 1234 2051 ύπύ
1253 1994 1353 2066 σοφοῦ
1369 2014 1414 2054 τε-

262 2093 360 2172 χνίτου
382 2086 471 2163 λύσας
493 2086 548 2171 τῆν
570 2083 766 2167 ύποκειμένην
787 2092 840 2150 τοῦ
863 2081 1027 2169 α’νθράπον
1050 2087 1130 2150 ίδέαν
1149 2090 1339 2174 4μετενίγκοι
1359 2090 1416 2168 τάς

263 2194 400 2274 ψηφίδας
417 2193 528 2265 ἐκείνας
544 2191 595 2253 καί
610 2186 795 2273 μεθαρμόσοι
812 2189 863 2251 καί
881 2185 998 2269 ποιῆσει
1015 2186 1136 2272 μορφῆν
1152 2188 1243 2266 κυνδς
1263 2188 1284 2272 ῆ
1301 2188 1416 2259 άλούπε-

264 2319 332 2372 κος,
353 2296 404 2359 ιιαλ
422 2291 554 2374 οταύτην
571 2289 693 2371 φαύλως
711 2291 996 2371 κατεσκευασμένην,
1018 2291 1117 2355 ἔπειτα
1132 2294 1286 2379 διορίζοιτο
1303 2296 1353 2359 καί
1369 2297 1416 2360 λί-

264 2421 310 2480 γοι
331 2395 440 2479 ταύτην
458 2393 532 2462 είναι
553 2392 608 2476 τῆν
625 2399 679 2458 τού
697 2393 839 2476 βασιλέως
854 2395 967 2473 ἐκείνην
983 2391 1083 2458 είκόνα
1099 2392 1154 2476 τῆν
1169 2391 1262 2478 καλῆν
1277 2393 1315 2477 ῆν
1329 2392 1350 2461 δ
1362 2418 1414 2462 σο-

265 2497 323 2579 φάς
343 2504 470 2583 τεχνίτης
489 2494 696 2573 κατεσκεύασε,
725 2493 842 2570 δεικνύς
863 2491 915 2569 τάς
931 2497 1070 2576 ψηφίδας
1089 2494 1142 2573 τάς
1163 2503 1260 2573 καλῶς
1274 2492 1334 2562 ύπδ
1355 2504 1413 2564 τού

263 2606 390 2684 τεχνίτου
410 2608 464 2666 τοῦ
486 2596 606 2685 πράτου
627 2601 669 2673 είς
689 2594 743 2680 τῆν
769 2603 847 2661 ὅτοῦ
869 2598 1010 2679 βασιλέως
1035 2596 1162 2663 7είκόνα
1188 2602 1412 2678 ῧσυντεθείσας,

265 2711 361 2779 καλῶς
378 2705 410 2768 δὲ
427 2700 486 2767 ύπδ
504 2708 557 2766 τοῦ
574 2697 721 2784 9ύστεροῆ
741 2702 783 2774 είς
800 2696 889 2774 κυνδς
906 2697 1026 2783 μορφῆν
1043 2705 1274 2785 μετενεγθείσας,
1296 2702 1346 2768 καλ
1362 2700 1415 2769 διδ

265 2815 318 2889 τῆς
332 2813 391 2872 τῶν
406 2808 550 2887 ψηφίδων
566 2806 728 2883 φαντασίας
742 2798 902 2884 μεθοδεύοι
917 2799 987 2876 τούς
1004 2798 1221 2890 άπειροτέρους,
1243 2802 1314 2882 τούς
1325 2802 1416 2871 κατά·

264 2917 355 2991 ληψιν
371 2912 524 2990 βασιλικῆς
537 2911 656 2991 μορφῆς
669 2901 725 2969 ούκ
738 2906 866 2986 ἔχοντας,
887 2904 938 2968 καί
952 2907 1055 2969 πείθοι
1069 2903 1114 2970 ὅτι
1129 2904 1205 2989 αύτη
1218 2903 1349 2993 ῆσαπρά
1364 2915 1420 2991 τῆς

266 3009 416 3085 άλάπεκος
431 3009 494 3074 ίδέα
512 3011 607 3090 ἐκείνη
624 3009 702 3072 ἐστίν
719 3004 740 3089 ῆ
755 3004 829 3088 καλῆ
844 3013 898 3071 τοῦ
915 3006 1057 3089 βασιλίας
1071 3006 1173 3088 είκοίν,
1194 3048 1236 3060 -
1257 3006 1310 3074 τδν
1325 3006 1419 3077 αύτδν

266 3112 305 3198 δῆ
319 3111 430 3199 τρόπον
444 3113 495 3176 καί
512 3103 595 3177 ούτοι
608 3116 709 3196 γραῶν
724 3108 843 3192 μύθους
859 3106 1115 3194 συγκαττύσαντες,
1141 3117 1176 3155 ¹⁰
1186 3114 1285 3177 ἔπειτα
1298 3109 1420 3197 ῥήματα

266 3218 316 3283 καί
339 3218 427 3294 λίξεις
447 3216 499 3279 καί
521 3209 693 3299 παραβολάς
714 3210 789 3277 ὅθεν
809 3213 860 3276 καί
883 3211 981 3277 πόθεν
1003 3208 1209 3294 άποσποῖντες,
1240 3212 1419 3300 ἐφαρμύζκιν

267 3318 423 3404 βούλονται
448 3324 510 3392 τοῖς
534 3314 644 3397 μύθοις
676 3321 705 3359 ¹¹
719 3311 817 3379 αύτῶν
839 3311 876 3379 τά
898 3313 982 3399 λόγια
1001 3321 1056 3380 τοῦ
1077 3322 1161 3380 θεοῦ.
1205 3318 1267 3382 Καί
1288 3314 1346 3383 ὅσα
1365 3316 1421 3401 μίν

270 3421 394 3499 ηἐντός
414 3426 468 3486 τοῦ
491 3415 695 3502 Πληράματος
717 3414 931 3503 ἐφαρμόζουσιν
952 3414 1119 3502 εἰρήκαμεν.

129 3644 196 3711 Κεφ,
206 3643 254 3707 κη,
342 3626 421 3691 Ὅσα
436 3628 468 3692 δὲ
484 3627 535 3690 καί
551 3632 613 3700 τοῖς
630 3622 713 3699 ἐκτδς
729 3628 783 3688 τοῦ
802 3621 1007 3708 Πληράματος
1024 3620 1122 3689 αύτιδν
1137 3631 1340 3710 προςοικειοῦν
1356 3652 1419 3693 πει·

146 3737 196 3783 ⁹⁸⁸·
211 3727 256 3771 ¹⁵⁸·
268 3735 376 3815 ροδυται
397 3731 429 3794 ἐκ
450 3735 509 3794 τῶν
529 3734 669 3814 γραφῶν,
701 3728 760 3791 ἐστι
783 3732 911 3791 τοιαῦτα.
959 3724 1017 3791 rav
1034 3723 1140 3811 κύριον
1157 3728 1189 3792 ἐν
1206 3735 1270 3804 τοῖς
1285 3726 1422 3813 λαγάνοις

268 3837 321 3897 τού
340 3828 454 3912 κόσμου
471 3828 588 3916 χρόνοις
604 3828 654 3896 διά
671 3835 758 3894 τοῦτο
777 3829 950 3910 ἐληλυθέναι
968 3829 1017 3894 ἐπί
1034 3826 1068 3894 τδ
1087 3826 1190 3906 πάθος
1204 3830 1350 3916 λίγουσιν,
1379 3829 1421 3898 ἵν’

269 3936 397 4020 ἐπιδείξη
422 3930 455 3997 τό
480 3933 547 4017 περὶ
569 3932 620 3998 τόν
643 3935 762 4015 ἐσηατον
783 3938 842 3996 τῶν
865 3928 993 3997 Αίούνων
1018 3929 1139 4017 γεγονός
1161 3931 1280 4013 πάθος,
1310 3936 1363 4000 καλ
1383 3932 1422 4001 δι’

270 4034 362 4102 αὐτοῦ
378 4040 430 4098 ῐῠῦ
446 4036 546 4109 τέλους
562 4034 680 4126 ἐμφῆνη
694 4031 727 4101 τδ
742 4035 823 4110 τέλος
837 4040 891 4116 τῆς
904 4035 969 4119 περὶ
986 4031 1057 4111 τούς
1071 4037 1193 4113 Αίῶνας
1208 4040 1419 4122 πραγματείας·

302 4225 327 4279 9.
345 4220 429 4293 ψυχὰς
445 4226 495 4276 cod.
513 4228 602 4287 γοναί,
620 4230 757 4291 compitum
771 4240 824 4277 ανον
859 4231 893 4277 tat
905 4228 930 4275 ιἰι
944 4228 1010 4277 libris
1025 4226 1204 4296 κακοσννλέτῳ
1219 4225 1304 4297 σοφία.
1327 4230 1425 4283 Μία-

269 4298 314 4345 Ver.
330 4298 470 4354 merprete.»
495 4295 587 4354 Reliqui
604 4296 658 4344 λίονι·
674 4291 792 4363 ψυχικὰς.
857 4299 944 4357 ίτνφτει
962 4296 1030 4346 habet
1049 4312 1112 4363 quae
1131 4304 1219 4363 aptant
1239 4312 1270 4345 ex
1290 4294 1424 4349 dominici·

304 4362 362 4413 Cn.
375 4361 469 4411 XXVI.
488 4389 519 4399 -
542 4361 563 4408 1.
581 4356 630 4413 οἷον
647 4365 697 4412 cod.
714 4365 768 4413 Ven.
860 4362 965 4431 eloquiis
983 4362 1049 4413 male
1067 4364 1208 4431 componito
1225 4364 1405 4431 phontumti.

302 4430 326 4482 9.
341 4430 376 4482 ίλα
388 4430 438 4480 οοιλ
450 4433 504 4480 Vm.
529 4429 581 4478 Voc.
595 4431 720 4501 φαντασίᾳ
733 4436 825 4481 tuemur
891 4432 916 4481 3.
934 4429 1074 4497 ἐπιμελῶς,
1100 4435 1164 4497 φασδ
1177 4434 1249 4497 υυίςα
1264 4434 1425 4497 duflum,

268 4504 338 4550 ιιαιιιι
359 4499 426 4549 codd.
445 4501 541 4548 σοίοικλ
565 4502 586 4546 et
607 4500 674 4548 Βοσί.
690 4501 824 4560 Ephrem.
857 4501 933 4550 οδίιοι·
946 4501 975 4550 δι
989 4504 1126 4552 anamim
1139 4502 1192 4552 ωιλ.
1206 4503 1293 4553 Vm.
1319 4504 1425 4555 mut

269 4571 295 4618 λ’.
311 4567 392 4619 (ἕτεοίί
401 4570 423 4615 ιλ
433 4567 544 4616 ίίαιεαιίι·
554 4567 674 4617 aduncam.
700 4568 773 4629 λἰιίςο
783 4580 823 4616 ex·
857 4570 929 4617 ιλίωιι
940 4569 1009 4619 cod&
1021 4564 1084 4620 σολοζ
1098 4574 1121 4621 ιλ
1130 4570 1199 4621 Βαάλ.
1210 4568 1341 4634 W
1353 4572 1425 4635 ml
