3046 5084
82 477 148 544 Κεφ.
165 472 197 543 γ’.

216 329 277 392 436
639 339 760 391 οιοοτι
778 339 948 390 mmmm

292 456 361 521 Ὅτι
383 458 414 521 δὲ
431 459 536 537 φίλτρα
552 458 602 519 καί
621 453 755 541 άγοίγιμα
770 454 846 539 πρός
863 454 896 521 τό
915 456 966 520 καλ
983 464 1046 531 τοῖς
1060 453 1198 539 σάμασιν
1217 456 1327 525 αῦτιῦν
1343 462 1384 527 ἐν·

215 566 340 644 υβρίζειυ
356 562 472 641 ἐμποιεῖ
486 551 573 633 οὗτος
590 555 607 622 ό
624 557 754 642 Μάρκος
771 560 863 633 ἐνίαις
877 565 937 622 τοῖν
954 566 1117 644 γυναικῶν,
1150 562 1179 624 εἰ
1195 563 1254 626 καί
1271 560 1315 645 μῆ
1331 561 1384 629 πά·

216 686 294 742 σαις,
318 654 404 726 αὗται
419 659 560 736 πολλάκις
575 663 787 744 ἐπιστρέψασαι
804 663 845 735 είς
861 659 915 744 τῆν
930 664 1084 744 ἐκκλησίαν
1099 670 1156 727 τοῦ
1170 670 1258 729 θεοῦ
1274 666 1382 749 έξεοριο-

215 764 377 850 λογῆσαντο
401 766 451 828 καλ
472 761 547 828 κατά
573 761 606 828 τό
629 771 713 845 σῶμα
734 760 916 845 ῆχρειῦσθαι
937 759 988 827 ὑπ’
1008 760 1118 845 αῦτοῦ,
1150 768 1207 831 καλ
1231 768 1383 850 ἐρωτιεῦς

214 869 296 934 πάνυ
314 865 405 932 αὐτόν
419 867 627 947 πεφιληκέναι·
658 864 729 941 ὅςτε
742 867 794 931 καλ
810 864 951 931 διάκονόν
966 892 1031 930 τινα
1044 873 1104 931 τῶν
1120 868 1154 933 ἐν
1167 875 1208 958 τῇ
1221 865 1311 959 Ἀσίηι
1324 876 1382 937 τᾶν

214 968 381 1056 ῆμετέρων,
409 967 628 1051 ὑποδεξάμενον
647 966 738 1032 αῦτόν
756 971 796 1043 είς
811 966 864 1033 τόν
882 965 966 1034 οίκον
983 965 1076 1034 αῦτοῦ
1095 980 1274 1054 περιπεσεῖν
1289 971 1379 1063 ταῦιη

213 1081 248 1162 τῆ
267 1078 423 1158 συμφορᾷ,
453 1078 506 1153 τῆς
521 1069 661 1156 γυναικός
678 1069 772 1135 αῦτοῦ
789 1068 920 1146 εὐειδοῦς
934 1068 1138 1156 όπαρχοάσης,
1161 1075 1218 1137 καλ
1233 1071 1294 1159 τῆν
1307 1072 1379 1161 γνό·

215 1202 273 1258 μην
289 1177 340 1239 καὶ
356 1171 389 1238 τό
407 1181 490 1255 σῶμα
507 1176 726 1257 διαφθαρείσης
742 1169 802 1237 ῦπδ
816 1179 871 1238 τοῦ
888 1172 986 1259 μάγου
1001 1171 1124 1252 τοῦτον,
1147 1177 1203 1239 καλ
1222 1178 1376 1255 ἐξακολου-

115 1326 119 1337 ,
213 1275 351 1359 θησάσης
366 1274 445 1363 αὐτῷ
459 1283 555 1363 πολλῆ)
565 1281 605 1363 τῷ
620 1275 723 1364 χρόνῳ.
751 1272 875 1339 Ἔπειτα
888 1274 960 1357 μετά
975 1281 1086 1342 πολλοῦ
1099 1275 1204 1343 κόπου
1220 1286 1285 1346 τῦν
1298 1278 1375 1347 αἰδελ.

214 1386 281 1461 φῶν
298 1376 537 1462 ἐπιστρεψάντων
557 1374 680 1458 1αῦτῆν,
701 1375 753 1442 τόν
768 1377 885 1442 άπαντα
898 1379 1006 1462 χρόνον
1019 1381 1280 1465 ἐξομολογουμένη
1293 1382 1376 1449 διιτέ-

213 1491 291 1560 λεοε,
313 1488 467 1545 πενθοῦσα
481 1482 530 1544 καλ
548 1487 702 1564 θρηνοῦσα
717 1477 763 1559 ἐφ’
780 1472 799 1568 ᾗ
816 1482 929 1544 ἐπαθεν
944 1477 1004 1546 όπό
1019 1486 1073 1545 τοῦ
1088 1478 1190 1565 μάγου
1207 1486 1374 1573 διαφθορᾷ.

215 1586 276 1648 Καὶ
292 1585 424 1666 μαθηταὶ
443 1583 475 1647 δέ
490 1579 582 1647 αὐτοῦ
597 1607 673 1656 τινες
688 1587 919 1667 περιπολίζοντες
935 1585 992 1648 λέν
1006 1591 1068 1659 τοῖς
1082 1580 1189 1661 αῦτοῖς
1207 1587 1375 1665 ἐξαπατῶ·

213 1712 259 1762 τες
273 1683 448 1772 γυναικάρια
463 1682 554 1748 πολλά
571 1686 760 1770 διέφθειραν,
783 1689 907 1760 τελείους
921 1682 1045 1760 ἐαυτοῦς
1061 1682 1319 1773 ἀναγορεύοντες,
1338 1686 1375 1767 ὅς

93 1820 144 1865 pag.
158 1807 202 1851 τοο.
218 1788 343 1872 μηδενός
361 1790 525 1871 δυναμένου
544 1790 722 1869 ἐξισωθῆναι
742 1793 783 1875 τῷ
798 1789 916 1873 μεγέθει
936 1793 989 1870 τῆς
1004 1785 1143 1872 γνάσεως
1160 1787 1286 1872 αῦτῦν,
1313 1788 1375 1875 μηδ

211 1891 249 1956 δυ
266 1898 403 1969 Παῦλον,
435 1887 501 1972 μηδ’
518 1887 555 1953 δν
575 1892 690 1973 Πέτρον
707 1894 808 1978 είπης,
840 1887 908 1971 μηδ’
923 1888 1009 1955 ἄλλον
1023 1888 1089 1955 τινά
1106 1896 1171 1957 τῶν
1188 1890 1373 1971 άποστόλιε,

212 1992 282 2058 άλλά
301 1998 389 2058 πλείω
408 1991 526 2057 πάντων
542 1994 713 2077 ἐγνωκέναι,
735 1994 787 2056 καλ
803 1989 835 2056 τό
852 1994 979 2077 μέγεθος
993 2000 1046 2076 τῆς
1059 1990 1201 2078 γνοίσεως
1215 2002 1274 2081 τῆς
1288 1994 1373 2083 άρρῆ-

210 2122 264 2160 του
283 2094 460 2178 Ε’δυνάμεως
476 2093 588 2176 μόνους
604 2096 861 2173 καταπεπωκέναι,
891 2092 966 2160 είναί
981 2120 1011 2160 τε
1029 2092 1141 2172 αῦτοῦς
1160 2098 1195 2163 ἐν
1209 2096 1290 2181 ῦψει
1302 2095 1372 2183 νἰδρ

211 2206 309 2263 πᾶσαν
325 2197 464 2280 δύναμιν·
488 2194 535 2261 διό
550 2199 601 2260 καὶ
618 2199 781 2281 ἐλευθέρως
794 2195 892 2261 πάντα
908 2195 1064 2282 πράσσειν,
1086 2199 1206 2281 μηδένα
1222 2202 1259 2267 έν
1274 2202 1373 2285 md

211 2299 309 2383 φόβον
331 2302 457 2383 ἐχοντας.
501 2296 560 2362 Λιά
583 2296 637 2383 γάρ
660 2297 714 2382 τῆν
734 2296 936 2384 άπολάτρωσιν
951 2297 1138 2384 άκρατῆτονς
1155 2304 1211 2369 καί
1227 2298 1372 2393 άοράτσνς

209 2408 343 2489 γίνεσθαι
360 2410 401 2489 τῷ
420 2407 513 2489 κριτῆ.
560 2404 603 2464 Et
619 2401 652 2465 δέ
669 2402 719 2465 καλ
739 2400 908 2484 ἐπιλάβοιτο
926 2399 1038 2482 αῦτῦν,
1069 2402 1285 2486 παραστάντες
1298 2404 1371 2495 (δή

210 2505 280 2588 μετά
299 2512 351 2587 τῆς
369 2501 598 2587 άπολυτράσεως
616 2502 685 2567 τάδε
703 2506 829 2584 είποιεν,
853 2497 894 2568 Ὦ
910 2502 1038 2591 πάρεδρε
1055 2510 1134 2570 θεοῦ
1153 2508 1211 2573 καί
1231 2514 1371 2593 μυστικῆς

211 2606 293 2692 4πρό
311 2610 419 2681 αἰῶνος
436 2611 545 2690 Σιγῆς,
576 2604 615 2687 ῆν
631 2603 667 2669 τά
685 2607 795 2691 μεγέθη
813 2604 974 2683 διαπαντός
989 2608 1136 2690 βλέποντα
1153 2606 1191 2675 τδ
1210 2610 1370 2697 πρόςιιεε

209 2717 262 2774 τοῦ
280 2707 391 2793 πατρός
407 2706 506 2795 ὁδηγῷ
523 2730 570 2773 σοι
586 2709 637 2772 καί
654 2714 864 2794 οπροςαγωγεῖ
876 2707 1035 2793 θγροίμενα
1048 2705 1232 2777 άνασπῦσιν
1246 2710 1313 2781 ῦνι
1323 2710 1370 2789 d:

211 2809 308 2875 αὐτῶν
322 2810 451 2895 μορφάς,
469 2810 505 2885 ῦς
520 2808 541 2893 ῆ
554 2808 763 2895 μεγαλότολμος
779 2814 875 2894 ἐκείνη
892 2816 1174 2893 7φαντασιασθεῖσα
1187 2812 1244 2881 διδ
1256 2814 1294 2883 τδ
1306 2812 1370 2903 α’γι·

210 2911 271 2978 θδν
287 2921 340 2978 τοῦ
357 2912 546 2998 προπάτορος
560 2910 736 2997 προεβάλετο
751 2910 830 2996 ἡμᾶς
845 2911 897 2990 τάς
909 2912 1043 2993 εἰκόνας,
1064 2912 1131 2981 τότε
1147 2914 1371 3003 ἐνθῦριιοντότ

210 3014 270 3080 άνω
288 3013 327 3092 οδς
344 3013 483 3080 ἐνύπνιον
500 3017 621 3097 ἐγουοα,
646 3013 713 3080 ἰδοῦ
726 3013 744 3081 δ
757 3014 860 3101 κριτῆς
873 3015 974 3103 έγγδς,
996 3018 1048 3082 καί
1064 3013 1197 3103 ότιῆρῦξ
1210 3044 1252 3103 με
1266 3018 1370 3087 affl

210 3115 429 3203 ἀπολογεῖσθαι.
472 3116 520 3181 Σά
537 3119 577 3196 δὲ,
604 3115 645 3193 τίς
661 3120 835 3201 ἐπισταμένη
849 3118 885 3183 τά
901 3116 1088 3205 άμφοτέρων,
1109 3116 1167 3185 τδν
1180 3117 1263 3207 ῦιτδρ
1277 3120 1369 3209 ἄρρι-

208 3222 300 3303 τέρων
315 3218 401 3303 ἡμῶν
416 3219 520 3306 λόγον,
544 3217 583 3295 άς
597 3223 648 3285 ἕνα
665 3219 750 3300 όυτα,
772 3229 813 3311 τῷ
828 3229 913 3310 κριτῆ
929 3219 1127 3307 παράστησον.
1171 3220 1215 3289 Ἦ
1225 3226 1263 3293 δδ
1277 3224 1368 3311 μὴ

207 3325 316 3405 ταχέως
337 3320 487 3388 άκοόσασα
510 3321 621 3387 τούτων
642 3321 696 3406 τῆν
715 3319 877 3409 Ὁμηρικῆν
889 3322 996 3400 Ἀϊδος
1015 3326 1126 3407 κυνέην
1147 3323 1260 3407 αῦτοῖς
1279 3328 1369 3417 ηιλ-

208 3435 300 3508 θηκε,
323 3424 399 3510 πρός
414 3423 446 3489 τό
463 3422 598 3509 άοράτως
612 3428 751 3511 ἐκφυγεῖν
765 3424 818 3491 τόν
831 3426 949 3511 κριτῆν,
971 3428 1023 3492 καλ
1036 3434 1223 3514 παραχρῆμα
1238 3426 1368 3499 M

210 3550 284 3593 σασα
309 3526 418 3603 αὐτοῦς
439 3531 480 3604 είς
501 3525 552 3593 τόν
573 3536 721 3610 νυμφῶνα
743 3527 888 3615 είςῆγαγε,
919 3531 970 3594 καλ
991 3526 1125 3595 άπέδωιιε
1142 3538 1213 3609 τοῖς
1234 3534 1369 3603 ’δασύ

208 3636 356 3712 νυμφίοις.
405 3638 533 3695 Τοιαῦτα
559 3629 620 3713 9δῆ
645 3632 777 3716 λέγοντες
799 3634 851 3696 καλ
873 3630 1048 3716 πράττοντες
1070 3632 1123 3697 καί
1150 3634 1187 3699 έν
1210 3642 1283 3715 τοῖς
1301 3628 1368 3703 Η

209 3729 289 3814 ῆμῦς
306 3736 422 3814 κλίμασι
441 3740 494 3816 τῆς
508 3729 713 3809 Ῥοδανουσίας
730 3731 840 3810 πολλάς
853 3732 1053 3816 ἐξηπατήκασι
1066 3742 1233 3821 γυναῖκας,
1265 3740 1368 3815 αλια

208 3837 486 3917 κεκαυτηριαομέναι
503 3834 557 3917 τῆν
573 3839 738 3918 συνείδησιν
756 3839 790 3900 αί
805 3837 857 3919 μέν
874 3838 926 3902 καὶ
943 3839 985 3913 είς
1005 3834 1140 3922 φανερόν
1157 3840 1367 3931 ἐξομολογὴ

208 3965 265 4016 ται,
289 3941 322 4002 αί
335 3939 367 4002 δέ
383 3937 608 4020 δυςωποάμεναι
621 3944 719 4018 τοῦτο,
741 3935 836 4028 ἡσυχῆ
852 3940 886 4004 δέ
899 3964 964 4015 πως
977 3936 1084 4015 ἑαυτάς
1098 3934 1368 4031 dammim*

208 4047 283 4123 ζωῆς
299 4047 352 4104 τοῦ
369 4048 460 4119 θεοῦ,
491 4044 567 4105 ἔνιαι
585 4041 637 4123 μέν
654 4043 696 4117 είς
712 4039 745 4105 τό
761 4042 897 4117 παντελές
914 4040 1096 4125 άπέστησαν,
1126 4042 1208 4111 δνται
1224 4046 1262 4113 δδ
1279 4048 1365 4133 δὴ·

208 4147 405 4227 φοτερίζουσι,
437 4144 487 4208 καὶ
508 4140 540 4208 τό
565 4150 617 4226 τῆς
641 4147 801 4229 παροιμίας
820 4142 1009 4225 πεπόνθασι,
1039 4142 1112 4229 μήτε
1132 4146 1193 4225 ἔξω
1215 4146 1296 4235 μήτε
1312 4150 1366 4221 h

241 4365 299 4415 (λιν.
310 4368 351 4415 111.
364 4394 398 4404 -
415 4367 436 4415 1.
451 4361 530 4431 ου’τῆν
543 4370 593 4418 cod.
604 4371 679 4420 λἰιιελ,
704 4372 764 4422 σου·
831 4365 855 4421 4.
871 4370 1010 4437 προαιῦνος
1025 4371 1078 4421 cod.
1092 4372 1176 4425 Ρατίε.
1196 4388 1249 4443 με
1272 4388 1365 4431 ss

207 4438 281 4497 spirat
298 4437 343 4484 Vct.
361 4438 481 4496 interpres.
518 4438 590 4499 λἰιίρο
608 4432 683 4504 αῦτῆ.
796 4440 864 4489 habet
882 4442 929 4490 Vct.
946 4442 1037 4491 λιτοοτλ
1048 4440 1178 4501 Iulum.

240 4503 264 4552 ¹).
281 4502 307 4551 in
321 4503 407 4551 iisdem
421 4502 509 4552 studiis
522 4511 580 4554 τεολτ
594 4510 660 4557 verm
672 4509 763 4557 nilum.
830 4509 854 4558 5.
871 4506 1023 4575 προςαγοεηῆ
1040 4508 1094 4559 ωδ.
1113 4508 1195 4561 VM.

239 4570 264 4621 3.
281 4569 433 4637 δυναμένους
448 4573 499 4622 τοιλ
516 4574 590 4623 λἰιιιλ.
829 4572 855 4627 6.
870 4577 923 4627 λοιιι
939 4578 1031 4629 dudm
1046 4576 1084 4627 δία
1099 4586 1260 4637 m
1269 4592 1306 4639 ι
1318 4582 1363 4639 Ι.
