3046 5084
417 317 551 369 PhNhllll
568 318 631 373 Ltn.
647 319 666 371 Ι.
685 317 767 373 ΤΟΜ.
779 319 824 371 ΙΙΙ.
841 318 940 369 nasu.
954 319 1022 368 xut.
1238 307 1298 367 551

142 432 242 501 lanohi
263 445 294 499 et
308 433 391 501 Petri
410 434 550 522 Paulique
569 437 759 503 successione
781 458 888 509 nonum
912 438 1007 502 locum
1032 436 1160 500 terrebat.
1208 431 1302 500 Cuius

141 538 246 621 dogma
268 560 332 602 uuor
353 540 530 623 reliquorum
551 561 624 623 quos
640 540 877 603 enumeravimus
896 540 1109 603 haereticorum
1128 537 1212 621 nugis
1231 559 1301 600 con·

140 641 271 704 sentiens
293 641 361 705 licet
380 643 455 705 idem
479 663 545 707 esse
564 643 715 719 rideatur,
747 642 878 705 nonnihil
899 653 995 703 tarraco
1015 641 1177 725 discrepat,
1208 651 1300 703 otest

97 754 103 769 ⁸
141 743 315 807 huiusmodi.
362 741 429 806 Duo
446 745 566 828 perinde
582 755 669 828 atque
685 745 733 808 alii
748 742 895 827 l’riocipin
913 742 1032 820 statuit,
1057 764 1090 805 ao
1108 743 1178 805 deos
1197 741 1300 806 videli-

139 856 187 909 cet
208 846 299 925 alnos,
333 846 438 909 honum
463 847 606 925 alterum,
639 860 668 911 et
690 850 820 930 ignotum
842 846 993 923 omnihus,
1026 867 1110 928 «piram
1134 855 1163 907 et
1182 841 1299 908 l’atrem

139 945 207 1011 lesu
226 947 405 1026 nominarit,
435 949 560 1023 alterum
578 960 759 1025 creatorem,
790 950 895 1011 malurn
916 959 945 1011 et
960 947 1126 1031 cognitum,
1151 945 1199 1029 qui
1221 957 1250 1008 et
1269 947 1298 1009 in

138 1051 204 1133 lege
221 1051 336 1114 locutus
353 1061 382 1113 et
397 1051 544 1135 prophetis
560 1052 704 1137 apparuit,
720 1073 756 1114 ac
770 1072 804 1115 sc
818 1051 972 1115 videndum
986 1070 1199 1134 saepenumero
1215 1070 1299 1133 prae·

140 1151 212 1216 huit.
260 1149 409 1216 Christum
428 1165 515 1239 negat
531 1175 547 1215 a
563 1151 660 1217 Maria
677 1153 825 1237 genitum,
850 1164 900 1217 aot
917 1174 1004 1215 carrae
1020 1172 1125 1214 revera
1142 1151 1232 1215 luisse
1248 1172 1297 1216 ve-

137 1255 256 1334 stitum,
289 1255 339 1319 sed
359 1256 500 1319 eiusmodi
517 1256 616 1340 speeie
634 1267 720 1319 tenus
737 1257 891 1334 extitisse,
925 1266 953 1316 ct
971 1254 1141 1338 apparuisse
1159 1253 1244 1315 talem
1263 1275 1297 1316 ac

136 1356 237 1442 specie
259 1357 323 1421 sola
344 1357 483 1421 universa
507 1358 625 1422 lenisse.
673 1355 752 1422 ldem
770 1379 924 1442 corporum
945 1357 1190 1419 ressurrectionem
1211 1375 1297 1440 repu-

137 1458 212 1539 diat,
247 1471 332 1523 vetus
353 1471 576 1538 testamentum,
612 1463 686 1544 quod
710 1482 762 1545 per
779 1457 908 1545 Moysen
931 1481 964 1520 ac
984 1459 1139 1543 prophetas
1160 1458 1296 1521 traditum

137 1571 200 1638 est,
236 1570 370 1646 tarrquom
394 1562 521 1627 alienum
546 1585 561 1626 a
586 1564 641 1626 deo
667 1563 773 1627 reiicit.
827 1559 977 1627 Christum
1002 1583 1017 1623 e
1041 1561 1125 1625 curlo
1149 1571 1236 1644 atque
1259 1559 1295 1622 ah

137 1663 238 1746 ignoto
256 1661 346 1728 Patre
365 1665 554 1729 descendisse
577 1666 643 1728 ideo
665 1676 763 1749 putat,
796 1675 827 1729 ut
848 1666 893 1728 hio
913 1665 1009 1726 muudi
1030 1662 1190 1726 conditoris
1208 1672 1295 1745 atque

136 1766 246 1852 opillcis
269 1767 421 1851 imperium
445 1789 479 1829 ac
502 1768 685 1852 tyrannidem
705 1777 870 1844 everteret,
904 1768 930 1828 id
950 1767 1024 1849 quod
1044 1765 1119 1828 aliae
1138 1765 1294 1849 pleraeque

135 1868 275 1933 haereses
297 1869 479 1933 existimant.
527 1867 640 1933 lloniae
663 1869 753 1952 igitur
773 1870 855 1933 brevi
879 1870 926 1931 illa
948 1881 1078 1951 tempore
1098 1877 1295 1929 commoratus

135 1993 219 2036 suarm
242 1969 388 2035 Marcioni
413 1971 495 2036 virus
518 1972 660 2056 aspersit,
685 1992 769 2054 quem
793 1972 880 2035 ctiam
905 1991 1107 2033 successorem
1133 1968 1243 2037 hahuit.

220 2175 330 2240 Verum
351 2199 416 2240 cum
441 2198 500 2241 noo
520 2177 615 2240 ocinus
634 2176 742 2239 ceteris
761 2176 892 2239 haeresis
919 2175 972 2238 ista
991 2174 1167 2260 deprehendi
1191 2195 1226 2236 ac
1248 2195 1294 2237 re·
1315 2184 1373 2249 esp.
1394 2184 1424 2232 tt.

134 2279 237 2364 dargui
257 2280 342 2343 lacile
358 2279 468 2364 possit,
493 2280 593 2363 pannis
609 2300 683 2365 quae
699 2281 735 2342 ad
752 2301 816 2343 eam
833 2279 982 2364 pertinent
996 2277 1191 2360 complectar,
1217 2277 1295 2340 eius·

134 2403 191 2466 que
213 2383 392 2447 refellendae
415 2382 451 2445 ab
473 2381 530 2444 illis
552 2381 622 2464 ipsis
641 2403 743 2445 eornm
760 2381 886 2445 decretis
904 2380 1015 2443 initium
1035 2399 1193 2441 arcessam.
1243 2376 1294 2441 Et-

113 2475 212 2553 ¹cuim
234 2486 291 2550 duo
315 2483 402 2548 simul
424 2505 522 2549 rerum
546 2504 613 2548 esse
631 2481 779 2570 Principia
800 2504 981 2568 nequaquam
1000 2502 1087 2566 posse
1107 2480 1293 2545 manifestum

134 2599 191 2653 est.
236 2585 315 2651 Nam
337 2597 387 2655 aut
409 2587 465 2650 duo
488 2586 523 2649 ab
547 2609 604 2649 uno
627 2598 783 2652 manarunt
803 2587 918 2670 aliquo,
949 2596 1000 2649 aut
1023 2607 1111 2648 uuum
1133 2585 1293 2648 secundum

133 2702 196 2766 est,
221 2691 344 2752 alterum
360 2688 482 2752 secandi
498 2710 601 2753 caussa
616 2711 718 2753 rursus
733 2712 767 2752 ac
782 2689 982 2779 principium
1014 2685 1222 2770 Quacreodum
1240 2687 1293 2770 igi-

134 2802 181 2854 tur
202 2805 248 2855 est
270 2813 413 2876 quaenam
433 2791 583 2857 aruhorum
604 2813 709 2855 caussa
732 2793 788 2869 sit,
822 2803 872 2853 aut
890 2793 965 2874 quod
987 2813 1024 2854 rx
1045 2791 1102 2854 illis
1121 2789 1291 2875 principium

132 2896 171 2958 sit
185 2895 319 2970 alterins,
346 2905 376 2957 ut
391 2893 534 2974 diximus3
560 2895 660 2978 sicque
676 2896 711 2957 ad
727 2917 814 2958 unum
830 2895 948 2956 omnino
966 2895 1122 2957 relerearla
1138 2893 1289 2974 cogitatio,

132 2998 208 3081 quod
229 2997 351 3082 primum
370 2997 515 3074 occurrit,
546 3020 562 3059 a
582 3019 638 3081 quo
657 2999 816 3061 secuudum
836 3010 885 3063 aut
904 2998 988 3060 ambo
1008 2998 1055 3060 illa
1077 2996 1221 3081 prolieisci
1242 2996 1291 3057 de·

133 3098 371 3162 monstravimus.
419 3095 485 3161 [luo
509 3120 596 3183 porro
619 3099 705 3162 simul
728 3111 759 3162 nt
778 3097 923 3184 Principia
941 3101 1000 3163 siut
1018 3101 1078 3162 lieri
1099 3098 1213 3181 penitus
1234 3120 1291 3160 noo

132 3212 244 3286 potost3
277 3202 327 3264 sed
352 3222 407 3264 nec
425 3222 512 3264 uuum
532 3211 626 3286 potest
646 3201 681 3264 ah
704 3200 797 3264 altero
815 3203 944 3265 differre.
991 3199 1023 3265 Si
1044 3203 1121 3265 enim
1141 3203 1289 3278 differunt,

131 3305 189 3369 duo
211 3302 270 3370 siot
292 3315 418 3388 oportet.
466 3302 533 3367 Duo
556 3304 674 3367 verosi
697 3315 905 3382 numerentur,
937 3305 1114 3386 singularem
1139 3326 1291 3369 numerum

131 3409 290 3471 excedunt.
338 3403 413 3471 Cum
436 3417 533 3471 autern
557 3407 659 3471 unicus
683 3407 739 3470 istc
766 3428 800 3471 ac
825 3409 934 3492 primus
959 3429 1096 3471 caramerus
1119 3417 1289 3490 quaeratur,

131 3510 188 3574 duo
208 3510 256 3571 illa
272 3506 421 3594 Principia
439 3509 487 3572 uni
508 3531 542 3573 ac
558 3530 694 3596 supremo
709 3508 919 3588 subiicicutur,
945 3531 961 3572 a
979 3532 1035 3594 quo
1054 3509 1135 3572 velut
1153 3531 1170 3572 a
1185 3531 1291 3574 caussa

131 3613 188 3677 duo
208 3611 319 3695 reliqua
339 3612 496 3697 pendeant.
543 3609 650 3697 Neque
668 3611 746 3677 enim
765 3614 821 3677 duo
844 3615 892 3676 illa
913 3623 978 3697 post
994 3612 1171 3696 singularem
1190 3634 1290 3676 nurne-

131 3736 194 3779 rum
220 3726 306 3798 atque
331 3714 447 3777 unicum
473 3716 653 3800 primumque
678 3714 855 3800 Principium
881 3716 925 3779 sui
950 3736 1016 3779 esse
1041 3737 1146 3779 caussa
1170 3727 1292 3801 possunt

130 3817 277 3902 ipsorum,
309 3838 374 3880 cnm
393 3818 552 3901 singularis
572 3839 607 3883 ac
624 3840 779 3905 supremus
799 3818 985 3882 nihilomiuus
1004 3839 1143 3882 iiurueros
1162 3819 1291 3902 inquira-

130 3931 189 3985 tur.
234 3917 395 4004 Fingamus
413 3921 489 3984 enim
508 3921 650 3986 eiusmodi
667 3942 734 3985 esse
751 3923 808 3985 duo
827 3932 857 3985 nt
875 3919 952 3983 iuter
969 3942 1036 3983 seso
1053 3920 1239 3984 consentiant
1256 3944 1290 3984 ac

131 4023 326 4087 communiter
339 4026 502 4106 gaudeant,
534 4023 647 4111 sibique
666 4035 864 4091 consentanea
883 4024 940 4087 siut
958 4024 1101 4104 invicem,
1126 4024 1165 4086 ita
1184 4035 1215 4087 ut
1231 4047 1289 4087 uno

130 4126 248 4190 volente
264 4147 299 4189 ac
316 4125 425 4189 libente
441 4127 601 4191 adhaereat
617 4127 758 4205 alterum,
790 4138 820 4191 et
837 4128 930 4212 ipsum
950 4149 1063 4211 qnoque
1081 4127 1202 4191 alterius
1220 4150 1290 4191 corr·

129 4227 279 4292 iunctione
298 4229 478 4307 delectetur,
502 4249 644 4312 quaenam
662 4250 730 4294 esse
747 4240 843 4319 potest
860 4232 938 4293 iuter
954 4241 1107 4314 utrumque
1126 4231 1290 4294 dissensio?

129 4328 183 4395 Sin
204 4342 302 4395 mutuo
319 4332 501 4394 reluctantur
519 4352 554 4393 ac
572 4331 628 4395 sibi
644 4332 806 4419 aequaliter
820 4332 977 4414 resistunt,
1004 4355 1061 4398 non
1080 4335 1186 4418 poterit
1203 4329 1289 4396 Chri-

126 4487 297 4551 conleeturorn,
321 4486 448 4538 meandum
465 4488 626 4537 anctoritatem
639 4488 690 4543 cod.
759 4486 783 4537 ¹2.
801 4489 914 4550 Suspicor
931 4487 975 4541 nal
993 4485 1029 4549 ul<
1047 4488 1118 4555 loqu

128 4554 225 4617 nomn.
262 4554 336 4619 Vulpo
352 4558 415 4607 estut
433 4552 462 4606 sl.
758 4554 781 4606 3.
800 4558 912 4623 Suspicor
926 4546 1000 4613 elau
1014 4555 1169 4625 συμφωνίας,
1185 4556 1288 4610 xalrett.
