3046 5084
402 375 538 427 rinnau
555 375 618 427 orn.
630 377 650 426 ι.
667 376 748 428 ron.
763 377 808 426 ιιι.
826 376 924 426 naun.
936 376 1018 426 xnrr.
1226 361 1288 425 669

137 511 232 576 neque
249 494 304 557 deo
319 494 361 557 illi
377 495 425 579 qui
444 495 539 580 legem
554 517 589 559 ac
608 495 763 582 propbetas
779 496 859 559 dedit
873 495 948 558 idem
966 496 1014 557 ille
1032 491 1168 558 Christus
1183 493 1288 556 adver-

137 605 230 658 satur.
276 595 353 660 Nam
370 620 423 683 pro
439 619 475 661 eo
493 599 568 682 quod
585 599 662 662 illius
682 598 907 684 pollicitationes
925 598 953 660 in
971 598 1034 682 ipso
1050 605 1286 681 repraesentatae

136 708 220 777 suut,
244 703 285 760 Et
299 723 353 780 per
371 705 475 782 ipsum,
500 700 612 785 inquit,
637 707 728 763 Arnen
744 705 798 763 dei.
847 700 928 764 Deus
948 699 1023 763 enim
1041 710 1125 784 pater
1142 696 1286 782 promisit,
1376 704 1379 711 '

137 799 274 866 Christus
296 823 369 866 vero
393 803 525 866 dominus
547 815 609 866 rata
632 804 681 866 illa
706 804 791 883 lecit,
823 815 852 866 et
871 804 967 866 Amen
989 800 1117 864 adhibuit
1139 800 1194 862 illis
1215 821 1288 883 qnos

135 904 185 968 illa
203 904 358 990 promissio
375 906 568 984 confirmavit,
593 906 698 990 quique
716 917 825 991 patrem
844 906 922 968 illum
940 927 1022 968 suum
1040 913 1224 988 agnoverunt
1240 904 1286 985 qui

135 1006 164 1070 in
183 1007 249 1091 lege
267 1007 380 1071 locutus
398 1021 443 1073 est
460 1031 494 1071 ao
511 1009 696 1072 credentibus
713 1009 850 1072 salutaria
867 1010 941 1071 dona
958 1008 1090 1071 contulit.
1137 1004 1192 1068 His
1210 1005 1285 1067 eninr

134 1109 183 1173 ille
205 1109 304 1174 vorbis
326 1132 397 1174 usus
420 1121 481 1175 est:
504 1116 550 1173 Itu
567 1122 667 1193 puter,
692 1116 757 1193 putu
779 1117 819 1174 ito
838 1115 972 1192 placitum
995 1121 1038 1170 est
1058 1120 1129 1170 unte
1145 1120 1180 1169 te.
1221 1135 1227 1146 ’
1297 1125 1382 1220 ιῖιιιιιὲ.

1329 1209 1336 1233 ,
1376 1208 1380 1217 .

220 1416 322 1483 Schol.
342 1417 369 1481 ll
389 1429 419 1482 et
431 1415 552 1483 XXVI.
587 1424 652 1483 Non
667 1425 739 1483 enchi
752 1443 803 1482 nos
817 1425 891 1501 ipsos
901 1425 1114 1500 praedicamus,
1138 1423 1189 1479 sed
1203 1421 1282 1479 Chri·
1296 1437 1316 1478 ι
1326 1436 1405 1492 cons,
1418 1438 1438 1483 5.

133 1533 206 1582 stum
223 1527 313 1582 lesum
322 1568 330 1596 ,
364 1545 415 1583 nos
436 1527 510 1602 apros
533 1545 599 1584 vero
616 1546 711 1585 seruos
727 1536 834 1585 vestros
849 1546 902 1603 per
918 1529 1019 1585 Iesum.
1069 1527 1202 1600 Quom'um
1218 1526 1286 1582 deus

134 1628 185 1704 qui
203 1627 279 1684 deicit
298 1629 332 1685 de
354 1627 474 1686 tenebris
496 1628 583 1687 lucem
605 1630 805 1707 splendescere.

218 1724 320 1816 Relnt.
339 1724 551 1791 IletXXVl.
585 1725 655 1791 Nun
678 1728 809 1813 seipsos,
840 1729 890 1790 sed
912 1726 1008 1791 lesum
1028 1727 1174 1790 Christum
1195 1726 1287 1788 domi·

134 1849 201 1890 num
217 1840 348 1891 nostrum
367 1828 536 1914 praedicant
554 1831 689 1915 apostoli.
736 1827 835 1912 Quare
854 1852 947 1914 neque
964 1840 1044 1893 secta
1062 1841 1106 1892 est
1124 1830 1196 1907 ulla,
1231 1850 1285 1891 nec

134 1930 259 1994 eeclesia
274 1932 471 2017 apostolorum
488 1932 626 2016 insignita
645 1932 774 1995 nomine.
818 1931 884 1995 Nec
899 1954 1022 2016 unquam
1039 1930 1182 1995 Petraeos
1197 1931 1283 2010 ullos,

133 2044 184 2096 aut
200 2031 376 2111 Paulianos‚
408 2046 458 2098 aut
478 2031 734 2113 Bartholomaeus,
768 2045 818 2098 aut
833 2033 1006 2099 Thaddaeos
1024 2034 1202 2113 audivimus,
1233 2035 1282 2097 sed

131 2156 188 2199 una
207 2137 265 2199 iam
286 2147 342 2200 tum
364 2137 447 2200 initio
467 2137 518 2200 luit
538 2137 735 2223 apostolorum
754 2138 881 2200 omnium
901 2138 1097 2223 praedicatio,
1131 2158 1204 2220 qnae
1224 2158 1283 2199 non

131 2238 273 2323 ipsosmet
287 2240 363 2319 illos,
388 2241 439 2303 sed
454 2240 600 2303 dominum
617 2237 712 2304 lesum
730 2237 880 2304 Christum
898 2241 1094 2304 tantummodo
1108 2237 1281 2303 celebraret.

133 2336 180 2404 Oh
198 2341 227 2403 id
247 2343 390 2406 ecclesiae
408 2351 513 2406 nomeu
531 2364 620 2406 unum
636 2364 737 2408 omues
752 2344 970 2429 imposuerunt:
995 2364 1052 2405 non
1070 2365 1153 2406 suum
1171 2343 1281 2426 utique,

131 2443 183 2506 sed
204 2439 314 2508 Christi
332 2442 411 2525 lesu,
436 2467 501 2509 oum
519 2445 693 2509 Antioohiae
708 2446 830 2531 primum
850 2446 987 2530 appellari
1003 2442 1162 2509 Christiani
1179 2465 1283 2530 coepe·

131 2557 211 2609 runt.
258 2545 343 2630 Quod
362 2549 475 2631 quidem
494 2548 585 2611 solam
604 2549 639 2611 ad
657 2548 828 2612 catholicam
847 2548 1000 2612 ecclesiam
1021 2547 1174 2624 convenit,
1210 2568 1283 2631 quae

132 2648 211 2712 nullo
228 2649 286 2712 alio
301 2671 385 2734 quam
402 2646 512 2715 Christi
529 2652 645 2714 nomine
661 2652 792 2737 praedito
807 2649 1040 2715 Christianorum
1057 2650 1199 2728 ecelesia,
1225 2672 1283 2712 nou

132 2746 333 2830 Christorum,
358 2753 479 2816 dicitur:
511 2756 584 2817 adeo
600 2766 630 2817 ut
647 2775 712 2818 cum
730 2775 805 2818 unus
820 2755 867 2817 ille
884 2753 939 2831 sit,
964 2755 1059 2838 plures
1079 2753 1227 2816 tamenab
1246 2774 1282 2815 eo

132 2850 292 2918 Christiani
318 2856 515 2919 nominentur.
567 2857 614 2920 Ab
644 2857 697 2920 hac
720 2857 844 2920 ecclesia
871 2857 991 2940 eiusque
1013 2856 1205 2941 praeconibus
1234 2856 1281 2918 ubi

131 2955 320 3035 discesseris,
353 2958 481 3042 reliquae
498 2979 600 3024 omnes
617 2959 692 3024 haud
708 2961 809 3023 eadem
825 2971 894 3023 nota
912 2970 1061 3037 constant,
1092 2981 1164 3043 quae
1182 2960 1282 3022 adiun-

130 3060 184 3123 ctis
199 3060 363 3124 nominibus
376 3072 464 3146 atque
480 3063 616 3148 epithetis
632 3073 786 3138 vocantur,
812 3061 1052 3126 Manichaeorum
1070 3063 1216 3142 videlicet,
1237 3063 1283 3126 Si-

128 3163 348 3240 mouiauorum‚
374 3163 615 3242 Valentinorum‚
641 3164 878 3242 Ebionaeorum,
908 3166 1011 3248 quibus
1031 3177 1058 3228 et
1076 3176 1123 3243 tu,
1153 3164 1279 3242 Marcio,

129 3267 364 3330 annumerandus
382 3288 431 3346 es,
457 3269 538 3332 euius
554 3289 659 3331 nomen
676 3268 840 3331 inscribunt
854 3268 873 3329 ii
891 3268 963 3345 sibi,
988 3290 1060 3351 quos
1078 3279 1138 3331 tute
1155 3268 1184 3330 in
1201 3290 1282 3330 erro-

128 3389 190 3431 rem
210 3369 380 3448 iuduxeris,
414 3372 578 3454 utpotequi
598 3371 739 3456 teipsum,
774 3393 830 3432 non
853 3367 1020 3449 Christum,
1054 3371 1279 3453 praedicareris.

130 3469 208 3533 Tum
227 3472 341 3534 demum
360 3473 508 3555 inquiunt,
541 3479 615 3534 Deus
632 3479 683 3555 qui
695 3478 773 3534 deicit
784 3477 818 3532 de
837 3475 957 3533 tenebris
972 3477 1163 3552 splendescere
1180 3478 1277 3535 lucem.

129 3571 204 3656 Quis
227 3573 273 3636 bio
296 3575 368 3637 deus
391 3586 436 3638 est
455 3576 509 3639 nisi
528 3598 602 3639 unus
620 3575 685 3655 itte,
719 3576 766 3660 qui
783 3576 856 3661 apud
874 3575 1041 3660 prophetam
1060 3598 1076 3639 e
1093 3575 1220 3640 tenebris
1238 3577 1281 3640 lu·

128 3695 194 3739 men
210 3678 356 3740 ostendit?
379 3679 432 3740 hoc
448 3689 493 3742 est
509 3701 547 3742 ex
562 3678 722 3757 bominum,
747 3679 917 3742 infidelitate
932 3689 961 3740 et
976 3679 1104 3755 inscitia,
1129 3701 1181 3764 per
1195 3676 1281 3743 Chri·

128 3788 204 3842 stum
221 3781 314 3843 lucent
330 3802 364 3843 ac
381 3780 531 3845 seientiam
546 3781 575 3844 in
591 3782 727 3845 cordibus
744 3782 853 3845 nostris
868 3781 1020 3844 excitavit.
1060 3781 1117 3877 Qpi
1133 3804 1195 3846 cum
1212 3782 1279 3845 olim

126 3879 205 3944 inter
220 3894 323 3965 gentes
343 3905 563 3948 numeraremur
578 3885 743 3948 simulacris
759 3885 905 3962 addictas,
930 3885 1013 3946 deum
1030 3883 1108 3947 illum
1126 3887 1210 3947 modo
1230 3906 1280 3947 ve·

127 4003 266 4048 neramur
281 3986 329 4068 qui
344 4006 395 4070 per
411 3987 579 4072 prophetam
596 3989 690 4050 lucem
707 4009 788 4050 suam
804 3985 949 4049 illaturum
966 4008 1032 4048 sese
1050 3989 1156 4049 mtrudo
1175 3987 1280 4071 promi·

127 4097 219 4165 serat,
245 4098 275 4149 ut
290 4087 436 4172 intelligas
453 4092 576 4152 eundem
592 4111 686 4173 neque
703 4111 719 4152 a
737 4091 843 4167 veteri,
861 4109 962 4173 ‘neque
978 4112 994 4152 a
1011 4112 1088 4152 noro
1104 4101 1279 4153 testamento

127 4189 285 4270 dissidere,
309 4190 336 4251 id
357 4192 432 4274 quod
451 4192 541 4255 certis
564 4192 612 4254 tihi
633 4191 795 4255 rationibus
812 4193 954 4273 suadere,
979 4190 1112 4272 Marcio,
1137 4192 1277 4272 solemus,

126 4381 296 4430 cmuciatu:
310 4377 454 4441 „-lucem
468 4397 497 4430 ae
511 4379 686 4447 coguitionem,
722 4397 820 4433 crorum
843 4382 951 4434 cultores
975 4399 1085 4443 eramus,
1110 4399 1176 4433 nunc
1197 4393 1279 4432 autem

127 4446 231 4513 quaein
252 4446 351 4498 Christo
369 4447 448 4496 ittuxit
465 4447 490 4497 in
507 4447 620 4498 cordibus
636 4467 684 4500 no·
721 4451 801 4500 Deum
812 4452 979 4518 cognovimus,
995 4451 1037 4518 qui
1048 4461 1107 4500 tunc
1120 4449 1145 4500 in
1156 4451 1279 4518 propheta
1319 4507 1321 4510 ,

126 4513 198 4578 stris,
227 4515 269 4582 qni
286 4514 419 4584 aliquando
438 4525 523 4582 gentes
541 4527 567 4566 et
582 4518 685 4569 simula·
720 4519 849 4586 promisit,
868 4520 948 4570 lucem
965 4527 1015 4570 cett.
