<?xml version="1.0" encoding="UTF-8"?>
<!DOCTYPE html PUBLIC "-//W3C//DTD XHTML 1.0 Transitional//EN"
    "http://www.w3.org/TR/xhtml1/DTD/xhtml1-transitional.dtd">
<html xmlns="http://www.w3.org/1999/xhtml" xml:lang="en" lang="en">
 <head>
  <title>
</title>
<meta http-equiv="Content-Type" content="text/html;charset=utf-8" />
  <meta name='ocr-system' content='tesseract 3.04.00' />
  <meta name='ocr-capabilities' content='ocr_page ocr_carea ocr_par ocr_line ocrx_word'/>
</head>
<body>
  <div class='ocr_page' id='page_1' title='image "./corporishaerese01unkngoog_0583.png"; bbox 0 0 3046 5084; ppageno 0'>
   <div class='ocr_carea' id='block_1_1' title="bbox 203 348 931 411">
    <p class='ocr_par' dir='ltr' id='par_1_1' title="bbox 203 348 931 411">
     <span class='ocr_line' id='line_1_1' title="bbox 203 348 931 411; baseline 0 -2"><span class='ocrx_word' id='word_1_1' title='bbox 203 348 264 410; x_wconf 80' lang='lat'><strong><em>578</em></strong></span> <span class='ocrx_word' id='word_1_2' title='bbox 624 360 746 411; x_wconf 78' lang='grc' dir='ltr'><strong><em>ελνυτι</em></strong></span> <span class='ocrx_word' id='word_1_3' title='bbox 763 360 931 411; x_wconf 71' lang='grc' dir='ltr'><strong><em>τεινειιινιι</em></strong></span> 
     </span>
    </p>
   </div>
   <div class='ocr_carea' id='block_1_2' title="bbox 199 473 1355 1589">
    <p class='ocr_par' dir='ltr' id='par_1_2' title="bbox 202 473 1355 662">
     <span class='ocr_line' id='line_1_2' title="bbox 202 473 1355 559; baseline 0.003 -19"><span class='ocrx_word' id='word_1_4' title='bbox 202 478 270 559; x_wconf 83' lang='grc' dir='ltr'><strong><em>περὶ</em></strong></span> <span class='ocrx_word' id='word_1_5' title='bbox 291 483 344 557; x_wconf 83' lang='grc' dir='ltr'><strong><em>τῇς</em></strong></span> <span class='ocrx_word' id='word_1_6' title='bbox 359 474 467 556; x_wconf 87' lang='grc' dir='ltr'><strong><em>βύτου,</em></strong></span> <span class='ocrx_word' id='word_1_7' title='bbox 496 474 601 550; x_wconf 75' lang='grc' dir='ltr'><strong><em>καθοδς</em></strong></span> <span class='ocrx_word' id='word_1_8' title='bbox 621 478 710 559; x_wconf 92' lang='grc' dir='ltr'><strong><em>λέγει,</em></strong></span> <span class='ocrx_word' id='word_1_9' title='bbox 743 475 857 559; x_wconf 83' lang='grc' dir='ltr'><strong><em>Κύριον</em></strong></span> <span class='ocrx_word' id='word_1_10' title='bbox 874 474 925 540; x_wconf 89' lang='grc' dir='ltr'><strong><em>τόν</em></strong></span> <span class='ocrx_word' id='word_1_11' title='bbox 941 473 1015 540; x_wconf 88' lang='grc' dir='ltr'><strong><em>θεόν</em></strong></span> <span class='ocrx_word' id='word_1_12' title='bbox 1029 473 1163 559; x_wconf 77' lang='grc' dir='ltr'><strong><em>Ἅβραδμ</em></strong></span> <span class='ocrx_word' id='word_1_13' title='bbox 1182 478 1237 542; x_wconf 82' lang='grc' dir='ltr'><strong><em>καλ</em></strong></span> <span class='ocrx_word' id='word_1_14' title='bbox 1253 474 1355 543; x_wconf 81' lang='grc' dir='ltr'><strong><em>Ἰσσδτ</em></strong></span> 
     </span>
     <span class='ocr_line' id='line_1_3' title="bbox 203 575 1103 662; baseline 0 -19"><span class='ocrx_word' id='word_1_15' title='bbox 203 581 254 649; x_wconf 79' lang='grc' dir='ltr'><strong><em>καὶ</em></strong></span> <span class='ocrx_word' id='word_1_16' title='bbox 274 576 392 659; x_wconf 76' lang='grc' dir='ltr'><strong><em>Ἰακώβ.</em></strong></span> <span class='ocrx_word' id='word_1_17' title='bbox 440 575 514 652; x_wconf 89' lang='grc' dir='ltr'><strong><em>Θεδς</em></strong></span> <span class='ocrx_word' id='word_1_18' title='bbox 535 580 567 640; x_wconf 86' lang='grc' dir='ltr'><strong><em>δέ</em></strong></span> <span class='ocrx_word' id='word_1_19' title='bbox 589 580 649 642; x_wconf 81' lang='grc' dir='ltr'><strong><em>ἐστι</em></strong></span> <span class='ocrx_word' id='word_1_20' title='bbox 671 576 801 657; x_wconf 75' lang='grc' dir='ltr'><strong><em>ζεόντων,</em></strong></span> <span class='ocrx_word' id='word_1_21' title='bbox 823 580 872 642; x_wconf 85' lang='grc' dir='ltr'><strong><em>καλ</em></strong></span> <span class='ocrx_word' id='word_1_22' title='bbox 896 576 961 660; x_wconf 82' lang='grc' dir='ltr'><strong><em>ούχλ</em></strong></span> <span class='ocrx_word' id='word_1_23' title='bbox 982 586 1103 662; x_wconf 80' lang='grc' dir='ltr'><strong><em>νεκρῶν.</em></strong></span> 
     </span>
    </p>

    <p class='ocr_par' dir='ltr' id='par_1_3' title="bbox 200 676 1354 962">
     <span class='ocr_line' id='line_1_4' title="bbox 285 676 1354 763; baseline 0.004 -20"><span class='ocrx_word' id='word_1_24' title='bbox 285 679 334 757; x_wconf 83' lang='grc' dir='ltr'><strong><em>νζ’.</em></strong></span> <span class='ocrx_word' id='word_1_25' title='bbox 367 677 430 743; x_wconf 92' lang='grc' dir='ltr'><strong><em>Ούκ</em></strong></span> <span class='ocrx_word' id='word_1_26' title='bbox 453 676 508 761; x_wconf 86' lang='grc' dir='ltr'><strong><em>είχε</em></strong></span> <span class='ocrx_word' id='word_1_27' title='bbox 531 687 635 743; x_wconf 85' lang='grc' dir='ltr'><strong><em>ταῦτα·</em></strong></span> <span class='ocrx_word' id='word_1_28' title='bbox 656 678 729 744; x_wconf 81' lang='grc' dir='ltr'><strong><em>Ὅτι</em></strong></span> <span class='ocrx_word' id='word_1_29' title='bbox 751 680 783 743; x_wconf 80' lang='grc' dir='ltr'><strong><em>δέ</em></strong></span> <span class='ocrx_word' id='word_1_30' title='bbox 800 682 958 763; x_wconf 73' lang='grc' dir='ltr'><strong><em>ἐγείρονται</em></strong></span> <span class='ocrx_word' id='word_1_31' title='bbox 981 682 1012 744; x_wconf 86' lang='grc' dir='ltr'><strong><em>οί</em></strong></span> <span class='ocrx_word' id='word_1_32' title='bbox 1028 682 1126 760; x_wconf 79' lang='grc' dir='ltr'><strong><em>νεκροί</em></strong></span> <span class='ocrx_word' id='word_1_33' title='bbox 1147 683 1201 745; x_wconf 81' lang='grc' dir='ltr'><strong><em>καλ</em></strong></span> <span class='ocrx_word' id='word_1_34' title='bbox 1219 688 1354 763; x_wconf 82' lang='grc' dir='ltr'><strong><em>Μωύσῇς</em></strong></span> 
     </span>
     <span class='ocr_line' id='line_1_5' title="bbox 202 779 1354 867; baseline 0.003 -21"><span class='ocrx_word' id='word_1_35' title='bbox 202 781 343 864; x_wconf 78' lang='grc' dir='ltr'><strong><em>ἐμήνυσε,</em></strong></span> <span class='ocrx_word' id='word_1_36' title='bbox 365 784 455 867; x_wconf 90' lang='grc' dir='ltr'><strong><em>λέγων</em></strong></span> <span class='ocrx_word' id='word_1_37' title='bbox 472 780 544 845; x_wconf 88' lang='grc' dir='ltr'><strong><em>θεόν</em></strong></span> <span class='ocrx_word' id='word_1_38' title='bbox 558 779 691 865; x_wconf 80' lang='grc' dir='ltr'><strong><em>Ἅβραύμ</em></strong></span> <span class='ocrx_word' id='word_1_39' title='bbox 706 783 755 845; x_wconf 81' lang='grc' dir='ltr'><strong><em>καὶ</em></strong></span> <span class='ocrx_word' id='word_1_40' title='bbox 771 780 846 846; x_wconf 87' lang='grc' dir='ltr'><strong><em>θεόν</em></strong></span> <span class='ocrx_word' id='word_1_41' title='bbox 859 780 961 846; x_wconf 82' lang='grc' dir='ltr'><strong><em>Ἰσαδκ</em></strong></span> <span class='ocrx_word' id='word_1_42' title='bbox 976 784 1026 846; x_wconf 85' lang='grc' dir='ltr'><strong><em>καὶ</em></strong></span> <span class='ocrx_word' id='word_1_43' title='bbox 1041 780 1117 847; x_wconf 87' lang='grc' dir='ltr'><strong><em>θεόν</em></strong></span> <span class='ocrx_word' id='word_1_44' title='bbox 1131 780 1261 867; x_wconf 78' lang='grc' dir='ltr'><strong><em>Ἰακοδβ,</em></strong></span> <span class='ocrx_word' id='word_1_45' title='bbox 1283 782 1354 851; x_wconf 89' lang='grc' dir='ltr'><strong><em>θεδν</em></strong></span> 
     </span>
     <span class='ocr_line' id='line_1_6' title="bbox 200 884 324 962; baseline -0.016 -12"><span class='ocrx_word' id='word_1_46' title='bbox 200 884 324 962; x_wconf 78' lang='grc' dir='ltr'><strong><em>ζεόντων.</em></strong></span> 
     </span>
    </p>

    <p class='ocr_par' dir='ltr' id='par_1_4' title="bbox 200 984 1352 1174">
     <span class='ocr_line' id='line_1_7' title="bbox 286 984 1352 1071; baseline 0.004 -20"><span class='ocrx_word' id='word_1_47' title='bbox 286 986 340 1068; x_wconf 79' lang='grc' dir='ltr'><strong><em>νη’.</em></strong></span> <span class='ocrx_word' id='word_1_48' title='bbox 374 984 470 1051; x_wconf 86' lang='grc' dir='ltr'><strong><em>Πόλιν</em></strong></span> <span class='ocrx_word' id='word_1_49' title='bbox 486 988 639 1070; x_wconf 85' lang='grc' dir='ltr'><strong><em>παρέκοψε</em></strong></span> <span class='ocrx_word' id='word_1_50' title='bbox 653 984 702 1061; x_wconf 92' lang='grc' dir='ltr'><strong><em>τό,</em></strong></span> <span class='ocrx_word' id='word_1_51' title='bbox 727 988 798 1071; x_wconf 80' lang='grc' dir='ltr'><strong><em>Θρὶξ</em></strong></span> <span class='ocrx_word' id='word_1_52' title='bbox 814 988 846 1050; x_wconf 87' lang='grc' dir='ltr'><strong><em>έκ</em></strong></span> <span class='ocrx_word' id='word_1_53' title='bbox 858 992 911 1068; x_wconf 74' lang='grc' dir='ltr'><strong><em>τῆς</em></strong></span> <span class='ocrx_word' id='word_1_54' title='bbox 928 994 1057 1069; x_wconf 81' lang='grc' dir='ltr'><strong><em>κεφαλῆς</em></strong></span> <span class='ocrx_word' id='word_1_55' title='bbox 1072 984 1159 1069; x_wconf 74' lang='grc' dir='ltr'><strong><em>ύμοῖν</em></strong></span> <span class='ocrx_word' id='word_1_56' title='bbox 1173 986 1212 1053; x_wconf 93' lang='grc' dir='ltr'><strong><em>ού</em></strong></span> <span class='ocrx_word' id='word_1_57' title='bbox 1227 987 1270 1071; x_wconf 77' lang='grc' dir='ltr'><em>μή</em></span> <span class='ocrx_word' id='word_1_58' title='bbox 1282 986 1352 1055; x_wconf 82' lang='grc' dir='ltr'><strong><em>όπό-</em></strong></span> 
     </span>
     <span class='ocr_line' id='line_1_8' title="bbox 200 1098 291 1174; baseline 0.011 -22"><span class='ocrx_word' id='word_1_59' title='bbox 200 1098 291 1174; x_wconf 90' lang='grc' dir='ltr'><strong><em>ληται.</em></strong></span> 
     </span>
    </p>

    <p class='ocr_par' dir='ltr' id='par_1_5' title="bbox 199 1189 1351 1479">
     <span class='ocr_line' id='line_1_9' title="bbox 284 1189 1351 1280; baseline 0.005 -27"><span class='ocrx_word' id='word_1_60' title='bbox 284 1190 342 1255; x_wconf 84' lang='grc' dir='ltr'><strong><em>νθ’.</em></strong></span> <span class='ocrx_word' id='word_1_61' title='bbox 376 1190 471 1255; x_wconf 86' lang='grc' dir='ltr'><strong><em>Πόλιν</em></strong></span> <span class='ocrx_word' id='word_1_62' title='bbox 483 1192 637 1274; x_wconf 83' lang='grc' dir='ltr'><strong><em>παρέκυψε</em></strong></span> <span class='ocrx_word' id='word_1_63' title='bbox 653 1197 756 1254; x_wconf 87' lang='grc' dir='ltr'><strong><em>ταῦτα·</em></strong></span> <span class='ocrx_word' id='word_1_64' title='bbox 785 1190 856 1254; x_wconf 88' lang='grc' dir='ltr'><strong><em>Τότε</em></strong></span> <span class='ocrx_word' id='word_1_65' title='bbox 872 1194 902 1255; x_wconf 90' lang='grc' dir='ltr'><strong><em>οί</em></strong></span> <span class='ocrx_word' id='word_1_66' title='bbox 914 1194 946 1256; x_wconf 77' lang='grc' dir='ltr'><strong><em>ἑν</em></strong></span> <span class='ocrx_word' id='word_1_67' title='bbox 962 1199 998 1279; x_wconf 82' lang='grc' dir='ltr'><strong><em>τῇ</em></strong></span> <span class='ocrx_word' id='word_1_68' title='bbox 1016 1189 1152 1280; x_wconf 71' lang='grc' dir='ltr'><strong><em>Ἰουδαίᾳ</em></strong></span> <span class='ocrx_word' id='word_1_69' title='bbox 1167 1196 1351 1279; x_wconf 71' lang='grc' dir='ltr'><strong><em>φευγέτωσαν</em></strong></span> 
     </span>
     <span class='ocr_line' id='line_1_10' title="bbox 200 1290 1351 1384; baseline 0.003 -28"><span class='ocrx_word' id='word_1_70' title='bbox 200 1296 242 1368; x_wconf 81' lang='grc' dir='ltr'><strong><em>εἷς</em></strong></span> <span class='ocrx_word' id='word_1_71' title='bbox 256 1290 291 1357; x_wconf 81' lang='grc' dir='ltr'><strong><em>τό</em></strong></span> <span class='ocrx_word' id='word_1_72' title='bbox 309 1291 378 1375; x_wconf 89' lang='grc' dir='ltr'><strong><em>όρη,</em></strong></span> <span class='ocrx_word' id='word_1_73' title='bbox 402 1295 451 1357; x_wconf 84' lang='grc' dir='ltr'><strong><em>καὶ</em></strong></span> <span class='ocrx_word' id='word_1_74' title='bbox 470 1290 504 1356; x_wconf 82' lang='grc' dir='ltr'><strong><em>τό</em></strong></span> <span class='ocrx_word' id='word_1_75' title='bbox 524 1293 603 1374; x_wconf 80' lang='grc' dir='ltr'><strong><em>ἕξιῇς·</em></strong></span> <span class='ocrx_word' id='word_1_76' title='bbox 627 1290 677 1356; x_wconf 81' lang='grc' dir='ltr'><strong><em>διό</em></strong></span> <span class='ocrx_word' id='word_1_77' title='bbox 692 1291 725 1357; x_wconf 87' lang='grc' dir='ltr'><strong><em>τό</em></strong></span> <span class='ocrx_word' id='word_1_78' title='bbox 744 1292 975 1377; x_wconf 75' lang='grc' dir='ltr'><strong><em>ἐπιφερόμενον,</em></strong></span> <span class='ocrx_word' id='word_1_79' title='bbox 995 1292 1077 1369; x_wconf 85' lang='grc' dir='ltr'><strong><em>Ἕως</em></strong></span> <span class='ocrx_word' id='word_1_80' title='bbox 1092 1302 1242 1384; x_wconf 86' lang='grc' dir='ltr'><strong><em>πληρωθῇ</em></strong></span> <span class='ocrx_word' id='word_1_81' title='bbox 1259 1294 1351 1361; x_wconf 76' lang='grc' dir='ltr'><strong><em>πάντα</em></strong></span> 
     </span>
     <span class='ocr_line' id='line_1_11' title="bbox 199 1392 446 1479; baseline 0 -21"><span class='ocrx_word' id='word_1_82' title='bbox 199 1392 235 1459; x_wconf 82' lang='grc' dir='ltr'><strong><em>τύ</em></strong></span> <span class='ocrx_word' id='word_1_83' title='bbox 257 1397 446 1479; x_wconf 88' lang='grc' dir='ltr'><strong><em>γεγραμμένα.</em></strong></span> 
     </span>
    </p>

    <p class='ocr_par' dir='ltr' id='par_1_6' title="bbox 282 1495 1350 1589">
     <span class='ocr_line' id='line_1_12' title="bbox 282 1495 1350 1589; baseline 0.004 -30"><span class='ocrx_word' id='word_1_84' title='bbox 282 1496 314 1573; x_wconf 88' lang='grc' dir='ltr'><strong><em>ξ’.</em></strong></span> <span class='ocrx_word' id='word_1_85' title='bbox 346 1495 527 1579; x_wconf 88' lang='grc' dir='ltr'><strong><em>Συνελύλησε</em></strong></span> <span class='ocrx_word' id='word_1_86' title='bbox 542 1506 604 1573; x_wconf 87' lang='grc' dir='ltr'><strong><em>τοῖς</em></strong></span> <span class='ocrx_word' id='word_1_87' title='bbox 616 1506 787 1583; x_wconf 83' lang='grc' dir='ltr'><strong><em>στρατηγοῖς</em></strong></span> <span class='ocrx_word' id='word_1_88' title='bbox 801 1501 851 1562; x_wconf 85' lang='grc' dir='ltr'><strong><em>καὶ</em></strong></span> <span class='ocrx_word' id='word_1_89' title='bbox 866 1496 899 1563; x_wconf 91' lang='grc' dir='ltr'><strong><em>τό</em></strong></span> <span class='ocrx_word' id='word_1_90' title='bbox 914 1506 979 1575; x_wconf 80' lang='grc' dir='ltr'><strong><em>πῶς</em></strong></span> <span class='ocrx_word' id='word_1_91' title='bbox 994 1497 1085 1565; x_wconf 87' lang='grc' dir='ltr'><strong><em>αύτόν</em></strong></span> <span class='ocrx_word' id='word_1_92' title='bbox 1098 1504 1227 1589; x_wconf 80' lang='grc' dir='ltr'><strong><em>παραδῷ</em></strong></span> <span class='ocrx_word' id='word_1_93' title='bbox 1243 1498 1350 1575; x_wconf 80' lang='grc' dir='ltr'><strong><em>οιύτυῑς.</em></strong></span> 
     </span>
    </p>
   </div>
   <div class='ocr_carea' id='block_1_3' title="bbox 76 1699 1348 4556">
    <p class='ocr_par' dir='ltr' id='par_1_7' title="bbox 199 1699 1348 1889">
     <span class='ocr_line' id='line_1_13' title="bbox 285 1699 1348 1791; baseline 0.004 -26"><span class='ocrx_word' id='word_1_94' title='bbox 285 1701 336 1777; x_wconf 60' lang='lat' dir='ltr'><strong><em>gd.</em></strong></span> <span class='ocrx_word' id='word_1_95' title='bbox 368 1705 428 1765; x_wconf 85' lang='grc' dir='ltr'><strong><em>Καὶ</em></strong></span> <span class='ocrx_word' id='word_1_96' title='bbox 451 1699 513 1767; x_wconf 79' lang='grc' dir='ltr'><strong><em>εἷπε</em></strong></span> <span class='ocrx_word' id='word_1_97' title='bbox 533 1710 574 1790; x_wconf 79' lang='grc' dir='ltr'><strong><em>τῷ</em></strong></span> <span class='ocrx_word' id='word_1_98' title='bbox 594 1706 698 1791; x_wconf 82' lang='grc' dir='ltr'><strong><em>Πέτρῳ</em></strong></span> <span class='ocrx_word' id='word_1_99' title='bbox 720 1706 772 1767; x_wconf 83' lang='grc' dir='ltr'><strong><em>καὶ</em></strong></span> <span class='ocrx_word' id='word_1_100' title='bbox 792 1712 855 1778; x_wconf 86' lang='grc' dir='ltr'><strong><em>τοῖς</em></strong></span> <span class='ocrx_word' id='word_1_101' title='bbox 871 1711 1001 1783; x_wconf 79' lang='grc' dir='ltr'><strong><em>λοιποῖς,</em></strong></span> <span class='ocrx_word' id='word_1_102' title='bbox 1030 1702 1225 1783; x_wconf 81' lang='grc' dir='ltr'><strong><em>Ἀπελθόντες</em></strong></span> <span class='ocrx_word' id='word_1_103' title='bbox 1241 1704 1348 1789; x_wconf 69' lang='grc' dir='ltr'><strong><em>ἕτοιμά·</em></strong></span> 
     </span>
     <span class='ocr_line' id='line_1_14' title="bbox 199 1803 794 1889; baseline 0.002 -21"><span class='ocrx_word' id='word_1_104' title='bbox 199 1826 281 1883; x_wconf 87' lang='grc' dir='ltr'><strong><em>σατε,</em></strong></span> <span class='ocrx_word' id='word_1_105' title='bbox 306 1806 356 1868; x_wconf 71' lang='grc' dir='ltr'><strong><em>ἵνα</em></strong></span> <span class='ocrx_word' id='word_1_106' title='bbox 377 1803 518 1889; x_wconf 75' lang='grc' dir='ltr'><strong><em>φάγωμεν</em></strong></span> <span class='ocrx_word' id='word_1_107' title='bbox 539 1803 572 1869; x_wconf 88' lang='grc' dir='ltr'><strong><em>τό</em></strong></span> <span class='ocrx_word' id='word_1_108' title='bbox 595 1804 700 1887; x_wconf 89' lang='grc' dir='ltr'><strong><em>πύσχα.</em></strong></span> <span class='ocrx_word' id='word_1_109' title='bbox 789 1878 794 1887; x_wconf 52' lang='grc'><strong><em>,</em></strong></span> 
     </span>
    </p>

    <p class='ocr_par' dir='ltr' id='par_1_8' title="bbox 198 1904 1348 2177">
     <span class='ocr_line' id='line_1_15' title="bbox 283 1904 1348 1998; baseline 0.004 -29"><span class='ocrx_word' id='word_1_110' title='bbox 283 1905 334 1989; x_wconf 86' lang='grc' dir='ltr'><strong><em>ξβ.</em></strong></span> <span class='ocrx_word' id='word_1_111' title='bbox 366 1909 426 1970; x_wconf 79' lang='grc' dir='ltr'><strong><em>Καὶ</em></strong></span> <span class='ocrx_word' id='word_1_112' title='bbox 443 1905 576 1986; x_wconf 76' lang='grc' dir='ltr'><strong><em>ἀνέπεσε,</em></strong></span> <span class='ocrx_word' id='word_1_113' title='bbox 599 1910 649 1971; x_wconf 85' lang='grc' dir='ltr'><strong><em>καὶ</em></strong></span> <span class='ocrx_word' id='word_1_114' title='bbox 665 1910 696 1972; x_wconf 79' lang='grc' dir='ltr'><strong><em>οἱ</em></strong></span> <span class='ocrx_word' id='word_1_115' title='bbox 709 1907 824 1972; x_wconf 75' lang='grc' dir='ltr'><strong><em>δυόδεκα</em></strong></span> <span class='ocrx_word' id='word_1_116' title='bbox 840 1905 996 1973; x_wconf 87' lang='grc' dir='ltr'><strong><em>όπόστολοι</em></strong></span> <span class='ocrx_word' id='word_1_117' title='bbox 1010 1907 1066 1973; x_wconf 88' lang='grc' dir='ltr'><strong><em>σύν</em></strong></span> <span class='ocrx_word' id='word_1_118' title='bbox 1080 1906 1172 1998; x_wconf 77' lang='grc' dir='ltr'><strong><em>αύτῷ,</em></strong></span> <span class='ocrx_word' id='word_1_119' title='bbox 1195 1912 1249 1975; x_wconf 86' lang='grc' dir='ltr'><strong><em>ιιαλ</em></strong></span> <span class='ocrx_word' id='word_1_120' title='bbox 1262 1904 1348 1985; x_wconf 84' lang='grc' dir='ltr'><strong><em>είττεν,</em></strong></span> 
     </span>
     <span class='ocr_line' id='line_1_16' title="bbox 198 2008 1348 2097; baseline 0.002 -24"><span class='ocrx_word' id='word_1_121' title='bbox 198 2008 371 2097; x_wconf 71' lang='grc' dir='ltr'><strong><em>Ἐπιθυμίᾳ</em></strong></span> <span class='ocrx_word' id='word_1_122' title='bbox 388 2009 562 2093; x_wconf 78' lang='grc' dir='ltr'><strong><em>ἐπεθύμησα</em></strong></span> <span class='ocrx_word' id='word_1_123' title='bbox 580 2018 668 2073; x_wconf 87' lang='grc' dir='ltr'><strong><em>τοῦτο</em></strong></span> <span class='ocrx_word' id='word_1_124' title='bbox 683 2008 715 2073; x_wconf 87' lang='grc' dir='ltr'><strong><em>τό</em></strong></span> <span class='ocrx_word' id='word_1_125' title='bbox 733 2008 830 2093; x_wconf 88' lang='grc' dir='ltr'><strong><em>πόσχα</em></strong></span> <span class='ocrx_word' id='word_1_126' title='bbox 845 2020 952 2096; x_wconf 89' lang='grc' dir='ltr'><strong><em>φαγεῖν</em></strong></span> <span class='ocrx_word' id='word_1_127' title='bbox 968 2009 1035 2093; x_wconf 87' lang='grc' dir='ltr'><strong><em>μεθ’</em></strong></span> <span class='ocrx_word' id='word_1_128' title='bbox 1049 2008 1145 2093; x_wconf 72' lang='grc' dir='ltr'><strong><em>ύμοὶν,</em></strong></span> <span class='ocrx_word' id='word_1_129' title='bbox 1166 2010 1228 2095; x_wconf 86' lang='grc' dir='ltr'><strong><em>πρό</em></strong></span> <span class='ocrx_word' id='word_1_130' title='bbox 1247 2018 1301 2077; x_wconf 85' lang='grc' dir='ltr'><strong><em>τοῦ</em></strong></span> <span class='ocrx_word' id='word_1_131' title='bbox 1317 2034 1348 2093; x_wconf 88' lang='grc' dir='ltr'><strong><em>με</em></strong></span> 
     </span>
     <span class='ocr_line' id='line_1_17' title="bbox 198 2121 316 2177; baseline 0 0"><span class='ocrx_word' id='word_1_132' title='bbox 198 2121 316 2177; x_wconf 85' lang='grc' dir='ltr'><strong><em>παθεῖν.</em></strong></span> 
     </span>
    </p>

    <p class='ocr_par' dir='ltr' id='par_1_9' title="bbox 199 2212 1347 2407">
     <span class='ocr_line' id='line_1_18' title="bbox 283 2212 1347 2301; baseline 0.002 -24"><span class='ocrx_word' id='word_1_133' title='bbox 283 2214 332 2300; x_wconf 87' lang='grc' dir='ltr'><strong><em>ξγ’.</em></strong></span> <span class='ocrx_word' id='word_1_134' title='bbox 367 2214 592 2299; x_wconf 84' lang='grc' dir='ltr'><strong><em>Παρέκοφετό,</em></strong></span> <span class='ocrx_word' id='word_1_135' title='bbox 623 2217 710 2299; x_wconf 89' lang='grc' dir='ltr'><strong><em>Λέγω</em></strong></span> <span class='ocrx_word' id='word_1_136' title='bbox 726 2214 781 2299; x_wconf 83' lang='grc' dir='ltr'><strong><em>γδρ</em></strong></span> <span class='ocrx_word' id='word_1_137' title='bbox 797 2212 882 2297; x_wconf 86' lang='grc' dir='ltr'><strong><em>ύμῖν,</em></strong></span> <span class='ocrx_word' id='word_1_138' title='bbox 915 2212 960 2280; x_wconf 88' lang='grc' dir='ltr'><strong><em>Ού</em></strong></span> <span class='ocrx_word' id='word_1_139' title='bbox 981 2213 1024 2297; x_wconf 76' lang='grc' dir='ltr'><strong><em>μη</em></strong></span> <span class='ocrx_word' id='word_1_140' title='bbox 1045 2214 1132 2301; x_wconf 86' lang='grc' dir='ltr'><strong><em>φύγω</em></strong></span> <span class='ocrx_word' id='word_1_141' title='bbox 1153 2213 1347 2301; x_wconf 82' lang='grc' dir='ltr'><strong><em>αύτδύπαρτλ</em></strong></span> 
     </span>
     <span class='ocr_line' id='line_1_19' title="bbox 199 2320 864 2407; baseline -0.006 -24"><span class='ocrx_word' id='word_1_142' title='bbox 199 2320 254 2394; x_wconf 71' lang='grc' dir='ltr'><strong><em>ἕως</em></strong></span> <span class='ocrx_word' id='word_1_143' title='bbox 274 2326 420 2407; x_wconf 89' lang='grc' dir='ltr'><strong><em>πληρωθῇ</em></strong></span> <span class='ocrx_word' id='word_1_144' title='bbox 443 2320 472 2383; x_wconf 80' lang='grc' dir='ltr'><strong><em>ἐν</em></strong></span> <span class='ocrx_word' id='word_1_145' title='bbox 494 2325 529 2406; x_wconf 89' lang='grc' dir='ltr'><strong><em>τῇ</em></strong></span> <span class='ocrx_word' id='word_1_146' title='bbox 552 2321 681 2404; x_wconf 76' lang='grc' dir='ltr'><strong><em>βασιλεία</em></strong></span> <span class='ocrx_word' id='word_1_147' title='bbox 703 2323 757 2381; x_wconf 82' lang='grc' dir='ltr'><strong><em>τοῦ</em></strong></span> <span class='ocrx_word' id='word_1_148' title='bbox 778 2324 864 2381; x_wconf 84' lang='grc' dir='ltr'><strong><em>θεοῦ.</em></strong></span> 
     </span>
    </p>

    <p class='ocr_par' dir='ltr' id='par_1_10' title="bbox 197 2415 1347 2708">
     <span class='ocr_line' id='line_1_20' title="bbox 281 2415 1347 2507; baseline 0.002 -22"><span class='ocrx_word' id='word_1_149' title='bbox 281 2419 331 2497; x_wconf 81' lang='grc' dir='ltr'><strong><em>ξδ’.</em></strong></span> <span class='ocrx_word' id='word_1_150' title='bbox 365 2422 529 2505; x_wconf 83' lang='grc' dir='ltr'><strong><em>Παρέκοψε</em></strong></span> <span class='ocrx_word' id='word_1_151' title='bbox 549 2417 599 2498; x_wconf 87' lang='grc' dir='ltr'><strong><em>τό,</em></strong></span> <span class='ocrx_word' id='word_1_152' title='bbox 619 2417 696 2483; x_wconf 76' lang='grc' dir='ltr'><strong><em>’Ὅτε</em></strong></span> <span class='ocrx_word' id='word_1_153' title='bbox 712 2415 865 2483; x_wconf 83' lang='grc' dir='ltr'><strong><em>ύπέστειλα</em></strong></span> <span class='ocrx_word' id='word_1_154' title='bbox 881 2417 975 2501; x_wconf 84' lang='grc' dir='ltr'><strong><em>ύμᾶς,</em></strong></span> <span class='ocrx_word' id='word_1_155' title='bbox 1002 2417 1043 2501; x_wconf 77' lang='grc' dir='ltr'><strong><em>μή</em></strong></span> <span class='ocrx_word' id='word_1_156' title='bbox 1064 2444 1144 2495; x_wconf 89' lang='grc' dir='ltr'><strong><em>τινος</em></strong></span> <span class='ocrx_word' id='word_1_157' title='bbox 1160 2416 1347 2507; x_wconf 68' lang='grc' dir='ltr'><strong><em>ύστερύσσττε</em></strong></span> 
     </span>
     <span class='ocr_line' id='line_1_21' title="bbox 197 2518 1347 2606; baseline 0 -19"><span class='ocrx_word' id='word_1_158' title='bbox 197 2527 248 2588; x_wconf 86' lang='grc' dir='ltr'><strong><em>καὶ</em></strong></span> <span class='ocrx_word' id='word_1_159' title='bbox 270 2521 305 2587; x_wconf 80' lang='grc' dir='ltr'><strong><em>τύ</em></strong></span> <span class='ocrx_word' id='word_1_160' title='bbox 327 2524 407 2604; x_wconf 82' lang='grc' dir='ltr'><strong><em>ἕξῆς·</em></strong></span> <span class='ocrx_word' id='word_1_161' title='bbox 438 2520 486 2586; x_wconf 83' lang='grc' dir='ltr'><strong><em>διδ</em></strong></span> <span class='ocrx_word' id='word_1_162' title='bbox 503 2520 552 2600; x_wconf 91' lang='grc' dir='ltr'><strong><em>τό,</em></strong></span> <span class='ocrx_word' id='word_1_163' title='bbox 583 2523 643 2585; x_wconf 82' lang='grc' dir='ltr'><strong><em>Καὶ</em></strong></span> <span class='ocrx_word' id='word_1_164' title='bbox 660 2528 746 2586; x_wconf 85' lang='grc' dir='ltr'><strong><em>τοῦτο</em></strong></span> <span class='ocrx_word' id='word_1_165' title='bbox 765 2519 798 2585; x_wconf 87' lang='grc' dir='ltr'><strong><em>τό</em></strong></span> <span class='ocrx_word' id='word_1_166' title='bbox 815 2523 1014 2606; x_wconf 87' lang='grc' dir='ltr'><strong><em>γεγραμμένον</em></strong></span> <span class='ocrx_word' id='word_1_167' title='bbox 1029 2524 1076 2587; x_wconf 84' lang='grc' dir='ltr'><strong><em>δεῖ</em></strong></span> <span class='ocrx_word' id='word_1_168' title='bbox 1087 2528 1280 2606; x_wconf 77' lang='grc' dir='ltr'><strong><em>τελεσθῆναι,</em></strong></span> <span class='ocrx_word' id='word_1_169' title='bbox 1306 2518 1347 2599; x_wconf 78' lang='grc' dir='ltr'><strong><em>τό,</em></strong></span> 
     </span>
     <span class='ocr_line' id='line_1_22' title="bbox 200 2623 719 2708; baseline -0.004 -19"><span class='ocrx_word' id='word_1_170' title='bbox 200 2628 260 2690; x_wconf 81' lang='grc' dir='ltr'><strong><em>Καί</em></strong></span> <span class='ocrx_word' id='word_1_171' title='bbox 283 2623 354 2706; x_wconf 81' lang='grc' dir='ltr'><strong><em>μετύ</em></strong></span> <span class='ocrx_word' id='word_1_172' title='bbox 377 2623 497 2706; x_wconf 82' lang='grc' dir='ltr'><strong><em>α’νόμων</em></strong></span> <span class='ocrx_word' id='word_1_173' title='bbox 519 2628 719 2708; x_wconf 88' lang='grc' dir='ltr'><strong><em>συνελογίσθη.</em></strong></span> 
     </span>
    </p>

    <p class='ocr_par' dir='ltr' id='par_1_11' title="bbox 197 2722 1345 2913">
     <span class='ocr_line' id='line_1_23' title="bbox 282 2722 1345 2815; baseline 0 -22"><span class='ocrx_word' id='word_1_174' title='bbox 282 2726 327 2804; x_wconf 66' lang='grc' dir='ltr'><strong><em>ξύ.</em></strong></span> <span class='ocrx_word' id='word_1_175' title='bbox 360 2725 553 2809; x_wconf 81' lang='grc' dir='ltr'><strong><em>Ἀπεσπύσθη</em></strong></span> <span class='ocrx_word' id='word_1_176' title='bbox 574 2723 624 2789; x_wconf 75' lang='grc' dir='ltr'><strong><em>ἄπ’</em></strong></span> <span class='ocrx_word' id='word_1_177' title='bbox 645 2722 743 2791; x_wconf 82' lang='grc' dir='ltr'><strong><em>αύτῶν</em></strong></span> <span class='ocrx_word' id='word_1_178' title='bbox 764 2723 832 2801; x_wconf 73' lang='grc' dir='ltr'><strong><em>ούςεὶ</em></strong></span> <span class='ocrx_word' id='word_1_179' title='bbox 852 2730 941 2792; x_wconf 90' lang='grc' dir='ltr'><strong><em>λίθου</em></strong></span> <span class='ocrx_word' id='word_1_180' title='bbox 962 2725 1052 2809; x_wconf 76' lang='grc' dir='ltr'><strong><em>βολῇ,</em></strong></span> <span class='ocrx_word' id='word_1_181' title='bbox 1080 2730 1130 2793; x_wconf 83' lang='grc' dir='ltr'><strong><em>καλ</em></strong></span> <span class='ocrx_word' id='word_1_182' title='bbox 1152 2730 1224 2805; x_wconf 73' lang='grc' dir='ltr'><strong><em>θεὶς</em></strong></span> <span class='ocrx_word' id='word_1_183' title='bbox 1242 2728 1280 2795; x_wconf 82' lang='grc' dir='ltr'><strong><em>τδ</em></strong></span> <span class='ocrx_word' id='word_1_184' title='bbox 1302 2726 1345 2815; x_wconf 77' lang='grc' dir='ltr'><strong><em>γε’·</em></strong></span> 
     </span>
     <span class='ocr_line' id='line_1_24' title="bbox 197 2829 480 2913; baseline -0.004 -19"><span class='ocrx_word' id='word_1_185' title='bbox 197 2856 271 2895; x_wconf 87' lang='grc' dir='ltr'><strong><em>νατα</em></strong></span> <span class='ocrx_word' id='word_1_186' title='bbox 292 2829 480 2913; x_wconf 89' lang='grc' dir='ltr'><strong><em>προςηύχετο.</em></strong></span> 
     </span>
    </p>

    <p class='ocr_par' dir='ltr' id='par_1_12' title="bbox 281 2928 1074 3016">
     <span class='ocr_line' id='line_1_25' title="bbox 281 2928 1074 3016; baseline -0.001 -20"><span class='ocrx_word' id='word_1_187' title='bbox 281 2931 330 3009; x_wconf 81' lang='grc' dir='ltr'><strong><em>ξς’.</em></strong></span> <span class='ocrx_word' id='word_1_188' title='bbox 364 2935 423 2996; x_wconf 83' lang='grc' dir='ltr'><strong><em>Καὶ</em></strong></span> <span class='ocrx_word' id='word_1_189' title='bbox 445 2931 543 3016; x_wconf 75' lang='grc' dir='ltr'><strong><em>ι’ῇγγισε</em></strong></span> <span class='ocrx_word' id='word_1_190' title='bbox 565 2938 761 3012; x_wconf 77' lang='grc' dir='ltr'><strong><em>καταφιλῆσαι</em></strong></span> <span class='ocrx_word' id='word_1_191' title='bbox 783 2929 889 3009; x_wconf 90' lang='grc' dir='ltr'><strong><em>αύτόν,</em></strong></span> <span class='ocrx_word' id='word_1_192' title='bbox 912 2934 965 2996; x_wconf 82' lang='grc' dir='ltr'><strong><em>καλ</em></strong></span> <span class='ocrx_word' id='word_1_193' title='bbox 985 2928 1074 2997; x_wconf 74' lang='grc' dir='ltr'><strong><em>εἶπεν.</em></strong></span> 
     </span>
    </p>

    <p class='ocr_par' dir='ltr' id='par_1_13' title="bbox 194 3031 1346 3214">
     <span class='ocr_line' id='line_1_26' title="bbox 280 3031 1346 3119; baseline 0.005 -22"><span class='ocrx_word' id='word_1_194' title='bbox 280 3034 329 3112; x_wconf 55' lang='lat' dir='ltr'><strong><em>ff.</em></strong></span> <span class='ocrx_word' id='word_1_195' title='bbox 363 3035 527 3118; x_wconf 85' lang='grc' dir='ltr'><strong><em>Παρέκοψε</em></strong></span> <span class='ocrx_word' id='word_1_196' title='bbox 550 3031 613 3097; x_wconf 73' lang='lat'><strong><em>²⁶3</em></strong></span> <span class='ocrx_word' id='word_1_197' title='bbox 636 3035 753 3115; x_wconf 88' lang='grc' dir='ltr'><strong><em>έποίησε</em></strong></span> <span class='ocrx_word' id='word_1_198' title='bbox 774 3034 903 3118; x_wconf 87' lang='grc' dir='ltr'><strong><em>Πέτρος,</em></strong></span> <span class='ocrx_word' id='word_1_199' title='bbox 933 3032 982 3099; x_wconf 78' lang='grc' dir='ltr'><strong><em>ὅτε</em></strong></span> <span class='ocrx_word' id='word_1_200' title='bbox 1000 3032 1125 3112; x_wconf 80' lang='grc' dir='ltr'><strong><em>έπύταξτ</em></strong></span> <span class='ocrx_word' id='word_1_201' title='bbox 1143 3038 1197 3101; x_wconf 80' lang='grc' dir='ltr'><strong><em>καλ</em></strong></span> <span class='ocrx_word' id='word_1_202' title='bbox 1217 3034 1346 3119; x_wconf 77' lang='grc' dir='ltr'><strong><em>ύφιίλτει</em></strong></span> 
     </span>
     <span class='ocr_line' id='line_1_27' title="bbox 194 3130 312 3214; baseline 0 -13"><span class='ocrx_word' id='word_1_203' title='bbox 194 3136 228 3203; x_wconf 82' lang='grc' dir='ltr'><strong><em>εδ</em></strong></span> <span class='ocrx_word' id='word_1_204' title='bbox 251 3130 312 3214; x_wconf 83' lang='grc' dir='ltr'><strong><em>οὖς.</em></strong></span> 
     </span>
    </p>

    <p class='ocr_par' dir='ltr' id='par_1_14' title="bbox 198 3237 1346 3427">
     <span class='ocr_line' id='line_1_28' title="bbox 283 3237 1346 3327; baseline 0.003 -23"><span class='ocrx_word' id='word_1_205' title='bbox 283 3239 333 3322; x_wconf 86' lang='grc' dir='ltr'><strong><em>ξη’.</em></strong></span> <span class='ocrx_word' id='word_1_206' title='bbox 366 3244 405 3305; x_wconf 81' lang='grc' dir='ltr'><strong><em>Οἱ</em></strong></span> <span class='ocrx_word' id='word_1_207' title='bbox 414 3240 581 3320; x_wconf 88' lang='grc' dir='ltr'><strong><em>συνέχοντες</em></strong></span> <span class='ocrx_word' id='word_1_208' title='bbox 595 3239 744 3315; x_wconf 78' lang='grc' dir='ltr'><strong><em>ἐνέπαιζον</em></strong></span> <span class='ocrx_word' id='word_1_209' title='bbox 756 3240 899 3323; x_wconf 89' lang='grc' dir='ltr'><strong><em>δέροντες,</em></strong></span> <span class='ocrx_word' id='word_1_210' title='bbox 912 3240 961 3303; x_wconf 77' lang='grc' dir='ltr'><strong><em>καὶ</em></strong></span> <span class='ocrx_word' id='word_1_211' title='bbox 973 3237 1134 3315; x_wconf 81' lang='grc' dir='ltr'><strong><em>τύπτοντες</em></strong></span> <span class='ocrx_word' id='word_1_212' title='bbox 1145 3242 1256 3327; x_wconf 80' lang='grc' dir='ltr'><strong><em>ίλιγσν,</em></strong></span> <span class='ocrx_word' id='word_1_213' title='bbox 1272 3244 1346 3325; x_wconf 83' lang='grc' dir='ltr'><strong><em>Προ-</em></strong></span> 
     </span>
     <span class='ocr_line' id='line_1_29' title="bbox 198 3338 747 3427; baseline -0.011 -18"><span class='ocrx_word' id='word_1_214' title='bbox 198 3344 344 3427; x_wconf 82' lang='grc' dir='ltr'><strong><em>φήτευσον</em></strong></span> <span class='ocrx_word' id='word_1_215' title='bbox 368 3348 410 3417; x_wconf 86' lang='grc' dir='ltr'><strong><em>τίς</em></strong></span> <span class='ocrx_word' id='word_1_216' title='bbox 432 3344 510 3406; x_wconf 78' lang='grc' dir='ltr'><strong><em>ἐστιν</em></strong></span> <span class='ocrx_word' id='word_1_217' title='bbox 533 3338 550 3405; x_wconf 91' lang='grc' dir='ltr'><strong><em>ό</em></strong></span> <span class='ocrx_word' id='word_1_218' title='bbox 572 3345 681 3417; x_wconf 88' lang='grc' dir='ltr'><strong><em>παίσας</em></strong></span> <span class='ocrx_word' id='word_1_219' title='bbox 702 3362 747 3417; x_wconf 85' lang='grc' dir='ltr'><strong><em>σε;</em></strong></span> 
     </span>
    </p>

    <p class='ocr_par' dir='ltr' id='par_1_15' title="bbox 197 3442 1343 3628">
     <span class='ocr_line' id='line_1_30' title="bbox 280 3442 1343 3530; baseline -0.002 -19"><span class='ocrx_word' id='word_1_220' title='bbox 280 3444 336 3523; x_wconf 87' lang='grc' dir='ltr'><strong><em>ξθ’.</em></strong></span> <span class='ocrx_word' id='word_1_221' title='bbox 368 3447 539 3530; x_wconf 88' lang='grc' dir='ltr'><strong><em>Προςέθετο</em></strong></span> <span class='ocrx_word' id='word_1_222' title='bbox 564 3442 635 3524; x_wconf 83' lang='grc' dir='ltr'><strong><em>μετύ</em></strong></span> <span class='ocrx_word' id='word_1_223' title='bbox 658 3451 745 3508; x_wconf 90' lang='grc' dir='ltr'><strong><em>τοῦτο</em></strong></span> <span class='ocrx_word' id='word_1_224' title='bbox 752 3494 761 3522; x_wconf 94' lang='grc'><strong><em>,</em></strong></span> <span class='ocrx_word' id='word_1_225' title='bbox 798 3450 910 3508; x_wconf 80' lang='grc' dir='ltr'><strong><em>Τοῦτον</em></strong></span> <span class='ocrx_word' id='word_1_226' title='bbox 931 3442 1054 3528; x_wconf 86' lang='grc' dir='ltr'><strong><em>εύρομεν</em></strong></span> <span class='ocrx_word' id='word_1_227' title='bbox 1077 3446 1293 3529; x_wconf 84' lang='grc' dir='ltr'><strong><em>διαστρέφοντα</em></strong></span> <span class='ocrx_word' id='word_1_228' title='bbox 1312 3442 1343 3509; x_wconf 83' lang='grc' dir='ltr'><strong><em>τό</em></strong></span> 
     </span>
     <span class='ocr_line' id='line_1_31' title="bbox 197 3544 1113 3628; baseline -0.003 -14"><span class='ocrx_word' id='word_1_229' title='bbox 197 3552 302 3626; x_wconf 73' lang='grc' dir='ltr'><strong><em>ἔθνος,</em></strong></span> <span class='ocrx_word' id='word_1_230' title='bbox 323 3551 375 3614; x_wconf 82' lang='grc' dir='ltr'><strong><em>καὶ</em></strong></span> <span class='ocrx_word' id='word_1_231' title='bbox 397 3545 578 3613; x_wconf 80' lang='grc' dir='ltr'><strong><em>καταλύοντα</em></strong></span> <span class='ocrx_word' id='word_1_232' title='bbox 598 3544 650 3610; x_wconf 89' lang='grc' dir='ltr'><strong><em>τόν</em></strong></span> <span class='ocrx_word' id='word_1_233' title='bbox 673 3545 765 3628; x_wconf 89' lang='grc' dir='ltr'><strong><em>νόμον</em></strong></span> <span class='ocrx_word' id='word_1_234' title='bbox 785 3549 834 3610; x_wconf 81' lang='grc' dir='ltr'><strong><em>καλ</em></strong></span> <span class='ocrx_word' id='word_1_235' title='bbox 857 3544 927 3622; x_wconf 88' lang='grc' dir='ltr'><strong><em>τούς</em></strong></span> <span class='ocrx_word' id='word_1_236' title='bbox 946 3544 1113 3628; x_wconf 79' lang='grc' dir='ltr'><strong><em>προφήτας.</em></strong></span> 
     </span>
    </p>

    <p class='ocr_par' dir='ltr' id='par_1_16' title="bbox 76 3645 1341 3735">
     <span class='ocr_line' id='line_1_32' title="bbox 76 3645 1341 3735; baseline 0.002 -23"><span class='ocrx_word' id='word_1_237' title='bbox 76 3682 127 3725; x_wconf 69' lang='grc' dir='ltr'><strong><em>ηις.</em></strong></span> <span class='ocrx_word' id='word_1_238' title='bbox 140 3670 184 3714; x_wconf 80' lang='grc' dir='ltr'><strong><em>ιιι.</em></strong></span> <span class='ocrx_word' id='word_1_239' title='bbox 284 3650 315 3716; x_wconf 88' lang='grc' dir='ltr'><strong><em>α’.</em></strong></span> <span class='ocrx_word' id='word_1_240' title='bbox 351 3649 516 3735; x_wconf 80' lang='grc' dir='ltr'><strong><em>Προςθήκη</em></strong></span> <span class='ocrx_word' id='word_1_241' title='bbox 533 3647 603 3730; x_wconf 80' lang='grc' dir='ltr'><strong><em>μετόι</em></strong></span> <span class='ocrx_word' id='word_1_242' title='bbox 619 3648 667 3727; x_wconf 91' lang='grc' dir='ltr'><strong><em>τό,</em></strong></span> <span class='ocrx_word' id='word_1_243' title='bbox 692 3648 855 3714; x_wconf 81' lang='grc' dir='ltr'><strong><em>Κελεύοντα</em></strong></span> <span class='ocrx_word' id='word_1_244' title='bbox 870 3646 987 3733; x_wconf 87' lang='grc' dir='ltr'><strong><em>φόρους</em></strong></span> <span class='ocrx_word' id='word_1_245' title='bbox 1000 3645 1042 3731; x_wconf 65' lang='grc' dir='ltr'><strong><em>με)</em></strong></span> <span class='ocrx_word' id='word_1_246' title='bbox 1056 3650 1178 3727; x_wconf 79' lang='grc' dir='ltr'><strong><em>δοῦναι,</em></strong></span> <span class='ocrx_word' id='word_1_247' title='bbox 1201 3654 1265 3716; x_wconf 75' lang='grc' dir='ltr'><strong><em>Καί</em></strong></span> <span class='ocrx_word' id='word_1_248' title='bbox 1276 3648 1341 3715; x_wconf 75' lang='grc' dir='ltr'><strong><em>ι’πο-</em></strong></span> 
     </span>
    </p>

    <p class='ocr_par' dir='ltr' id='par_1_17' title="bbox 198 3750 841 3839">
     <span class='ocr_line' id='line_1_33' title="bbox 198 3750 841 3839; baseline -0.005 -21"><span class='ocrx_word' id='word_1_249' title='bbox 198 3756 361 3839; x_wconf 91' lang='grc' dir='ltr'><strong><em>στρέφοντα</em></strong></span> <span class='ocrx_word' id='word_1_250' title='bbox 382 3753 435 3828; x_wconf 77' lang='grc' dir='ltr'><strong><em>τοὶς</em></strong></span> <span class='ocrx_word' id='word_1_251' title='bbox 456 3762 597 3838; x_wconf 86' lang='grc' dir='ltr'><strong><em>γυναῖκας</em></strong></span> <span class='ocrx_word' id='word_1_252' title='bbox 617 3753 668 3817; x_wconf 83' lang='grc' dir='ltr'><strong><em>καὶ</em></strong></span> <span class='ocrx_word' id='word_1_253' title='bbox 689 3750 726 3815; x_wconf 78' lang='grc' dir='ltr'><strong><em>τό</em></strong></span> <span class='ocrx_word' id='word_1_254' title='bbox 747 3753 841 3817; x_wconf 91' lang='grc' dir='ltr'><strong><em>τέκνα.</em></strong></span> 
     </span>
    </p>

    <p class='ocr_par' dir='ltr' id='par_1_18' title="bbox 196 3850 1342 4043">
     <span class='ocr_line' id='line_1_34' title="bbox 281 3850 1342 3941; baseline -0.001 -19"><span class='ocrx_word' id='word_1_255' title='bbox 281 3854 334 3922; x_wconf 92' lang='grc' dir='ltr'><strong><em>οα’.</em></strong></span> <span class='ocrx_word' id='word_1_256' title='bbox 368 3858 428 3919; x_wconf 81' lang='grc' dir='ltr'><strong><em>Καὶ</em></strong></span> <span class='ocrx_word' id='word_1_257' title='bbox 445 3853 580 3931; x_wconf 80' lang='grc' dir='ltr'><strong><em>ἐλθόντες</em></strong></span> <span class='ocrx_word' id='word_1_258' title='bbox 600 3857 641 3930; x_wconf 86' lang='grc' dir='ltr'><strong><em>είς</em></strong></span> <span class='ocrx_word' id='word_1_259' title='bbox 659 3852 752 3919; x_wconf 90' lang='grc' dir='ltr'><strong><em>τόπον</em></strong></span> <span class='ocrx_word' id='word_1_260' title='bbox 766 3853 920 3939; x_wconf 89' lang='grc' dir='ltr'><strong><em>λεγόμενον</em></strong></span> <span class='ocrx_word' id='word_1_261' title='bbox 939 3856 1075 3939; x_wconf 81' lang='grc' dir='ltr'><strong><em>Κρανίου</em></strong></span> <span class='ocrx_word' id='word_1_262' title='bbox 1093 3850 1187 3930; x_wconf 86' lang='grc' dir='ltr'><strong><em>τόπος</em></strong></span> <span class='ocrx_word' id='word_1_263' title='bbox 1202 3854 1342 3941; x_wconf 80' lang='grc' dir='ltr'><strong><em>έστιτύρι-</em></strong></span> 
     </span>
     <span class='ocr_line' id='line_1_35' title="bbox 196 3952 1269 4043; baseline 0 -20"><span class='ocrx_word' id='word_1_264' title='bbox 196 3981 250 4023; x_wconf 92' lang='grc' dir='ltr'><strong><em>σαν</em></strong></span> <span class='ocrx_word' id='word_1_265' title='bbox 271 3955 376 4036; x_wconf 91' lang='grc' dir='ltr'><strong><em>αύτόν,</em></strong></span> <span class='ocrx_word' id='word_1_266' title='bbox 398 3960 447 4022; x_wconf 82' lang='grc' dir='ltr'><strong><em>καλ</em></strong></span> <span class='ocrx_word' id='word_1_267' title='bbox 471 3962 669 4043; x_wconf 90' lang='grc' dir='ltr'><strong><em>διεμερίσαντο</em></strong></span> <span class='ocrx_word' id='word_1_268' title='bbox 689 3955 725 4022; x_wconf 82' lang='grc' dir='ltr'><strong><em>τύ</em></strong></span> <span class='ocrx_word' id='word_1_269' title='bbox 747 3955 863 4039; x_wconf 80' lang='grc' dir='ltr'><strong><em>ἴμύτια,</em></strong></span> <span class='ocrx_word' id='word_1_270' title='bbox 884 3958 934 4021; x_wconf 79' lang='grc' dir='ltr'><strong><em>καί</em></strong></span> <span class='ocrx_word' id='word_1_271' title='bbox 956 3958 1116 4039; x_wconf 76' lang='grc' dir='ltr'><strong><em>ἐσκοτίσθη</em></strong></span> <span class='ocrx_word' id='word_1_272' title='bbox 1136 3952 1157 4023; x_wconf 82' lang='grc' dir='ltr'><strong><em>ύ</em></strong></span> <span class='ocrx_word' id='word_1_273' title='bbox 1176 3954 1269 4039; x_wconf 73' lang='grc' dir='ltr'><strong><em>ἥλιος.</em></strong></span> 
     </span>
    </p>

    <p class='ocr_par' dir='ltr' id='par_1_19' title="bbox 280 4056 1340 4149">
     <span class='ocr_line' id='line_1_36' title="bbox 280 4056 1340 4149; baseline -0.001 -23"><span class='ocrx_word' id='word_1_274' title='bbox 280 4059 333 4143; x_wconf 84' lang='grc' dir='ltr'><strong><em>οβ.</em></strong></span> <span class='ocrx_word' id='word_1_275' title='bbox 367 4063 529 4145; x_wconf 83' lang='grc' dir='ltr'><strong><em>Παρέκοψε</em></strong></span> <span class='ocrx_word' id='word_1_276' title='bbox 551 4060 600 4140; x_wconf 89' lang='grc' dir='ltr'><strong><em>τό,</em></strong></span> <span class='ocrx_word' id='word_1_277' title='bbox 629 4059 769 4145; x_wconf 77' lang='grc' dir='ltr'><strong><em>Σήμερον</em></strong></span> <span class='ocrx_word' id='word_1_278' title='bbox 790 4056 849 4141; x_wconf 89' lang='grc' dir='ltr'><strong><em>μετ’</em></strong></span> <span class='ocrx_word' id='word_1_279' title='bbox 871 4061 945 4140; x_wconf 72' lang='grc' dir='ltr'><strong><em>ἐμοῦ</em></strong></span> <span class='ocrx_word' id='word_1_280' title='bbox 966 4060 1020 4147; x_wconf 74' lang='grc' dir='ltr'><strong><em>ἔσῃ</em></strong></span> <span class='ocrx_word' id='word_1_281' title='bbox 1041 4058 1074 4123; x_wconf 85' lang='grc' dir='ltr'><strong><em>έν</em></strong></span> <span class='ocrx_word' id='word_1_282' title='bbox 1094 4064 1135 4147; x_wconf 76' lang='grc' dir='ltr'><strong><em>τῷ</em></strong></span> <span class='ocrx_word' id='word_1_283' title='bbox 1160 4064 1340 4149; x_wconf 61' lang='grc' dir='ltr'><strong><em>Παραδᾶφ</em></strong></span> 
     </span>
    </p>

    <p class='ocr_par' dir='ltr' id='par_1_20' title="bbox 281 4160 1011 4251">
     <span class='ocr_line' id='line_1_37' title="bbox 281 4160 1011 4251; baseline -0.004 -24"><span class='ocrx_word' id='word_1_284' title='bbox 281 4162 331 4248; x_wconf 87' lang='grc' dir='ltr'><strong><em>ογ’.</em></strong></span> <span class='ocrx_word' id='word_1_285' title='bbox 365 4166 425 4227; x_wconf 86' lang='grc' dir='ltr'><strong><em>Καὶ</em></strong></span> <span class='ocrx_word' id='word_1_286' title='bbox 447 4162 589 4245; x_wconf 81' lang='grc' dir='ltr'><strong><em>φωνήσας</em></strong></span> <span class='ocrx_word' id='word_1_287' title='bbox 610 4171 698 4251; x_wconf 86' lang='grc' dir='ltr'><strong><em>φωνῇ</em></strong></span> <span class='ocrx_word' id='word_1_288' title='bbox 720 4160 829 4250; x_wconf 85' lang='grc' dir='ltr'><strong><em>μεγύλη</em></strong></span> <span class='ocrx_word' id='word_1_289' title='bbox 852 4163 1011 4237; x_wconf 73' lang='grc' dir='ltr'><strong><em>ἐξέπνευσε.</em></strong></span> 
     </span>
    </p>

    <p class='ocr_par' dir='ltr' id='par_1_21' title="bbox 195 4260 1339 4458">
     <span class='ocr_line' id='line_1_38' title="bbox 280 4260 1339 4351; baseline 0.004 -22"><span class='ocrx_word' id='word_1_290' title='bbox 280 4263 332 4329; x_wconf 83' lang='grc' dir='ltr'><strong><em>οδ’.</em></strong></span> <span class='ocrx_word' id='word_1_291' title='bbox 364 4266 424 4328; x_wconf 75' lang='grc' dir='ltr'><strong><em>Καὶ</em></strong></span> <span class='ocrx_word' id='word_1_292' title='bbox 441 4262 522 4343; x_wconf 90' lang='grc' dir='ltr'><strong><em>ίδού,</em></strong></span> <span class='ocrx_word' id='word_1_293' title='bbox 544 4262 630 4351; x_wconf 77' lang='grc' dir='ltr'><strong><em>όνήρ,</em></strong></span> <span class='ocrx_word' id='word_1_294' title='bbox 652 4264 777 4349; x_wconf 88' lang='grc' dir='ltr'><strong><em>όνόματι</em></strong></span> <span class='ocrx_word' id='word_1_295' title='bbox 789 4261 917 4348; x_wconf 75' lang='grc' dir='ltr'><strong><em>Ἰωσιῇφ,</em></strong></span> <span class='ocrx_word' id='word_1_296' title='bbox 939 4260 1077 4331; x_wconf 76' lang='grc' dir='ltr'><strong><em>καθελοδν</em></strong></span> <span class='ocrx_word' id='word_1_297' title='bbox 1090 4260 1124 4329; x_wconf 87' lang='grc' dir='ltr'><strong><em>τδ</em></strong></span> <span class='ocrx_word' id='word_1_298' title='bbox 1138 4270 1227 4347; x_wconf 72' lang='grc' dir='ltr'><strong><em>στόμα</em></strong></span> <span class='ocrx_word' id='word_1_299' title='bbox 1243 4264 1339 4333; x_wconf 67' lang='lat'><strong><em>¹⁰1*</em></strong></span> 
     </span>
     <span class='ocr_line' id='line_1_39' title="bbox 195 4363 865 4458; baseline 0.001 -28"><span class='ocrx_word' id='word_1_300' title='bbox 195 4363 302 4447; x_wconf 84' lang='grc' dir='ltr'><strong><em>τύλιξε,</em></strong></span> <span class='ocrx_word' id='word_1_301' title='bbox 325 4373 377 4433; x_wconf 81' lang='grc' dir='ltr'><strong><em>καί</em></strong></span> <span class='ocrx_word' id='word_1_302' title='bbox 399 4371 506 4449; x_wconf 78' lang='grc' dir='ltr'><strong><em>έθηκεν</em></strong></span> <span class='ocrx_word' id='word_1_303' title='bbox 528 4369 560 4432; x_wconf 81' lang='grc' dir='ltr'><strong><em>ἒν</em></strong></span> <span class='ocrx_word' id='word_1_304' title='bbox 580 4366 709 4451; x_wconf 79' lang='grc' dir='ltr'><strong><em>μνήματι</em></strong></span> <span class='ocrx_word' id='word_1_305' title='bbox 730 4372 865 4458; x_wconf 79' lang='grc' dir='ltr'><strong><em>λαξευτῷ.</em></strong></span> 
     </span>
    </p>

    <p class='ocr_par' dir='ltr' id='par_1_22' title="bbox 281 4466 1338 4556">
     <span class='ocr_line' id='line_1_40' title="bbox 281 4466 1338 4556; baseline 0.004 -21"><span class='ocrx_word' id='word_1_306' title='bbox 281 4470 328 4537; x_wconf 86' lang='grc' dir='ltr'><strong><em>οέ.</em></strong></span> <span class='ocrx_word' id='word_1_307' title='bbox 360 4473 421 4534; x_wconf 78' lang='grc' dir='ltr'><strong><em>Καὶ</em></strong></span> <span class='ocrx_word' id='word_1_308' title='bbox 439 4466 665 4556; x_wconf 83' lang='grc' dir='ltr'><strong><em>ύποστρέψασαι</em></strong></span> <span class='ocrx_word' id='word_1_309' title='bbox 680 4468 830 4555; x_wconf 73' lang='grc' dir='ltr'><strong><em>ἡσύχασαν</em></strong></span> <span class='ocrx_word' id='word_1_310' title='bbox 851 4467 883 4536; x_wconf 88' lang='grc' dir='ltr'><strong><em>τό</em></strong></span> <span class='ocrx_word' id='word_1_311' title='bbox 906 4468 1056 4553; x_wconf 86' lang='grc' dir='ltr'><strong><em>σόββατον</em></strong></span> <span class='ocrx_word' id='word_1_312' title='bbox 1075 4466 1152 4535; x_wconf 79' lang='grc' dir='ltr'><strong><em>κατδ</em></strong></span> <span class='ocrx_word' id='word_1_313' title='bbox 1171 4466 1226 4537; x_wconf 76' lang='grc' dir='ltr'><strong><em>τδκ</em></strong></span> <span class='ocrx_word' id='word_1_314' title='bbox 1244 4468 1338 4555; x_wconf 69' lang='grc' dir='ltr'><strong><em>σύμ</em></strong></span> 
     </span>
    </p>
   </div>
   <div class='ocr_carea' id='block_1_4' title="bbox 228 4601 1338 4674">
    <p class='ocr_par' dir='ltr' id='par_1_23' title="bbox 228 4601 1338 4674">
     <span class='ocr_line' id='line_1_41' title="bbox 228 4601 1338 4674; baseline 0.006 -15"><span class='ocrx_word' id='word_1_315' title='bbox 228 4610 269 4660; x_wconf 77' lang='lat'><strong><em>25.</em></strong></span> <span class='ocrx_word' id='word_1_316' title='bbox 287 4610 352 4661; x_wconf 80' lang='grc' dir='ltr'><strong><em>ιωη·</em></strong></span> <span class='ocrx_word' id='word_1_317' title='bbox 367 4612 452 4662; x_wconf 78' lang='grc' dir='ltr'><strong><em>ιωαα</em></strong></span> <span class='ocrx_word' id='word_1_318' title='bbox 466 4605 496 4664; x_wconf 72' lang='grc' dir='ltr'><strong><em>τὸ</em></strong></span> <span class='ocrx_word' id='word_1_319' title='bbox 511 4626 556 4674; x_wconf 72' lang='grc' dir='ltr'><strong><em>μιν</em></strong></span> <span class='ocrx_word' id='word_1_320' title='bbox 573 4601 597 4665; x_wconf 77' lang='grc'><strong><em>3.</em></strong></span> <span class='ocrx_word' id='word_1_321' title='bbox 817 4608 859 4665; x_wconf 74' lang='grc' dir='ltr'><strong><em>ἰο</em></strong></span> <span class='ocrx_word' id='word_1_322' title='bbox 876 4606 993 4673; x_wconf 58' lang='lat' dir='ltr'><strong><em>iverat&amp;</em></strong></span> <span class='ocrx_word' id='word_1_323' title='bbox 1014 4610 1067 4663; x_wconf 77' lang='grc' dir='ltr'><strong><em>ται</em></strong></span> <span class='ocrx_word' id='word_1_324' title='bbox 1090 4610 1166 4665; x_wconf 72' lang='grc' dir='ltr'><strong><em>τινα</em></strong></span> <span class='ocrx_word' id='word_1_325' title='bbox 1205 4604 1338 4671; x_wconf 66' lang='grc' dir='ltr'><strong><em>διατείνων</em></strong></span> 
     </span>
    </p>
   </div>
   <div class='ocr_carea' id='block_1_5' title="bbox 0 0 1528 5084">
    <p class='ocr_par' dir='ltr' id='par_1_24' title="bbox 0 0 1528 5084">
     <span class='ocr_line' id='line_1_42' title="bbox 0 0 1528 5084; baseline 0 4"><span class='ocrx_word' id='word_1_326' title='bbox 0 0 1528 5084; x_wconf 95' lang='lat' dir='ltr'><strong><em> </em></strong></span> 
     </span>
    </p>
   </div>
  </div>
 </body>
</html>
