3046 5084
780 152 790 181 4

393 352 528 406 rausum
544 353 608 405 [ΑΒ.
620 355 641 406 1.
656 350 738 406 TObb.
751 354 793 405 ttt.
809 352 909 405 HAER.
919 352 1012 406 XLVI.
1214 342 1274 403 717

131 469 275 536 calvariae
295 471 438 537 roonbnlo
456 471 637 554 nominetur,
661 472 821 538 uniusmodi
839 472 940 558 eapitis
958 472 989 536 in
1007 468 1132 537 hnmano
1150 492 1273 557 corpore

129 575 215 638 sedes
239 585 303 654 est,
335 595 430 660 neque
451 576 571 659 figuram
595 574 682 639 babet
701 575 796 640 editae
816 574 972 659 oniuspiam
994 573 1147 658 speculae,
1180 595 1213 638 ao
1236 595 1273 638 ne

130 676 238 741 noteris
261 676 374 760 quidem
398 677 668 743 circumiacentibus
689 678 762 742 loois
785 677 871 742 altius
893 677 1054 760 consurgit.
1099 675 1213 762 Quippe
1235 697 1276 740 ex

130 779 255 843 adverso
273 790 320 843 est
337 775 449 858 Oliveti
465 801 548 844 mons
567 781 688 860 editior3
721 781 772 845 sed
792 780 925 865 inprimis
941 780 1046 843 arduus
1064 790 1109 843 est
1125 777 1274 844 Gabaonis

128 902 212 944 mons
234 891 338 946 octavu
360 883 428 946 indo
447 883 541 968 lapide
559 882 682 947 distans.
727 880 882 946 Postremo
897 882 989 946 olivus
1008 883 1095 946 etiam
1111 881 1161 946 itte
1180 882 1273 966 quiin

129 980 222 1049 Sione
243 985 386 1068 qnondam
410 985 525 1064 extitit,
555 986 607 1049 sed
628 985 748 1050 excisus
769 985 854 1048 bodie
875 995 937 1063 est,
969 984 1022 1047 init
1039 982 1203 1068 Golgotbae
1226 985 1274 1047 itto

128 1085 193 1149 loco
216 1086 377 1150 sublimior.
423 1085 574 1152 Undenam
597 1088 685 1173 igitur
703 1085 856 1152 Cabrariae
877 1107 983 1151 nomen
1003 1086 1146 1149 obtinuit?
1189 1083 1275 1168 Quod

130 1188 263 1252 nimirum
289 1190 372 1274 primi
401 1191 524 1254 bominis
546 1191 604 1254 ittic
628 1191 753 1255 calvaria
773 1200 889 1274 reperta
910 1188 964 1266 sit,
997 1189 1116 1274 eiusque
1136 1189 1274 1274 reliquiae

129 1291 280 1369 defossae,
305 1293 341 1355 ob
358 1292 386 1355 id
404 1289 559 1357 Calvariae
578 1293 660 1356 loeus
675 1293 833 1378 appellatus
848 1304 904 1358 εει.
946 1289 984 1356 'ln
1001 1291 1204 1376 quantominus
1222 1312 1274 1354 uo-

129 1405 191 1458 ster
206 1391 291 1458 lesus
309 1391 445 1458 Christus
461 1395 591 1460 sublatus
608 1400 637 1458 in
652 1417 768 1460 ornnem
783 1417 835 1480 per
850 1416 952 1480 aquam
969 1395 1044 1459 illam
1060 1406 1090 1459 et
1103 1394 1273 1479 sanguinem

130 1518 168 1560 ex
185 1497 248 1560 eius
267 1498 416 1581 perforato
433 1498 525 1562 batere
544 1499 749 1582 profluentem,
780 1498 861 1562 velut
877 1497 1032 1583 imaginem
1049 1498 1207 1582 quandam,
1232 1507 1274 1560 to-

130 1611 190 1663 tum
215 1598 316 1663 salutis
340 1610 457 1663 nostrae
479 1600 625 1685 negotium
644 1601 841 1681 adumbravit,
874 1601 939 1666 dum
959 1601 1042 1686 primi
1060 1601 1190 1686 parentis
1208 1600 1274 1664 reli·

130 1703 212 1786 quias
228 1701 264 1764 ab
282 1700 346 1786 ipso
363 1723 477 1765 massae
496 1703 636 1788 principio
658 1703 755 1788 rigare
771 1704 882 1788 eoepit,
909 1716 940 1767 ut
955 1704 990 1766 ad
1010 1704 1215 1788 detergendam
1234 1703 1274 1766 ba-

130 1803 196 1868 bem
214 1804 438 1889 foeditatemque
457 1815 586 1868 nostram
604 1825 638 1868 ao
658 1804 832 1890 poenitentis
850 1806 963 1869 animae
981 1806 1212 1890 repurgationem
1229 1805 1274 1869 sui

129 1907 279 1991 sanguinis
304 1908 501 1992 aspersionem
527 1909 712 1986 ostenderet,
747 1920 832 1992 atque
854 1909 889 1971 ad
913 1907 1110 1971 subactionem
1134 1909 1273 1993 qrrnndam

129 2009 417 2094 commistionemque
432 2009 661 2094 significandam,
685 2032 720 2073 ao
738 2022 902 2074 nostrarum
918 2011 1058 2089 sordium,
1083 2010 1137 2074 boo
1153 2022 1198 2074 est
1211 2032 1273 2074 soe·

128 2112 239 2190 lerum,
269 2112 483 2196 expiationem,
507 2132 609 2197 aquam
627 2113 703 2176 illam
721 2113 751 2175 in
770 2112 931 2176 subiectum
951 2112 1094 2176 bominem
1112 2112 1274 2196 ibidemque

128 2214 271 2300 sepultum
285 2214 447 2279 destiltasse
461 2224 648 2301 monstraret,
666 2236 699 2279 aa
715 2225 773 2278 tam
784 2214 876 2300 ipsum
894 2237 978 2300 quam
994 2237 1047 2279 nos
1063 2215 1126 2279 eins
1142 2225 1274 2301 posteros

128 2316 163 2380 ad
178 2337 258 2402 spem
274 2317 498 2401 bouseqneudae
514 2316 616 2381 salutis
633 2317 771 2402 erigeret.
817 2316 964 2401 Quocirca
980 2318 1039 2381 illio
1054 2317 1215 2403 scripturae
1233 2317 1274 2381 di·

128 2429 205 2482 etum
222 2419 290 2483 ittud
307 2418 454 2502 impletum
470 2429 530 2483 est:
555 2423 650 2500 Surge
664 2425 716 2501 qui
729 2424 848 2493 domu,
873 2433 902 2481 et
915 2427 1039 2482 ereatura
1054 2443 1071 2481 u
1088 2425 1220 2494 mortuas,
1245 2433 1274 2482 et
1285 2433 1369 2494 tepus,
1380 2440 1409 2484 ιι.

128 2523 299 2583 illuminabit
320 2532 346 2581 te
369 2525 507 2582 cbristus.
553 2519 641 2585 Lioet
661 2522 738 2585 enim
761 2523 797 2585 ab
820 2543 873 2586 nus
894 2522 970 2586 istud
990 2523 1147 2607 pertineat,
1178 2523 1226 2607 qui
1245 2534 1275 2586 ot

128 2623 212 2686 malis
231 2623 314 2686 tantis
333 2624 438 2686 mortui
453 2643 571 2704 sumus,
595 2636 625 2688 ει
641 2624 781 2689 altissimo
799 2626 983 2709 ignorantiae
999 2646 1102 2688 somno
1119 2624 1274 2710 consopiti,

128 2725 314 2790 nibilominus
330 2725 409 2788 ittine
427 2726 566 2810 figuratae
583 2727 668 2791 buius
684 2729 848 2792 sententiae
863 2728 1070 2792 arcessendum
1087 2738 1132 2791 εει
1147 2727 1272 2805 initium,

128 2839 160 2891 ιιι
184 2849 242 2892 non
263 2839 375 2893 temere
400 2850 454 2893 nea
476 2828 571 2893 otiose
591 2829 775 2915 pronuntiata
797 2831 940 2895 rideatur.
986 2836 1183 2892 Serranorum
1201 2835 1273 2892 enam
1285 2849 1369 2898 maus.

128 2934 216 2992 multu
231 2954 350 3012 corpora
366 2944 526 2994 sanctorum
542 2935 588 3014 (ut
604 2932 633 2996 in
651 2933 803 3018 evangelio
815 2935 952 3019 seriptum
969 2936 1041 3016 est),
1064 2946 1094 2995 et
1106 2938 1275 2995 :amnuerunt
1291 2903 1324 2956 π’
1336 2903 1369 2946 ⁶²⁸

127 3046 189 3096 oum
211 3039 270 3115 apso
292 3040 321 3096 in
342 3047 466 3097 sonatum
489 3040 627 3097 orbitatem
647 3048 702 3098 ete.

211 3134 287 3201 Cum
304 3137 393 3222 igitur
409 3137 510 3201 ouliois
526 3138 611 3201 istius
630 3158 744 3202 morsos
762 3137 876 3201 divinae
895 3138 1111 3203 misericordiae
1130 3139 1213 3216 oleo,
1239 3160 1272 3202 ae

129 3237 235 3302 domini
259 3240 351 3303 nostri
374 3240 529 3303 salvatoris
548 3240 692 3319 adventu,
725 3250 754 3303 et
771 3238 904 3304 veritatis
921 3242 1107 3325 evangelicae
1125 3241 1189 3304 luce
1206 3262 1273 3327 pro-

127 3340 322 3426 pulsaverim‚
345 3343 381 3406 ad
401 3343 473 3406 alias
491 3342 647 3422 haereses,
671 3342 787 3423 divina,
811 3364 863 3427 pro
881 3344 1083 3423 mausoleo,
1109 3345 1200 3407 iretus
1218 3364 1272 3428 ope

127 3443 345 3529 patrocinioque
368 3445 545 3531 progrediar.

360 3616 449 3667 LIBRI
472 3617 566 3667 rutum
589 3617 704 3668 TOMUS
728 3616 872 3668 TERTIUS
896 3616 1038 3668 DESINIT.

126 3821 280 3884 ‹ttpbttionpus
291 3831 318 3868 m.
329 3826 350 3871 u
361 3825 474 3874 aoeotiat
488 3826 513 3874 tn
526 3826 639 3874 omnbus
653 3825 681 3873 a·-
714 3837 769 3874 uera
783 3826 938 3874 uenenarium
953 3829 1000 3886 est,
1024 3825 1104 3886 repetit
1118 3837 1148 3874 aa
1161 3825 1273 3874 oooobnto

127 3890 174 3938 brts
191 3894 350 3941 commutatus.
714 3906 850 3956 murmano
866 3885 943 3960 ἀρχή.

159 3953 183 4007 t.
199 3948 234 4023 ἦ,
250 3959 314 4021 quod
329 3961 356 4009 ιἰι
371 3961 436 4010 tibris
451 3975 497 4012 aon
512 3963 606 4024 tupiter,
622 3962 684 4025 qnod

483 4404 572 4487 uati
597 4392 620 4466 :t
777 4422 792 4459 ι
