<?xml version="1.0" encoding="UTF-8"?>
<!DOCTYPE html PUBLIC "-//W3C//DTD XHTML 1.0 Transitional//EN"
    "http://www.w3.org/TR/xhtml1/DTD/xhtml1-transitional.dtd">
<html xmlns="http://www.w3.org/1999/xhtml" xml:lang="en" lang="en">
 <head>
  <title>
</title>
<meta http-equiv="Content-Type" content="text/html;charset=utf-8" />
  <meta name='ocr-system' content='tesseract 3.04.00' />
  <meta name='ocr-capabilities' content='ocr_page ocr_carea ocr_par ocr_line ocrx_word'/>
</head>
<body>
  <div class='ocr_page' id='page_1' title='image "./corporishaerese01unkngoog_0460.png"; bbox 0 0 3046 5084; ppageno 0'>
   <div class='ocr_carea' id='block_1_1' title="bbox 387 317 1284 379">
    <p class='ocr_par' dir='ltr' id='par_1_1' title="bbox 387 317 1284 379">
     <span class='ocr_line' id='line_1_1' title="bbox 387 317 1284 379; baseline 0.006 -5"><span class='ocrx_word' id='word_1_1' title='bbox 387 324 522 376; x_wconf 75' lang='lat' dir='ltr'>raanan</span> <span class='ocrx_word' id='word_1_2' title='bbox 539 326 601 377; x_wconf 76' lang='lat' dir='ltr'>tna</span> <span class='ocrx_word' id='word_1_3' title='bbox 615 327 635 376; x_wconf 85' lang='lat'>1.</span> <span class='ocrx_word' id='word_1_4' title='bbox 652 326 733 378; x_wconf 84' lang='grc' dir='ltr'><strong>ΤΟΜ.</strong></span> <span class='ocrx_word' id='word_1_5' title='bbox 746 326 790 377; x_wconf 86' lang='lat' dir='ltr'>tu.</span> <span class='ocrx_word' id='word_1_6' title='bbox 807 325 905 376; x_wconf 80' lang='lat' dir='ltr'><strong>HAER.</strong></span> <span class='ocrx_word' id='word_1_7' title='bbox 916 326 1038 377; x_wconf 85' lang='lat' dir='ltr'>XXXlV.</span> <span class='ocrx_word' id='word_1_8' title='bbox 1224 317 1284 379; x_wconf 82' lang='lat'>455</span> 
     </span>
    </p>
   </div>
   <div class='ocr_carea' id='block_1_2' title="bbox 69 440 1287 1041">
    <p class='ocr_par' dir='ltr' id='par_1_2' title="bbox 69 440 1287 1041">
     <span class='ocr_line' id='line_1_2' title="bbox 139 440 1285 529; baseline 0.003 -22"><span class='ocrx_word' id='word_1_9' title='bbox 139 453 213 507; x_wconf 88' lang='lat' dir='ltr'>ctas.</span> <span class='ocrx_word' id='word_1_10' title='bbox 265 440 364 526; x_wconf 86' lang='lat' dir='ltr'>Quare</span> <span class='ocrx_word' id='word_1_11' title='bbox 389 444 555 529; x_wconf 74' lang='lat' dir='ltr'><strong>priusquam</strong></span> <span class='ocrx_word' id='word_1_12' title='bbox 577 441 700 509; x_wconf 84' lang='lat' dir='ltr'>Graecis</span> <span class='ocrx_word' id='word_1_13' title='bbox 724 444 773 509; x_wconf 89' lang='lat' dir='ltr'>illa</span> <span class='ocrx_word' id='word_1_14' title='bbox 794 445 979 509; x_wconf 82' lang='lat' dir='ltr'>traderentur</span> <span class='ocrx_word' id='word_1_15' title='bbox 1001 466 1141 529; x_wconf 78' lang='lat' dir='ltr'><strong>nusquam</strong></span> <span class='ocrx_word' id='word_1_16' title='bbox 1168 445 1285 510; x_wconf 90' lang='lat' dir='ltr'>Veritas</span> 
     </span>
     <span class='ocr_line' id='line_1_3' title="bbox 139 542 1285 634; baseline 0.003 -26"><span class='ocrx_word' id='word_1_17' title='bbox 139 567 205 609; x_wconf 88' lang='lat' dir='ltr'>osso</span> <span class='ocrx_word' id='word_1_18' title='bbox 223 548 326 631; x_wconf 91' lang='lat' dir='ltr'>potuit.</span> <span class='ocrx_word' id='word_1_19' title='bbox 372 542 488 631; x_wconf 83' lang='lat' dir='ltr'>Corpus</span> <span class='ocrx_word' id='word_1_20' title='bbox 505 546 581 609; x_wconf 92' lang='lat' dir='ltr'>euim</span> <span class='ocrx_word' id='word_1_21' title='bbox 596 545 698 632; x_wconf 86' lang='lat' dir='ltr'>ipsius,</span> <span class='ocrx_word' id='word_1_22' title='bbox 721 557 753 610; x_wconf 90' lang='lat' dir='ltr'>ut</span> <span class='ocrx_word' id='word_1_23' title='bbox 769 546 824 623; x_wconf 90' lang='lat' dir='ltr'>ais,</span> <span class='ocrx_word' id='word_1_24' title='bbox 845 545 959 623; x_wconf 87' lang='lat' dir='ltr'>Marce,</span> <span class='ocrx_word' id='word_1_25' title='bbox 986 543 1095 610; x_wconf 83' lang='lat' dir='ltr'>Cadmo</span> <span class='ocrx_word' id='word_1_26' title='bbox 1111 560 1167 625; x_wconf 88' lang='lat' dir='ltr'>est,</span> <span class='ocrx_word' id='word_1_27' title='bbox 1193 551 1285 634; x_wconf 87' lang='lat' dir='ltr'>iisque</span> 
     </span>
     <span class='ocr_line' id='line_1_4' title="bbox 138 648 1287 732; baseline 0.003 -22"><span class='ocrx_word' id='word_1_28' title='bbox 138 649 186 732; x_wconf 90' lang='lat' dir='ltr'>qui</span> <span class='ocrx_word' id='word_1_29' title='bbox 204 649 282 711; x_wconf 92' lang='lat' dir='ltr'>illum</span> <span class='ocrx_word' id='word_1_30' title='bbox 301 660 534 727; x_wconf 87' lang='lat' dir='ltr'>antecesserunt,</span> <span class='ocrx_word' id='word_1_31' title='bbox 559 648 719 728; x_wconf 90' lang='lat' dir='ltr'>recentius,</span> <span class='ocrx_word' id='word_1_32' title='bbox 743 649 907 732; x_wconf 86' lang='lat' dir='ltr'>ceterisque</span> <span class='ocrx_word' id='word_1_33' title='bbox 923 649 995 711; x_wconf 91' lang='lat' dir='ltr'>adeo</span> <span class='ocrx_word' id='word_1_34' title='bbox 1014 649 1061 730; x_wconf 94' lang='lat' dir='ltr'>qui</span> <span class='ocrx_word' id='word_1_35' title='bbox 1079 650 1221 712; x_wconf 87' lang='lat' dir='ltr'>elementa</span> <span class='ocrx_word' id='word_1_36' title='bbox 1241 672 1287 714; x_wconf 88' lang='lat' dir='ltr'>re-</span> 
     </span>
     <span class='ocr_line' id='line_1_5' title="bbox 69 739 1285 836; baseline 0.002 -23"><span class='ocrx_word' id='word_1_37' title='bbox 69 739 74 747; x_wconf 65' lang='grc'>’</span> <span class='ocrx_word' id='word_1_38' title='bbox 137 751 214 835; x_wconf 88' lang='lat' dir='ltr'>liqua</span> <span class='ocrx_word' id='word_1_39' title='bbox 231 763 420 836; x_wconf 80' lang='lat' dir='ltr'>repererunt,</span> <span class='ocrx_word' id='word_1_40' title='bbox 445 772 479 814; x_wconf 90' lang='lat' dir='ltr'>ac</span> <span class='ocrx_word' id='word_1_41' title='bbox 495 761 523 813; x_wconf 95' lang='lat' dir='ltr'>te</span> <span class='ocrx_word' id='word_1_42' title='bbox 537 750 623 813; x_wconf 90' lang='lat' dir='ltr'>etiam</span> <span class='ocrx_word' id='word_1_43' title='bbox 636 751 712 835; x_wconf 89' lang='lat' dir='ltr'>ipso.</span> <span class='ocrx_word' id='word_1_44' title='bbox 756 748 803 813; x_wconf 88' lang='lat' dir='ltr'>Tu</span> <span class='ocrx_word' id='word_1_45' title='bbox 819 751 896 813; x_wconf 90' lang='lat' dir='ltr'>euim</span> <span class='ocrx_word' id='word_1_46' title='bbox 911 751 991 812; x_wconf 88' lang='lat' dir='ltr'>solus</span> <span class='ocrx_word' id='word_1_47' title='bbox 1007 772 1083 829; x_wconf 91' lang='lat' dir='ltr'>eam,</span> <span class='ocrx_word' id='word_1_48' title='bbox 1108 774 1192 834; x_wconf 92' lang='lat' dir='ltr'>quam</span> <span class='ocrx_word' id='word_1_49' title='bbox 1209 755 1285 816; x_wconf 84' lang='lat' dir='ltr'>rcri-</span> 
     </span>
     <span class='ocr_line' id='line_1_6' title="bbox 136 852 1285 938; baseline 0.001 -22"><span class='ocrx_word' id='word_1_50' title='bbox 136 864 224 916; x_wconf 89' lang='lat' dir='ltr'>tatem</span> <span class='ocrx_word' id='word_1_51' title='bbox 241 853 382 938; x_wconf 80' lang='lat' dir='ltr'>appellas,</span> <span class='ocrx_word' id='word_1_52' title='bbox 406 854 506 915; x_wconf 90' lang='lat' dir='ltr'>nescio</span> <span class='ocrx_word' id='word_1_53' title='bbox 522 855 596 937; x_wconf 91' lang='lat' dir='ltr'>quod</span> <span class='ocrx_word' id='word_1_54' title='bbox 611 854 640 916; x_wconf 91' lang='lat' dir='ltr'>in</span> <span class='ocrx_word' id='word_1_55' title='bbox 657 853 841 916; x_wconf 80' lang='lat' dir='ltr'><strong>simulacrum</strong></span> <span class='ocrx_word' id='word_1_56' title='bbox 859 853 1025 915; x_wconf 86' lang='lat' dir='ltr'>detraxisti.</span> <span class='ocrx_word' id='word_1_57' title='bbox 1067 852 1196 938; x_wconf 88' lang='lat' dir='ltr'>Ecquem</span> <span class='ocrx_word' id='word_1_58' title='bbox 1214 877 1285 917; x_wconf 79' lang='lat' dir='ltr'>reso</span> 
     </span>
     <span class='ocr_line' id='line_1_7' title="bbox 137 951 1284 1041; baseline 0.001 -22"><span class='ocrx_word' id='word_1_59' title='bbox 137 966 220 1041; x_wconf 89' lang='lat' dir='ltr'>putas</span> <span class='ocrx_word' id='word_1_60' title='bbox 242 967 318 1019; x_wconf 92' lang='lat' dir='ltr'>tuam</span> <span class='ocrx_word' id='word_1_61' title='bbox 342 955 417 1018; x_wconf 89' lang='lat' dir='ltr'>illam</span> <span class='ocrx_word' id='word_1_62' title='bbox 443 976 534 1039; x_wconf 91' lang='lat' dir='ltr'>usque</span> <span class='ocrx_word' id='word_1_63' title='bbox 558 976 593 1018; x_wconf 90' lang='lat' dir='ltr'>eo</span> <span class='ocrx_word' id='word_1_64' title='bbox 616 956 765 1040; x_wconf 82' lang='lat' dir='ltr'>loquacem</span> <span class='ocrx_word' id='word_1_65' title='bbox 790 951 880 1038; x_wconf 86' lang='lat' dir='ltr'>Sigen</span> <span class='ocrx_word' id='word_1_66' title='bbox 905 977 990 1038; x_wconf 91' lang='lat' dir='ltr'>posse</span> <span class='ocrx_word' id='word_1_67' title='bbox 1011 957 1175 1035; x_wconf 88' lang='lat' dir='ltr'>sustinere,</span> <span class='ocrx_word' id='word_1_68' title='bbox 1211 979 1284 1041; x_wconf 90' lang='lat' dir='ltr'>quae</span> 
     </span>
    </p>
   </div>
   <div class='ocr_carea' id='block_1_3' title="bbox 127 1056 1286 4313">
    <p class='ocr_par' dir='ltr' id='par_1_3' title="bbox 127 1056 1286 3908">
     <span class='ocr_line' id='line_1_8' title="bbox 136 1056 1286 1142; baseline 0.001 -21"><span class='ocrx_word' id='word_1_69' title='bbox 136 1079 202 1121; x_wconf 90' lang='lat' dir='ltr'>eum</span> <span class='ocrx_word' id='word_1_70' title='bbox 223 1059 352 1121; x_wconf 91' lang='lat' dir='ltr'>nominet</span> <span class='ocrx_word' id='word_1_71' title='bbox 374 1058 421 1140; x_wconf 91' lang='lat' dir='ltr'>qui</span> <span class='ocrx_word' id='word_1_72' title='bbox 442 1057 584 1120; x_wconf 89' lang='lat' dir='ltr'>nominari</span> <span class='ocrx_word' id='word_1_73' title='bbox 608 1068 749 1141; x_wconf 79' lang='lat' dir='ltr'>nequeat,</span> <span class='ocrx_word' id='word_1_74' title='bbox 783 1068 811 1119; x_wconf 89' lang='lat' dir='ltr'>et</span> <span class='ocrx_word' id='word_1_75' title='bbox 828 1056 1061 1141; x_wconf 77' lang='lat' dir='ltr'>inexplicabilem</span> <span class='ocrx_word' id='word_1_76' title='bbox 1080 1060 1223 1142; x_wconf 81' lang='lat' dir='ltr'>explicet,</span> <span class='ocrx_word' id='word_1_77' title='bbox 1255 1071 1286 1122; x_wconf 94' lang='lat' dir='ltr'>et</span> 
     </span>
     <span class='ocr_line' id='line_1_9' title="bbox 136 1157 1282 1247; baseline 0.002 -25"><span class='ocrx_word' id='word_1_78' title='bbox 136 1161 184 1244; x_wconf 88' lang='lat' dir='ltr'>qui</span> <span class='ocrx_word' id='word_1_79' title='bbox 211 1160 297 1223; x_wconf 89' lang='lat' dir='ltr'>nullis</span> <span class='ocrx_word' id='word_1_80' title='bbox 319 1159 453 1242; x_wconf 86' lang='lat' dir='ltr'>vestigiis</span> <span class='ocrx_word' id='word_1_81' title='bbox 477 1160 652 1244; x_wconf 77' lang='lat' dir='ltr'>deprehendi</span> <span class='ocrx_word' id='word_1_82' title='bbox 679 1170 775 1244; x_wconf 88' lang='lat' dir='ltr'>potest</span> <span class='ocrx_word' id='word_1_83' title='bbox 796 1159 972 1242; x_wconf 73' lang='lat' dir='ltr'>investiget?</span> <span class='ocrx_word' id='word_1_84' title='bbox 1015 1157 1091 1241; x_wconf 82' lang='lat' dir='ltr'>Quid</span> <span class='ocrx_word' id='word_1_85' title='bbox 1115 1162 1189 1244; x_wconf 89' lang='lat' dir='ltr'>quod</span> <span class='ocrx_word' id='word_1_86' title='bbox 1215 1182 1282 1247; x_wconf 90' lang='lat' dir='ltr'>ape-</span> 
     </span>
     <span class='ocr_line' id='line_1_10' title="bbox 135 1260 1282 1346; baseline 0.003 -22"><span class='ocrx_word' id='word_1_87' title='bbox 135 1261 231 1325; x_wconf 86' lang='lat' dir='ltr'>ruisse</span> <span class='ocrx_word' id='word_1_88' title='bbox 249 1262 317 1324; x_wconf 89' lang='lat' dir='ltr'>dicit</span> <span class='ocrx_word' id='word_1_89' title='bbox 331 1283 364 1324; x_wconf 91' lang='lat' dir='ltr'>os</span> <span class='ocrx_word' id='word_1_90' title='bbox 383 1262 480 1340; x_wconf 89' lang='lat' dir='ltr'>illum,</span> <span class='ocrx_word' id='word_1_91' title='bbox 504 1283 588 1345; x_wconf 90' lang='lat' dir='ltr'>quem</span> <span class='ocrx_word' id='word_1_92' title='bbox 606 1274 636 1325; x_wconf 91' lang='lat' dir='ltr'>tu</span> <span class='ocrx_word' id='word_1_93' title='bbox 653 1263 746 1325; x_wconf 90' lang='lat' dir='ltr'>omnis</span> <span class='ocrx_word' id='word_1_94' title='bbox 766 1273 796 1324; x_wconf 91' lang='lat' dir='ltr'>et</span> <span class='ocrx_word' id='word_1_95' title='bbox 814 1260 945 1345; x_wconf 92' lang='lat' dir='ltr'>corporis</span> <span class='ocrx_word' id='word_1_96' title='bbox 961 1273 1113 1346; x_wconf 85' lang='lat' dir='ltr'>expertem</span> <span class='ocrx_word' id='word_1_97' title='bbox 1129 1273 1157 1324; x_wconf 90' lang='lat' dir='ltr'>et</span> <span class='ocrx_word' id='word_1_98' title='bbox 1175 1263 1282 1345; x_wconf 85' lang='lat' dir='ltr'>figurae</span> 
     </span>
     <span class='ocr_line' id='line_1_11' title="bbox 135 1363 1284 1450; baseline 0.003 -23"><span class='ocrx_word' id='word_1_99' title='bbox 135 1363 304 1450; x_wconf 87' lang='lat' dir='ltr'>praedicas,</span> <span class='ocrx_word' id='word_1_100' title='bbox 337 1385 561 1448; x_wconf 81' lang='lat' dir='ltr'>sermonemque</span> <span class='ocrx_word' id='word_1_101' title='bbox 580 1364 623 1428; x_wconf 86' lang='lat' dir='ltr'>sic</span> <span class='ocrx_word' id='word_1_102' title='bbox 642 1375 776 1448; x_wconf 91' lang='lat' dir='ltr'>tanquam</span> <span class='ocrx_word' id='word_1_103' title='bbox 798 1363 985 1446; x_wconf 92' lang='lat' dir='ltr'>compositum</span> <span class='ocrx_word' id='word_1_104' title='bbox 1006 1364 1157 1448; x_wconf 84' lang='lat' dir='ltr'>quodpiam</span> <span class='ocrx_word' id='word_1_105' title='bbox 1177 1367 1284 1430; x_wconf 88' lang='lat' dir='ltr'>animal</span> 
     </span>
     <span class='ocr_line' id='line_1_12' title="bbox 134 1463 1281 1557; baseline 0.001 -27"><span class='ocrx_word' id='word_1_106' title='bbox 134 1467 280 1530; x_wconf 81' lang='lat' dir='ltr'>edidisset</span> <span class='ocrx_word' id='word_1_107' title='bbox 324 1463 418 1549; x_wconf 83' lang='lat' dir='ltr'>Quem</span> <span class='ocrx_word' id='word_1_108' title='bbox 436 1467 522 1529; x_wconf 88' lang='lat' dir='ltr'>etiam</span> <span class='ocrx_word' id='word_1_109' title='bbox 537 1488 702 1530; x_wconf 88' lang='lat' dir='ltr'>sermonem</span> <span class='ocrx_word' id='word_1_110' title='bbox 723 1467 785 1530; x_wconf 86' lang='lat' dir='ltr'>eius</span> <span class='ocrx_word' id='word_1_111' title='bbox 803 1487 818 1528; x_wconf 89' lang='lat' dir='ltr'>a</span> <span class='ocrx_word' id='word_1_112' title='bbox 836 1487 892 1549; x_wconf 94' lang='lat' dir='ltr'>quo</span> <span class='ocrx_word' id='word_1_113' title='bbox 909 1466 1065 1557; x_wconf 71' lang='lat' dir='ltr'>productas</span> <span class='ocrx_word' id='word_1_114' title='bbox 1081 1478 1127 1531; x_wconf 90' lang='lat' dir='ltr'>est</span> <span class='ocrx_word' id='word_1_115' title='bbox 1145 1467 1281 1557; x_wconf 78' lang='lat' dir='ltr'>similem,</span> 
     </span>
     <span class='ocr_line' id='line_1_13' title="bbox 134 1567 1282 1656; baseline -0.001 -22"><span class='ocrx_word' id='word_1_116' title='bbox 134 1570 314 1654; x_wconf 85' lang='lat' dir='ltr'>effigiemque</span> <span class='ocrx_word' id='word_1_117' title='bbox 334 1589 387 1631; x_wconf 90' lang='lat' dir='ltr'>nec</span> <span class='ocrx_word' id='word_1_118' title='bbox 407 1568 590 1652; x_wconf 70' lang='lat' dir='ltr'>aspectabilis</span> <span class='ocrx_word' id='word_1_119' title='bbox 610 1567 744 1632; x_wconf 80' lang='lat' dir='ltr'>Parentis</span> <span class='ocrx_word' id='word_1_120' title='bbox 763 1568 971 1632; x_wconf 88' lang='lat' dir='ltr'>elementorum</span> <span class='ocrx_word' id='word_1_121' title='bbox 991 1567 1128 1652; x_wconf 83' lang='lat' dir='ltr'>triginta,</span> <span class='ocrx_word' id='word_1_122' title='bbox 1158 1570 1282 1656; x_wconf 82' lang='lat' dir='ltr'>syllaba·</span> 
     </span>
     <span class='ocr_line' id='line_1_14' title="bbox 134 1664 1282 1757; baseline 0.001 -23"><span class='ocrx_word' id='word_1_123' title='bbox 134 1693 197 1736; x_wconf 85' lang='lat' dir='ltr'>rum</span> <span class='ocrx_word' id='word_1_124' title='bbox 215 1683 339 1756; x_wconf 89' lang='lat' dir='ltr'>quatuor</span> <span class='ocrx_word' id='word_1_125' title='bbox 355 1692 422 1734; x_wconf 88' lang='lat' dir='ltr'>csse</span> <span class='ocrx_word' id='word_1_126' title='bbox 437 1669 544 1734; x_wconf 91' lang='lat' dir='ltr'>docuit.</span> <span class='ocrx_word' id='word_1_127' title='bbox 581 1669 776 1753; x_wconf 81' lang='lat' dir='ltr'>Quamcbqem</span> <span class='ocrx_word' id='word_1_128' title='bbox 792 1671 995 1755; x_wconf 83' lang='lat' dir='ltr'>universorum</span> <span class='ocrx_word' id='word_1_129' title='bbox 1009 1664 1123 1755; x_wconf 84' lang='lat' dir='ltr'>Parens</span> <span class='ocrx_word' id='word_1_130' title='bbox 1138 1672 1198 1750; x_wconf 89' lang='lat' dir='ltr'>illc,</span> <span class='ocrx_word' id='word_1_131' title='bbox 1216 1695 1282 1757; x_wconf 90' lang='lat' dir='ltr'>per-</span> 
     </span>
     <span class='ocr_line' id='line_1_15' title="bbox 133 1772 1283 1858; baseline 0.002 -21"><span class='ocrx_word' id='word_1_132' title='bbox 133 1775 202 1837; x_wconf 89' lang='lat' dir='ltr'>inde</span> <span class='ocrx_word' id='word_1_133' title='bbox 226 1794 259 1837; x_wconf 90' lang='lat' dir='ltr'>ac</span> <span class='ocrx_word' id='word_1_134' title='bbox 283 1794 398 1849; x_wconf 89' lang='lat' dir='ltr'>sermo,</span> <span class='ocrx_word' id='word_1_135' title='bbox 429 1783 460 1836; x_wconf 93' lang='lat' dir='ltr'>ut</span> <span class='ocrx_word' id='word_1_136' title='bbox 484 1773 611 1851; x_wconf 89' lang='lat' dir='ltr'>asseris,</span> <span class='ocrx_word' id='word_1_137' title='bbox 643 1773 762 1836; x_wconf 88' lang='lat' dir='ltr'>tricenis</span> <span class='ocrx_word' id='word_1_138' title='bbox 784 1773 936 1835; x_wconf 88' lang='lat' dir='ltr'>elementis</span> <span class='ocrx_word' id='word_1_139' title='bbox 958 1792 993 1836; x_wconf 89' lang='lat' dir='ltr'>ac</span> <span class='ocrx_word' id='word_1_140' title='bbox 1015 1772 1134 1858; x_wconf 82' lang='lat' dir='ltr'>syllabis</span> <span class='ocrx_word' id='word_1_141' title='bbox 1157 1785 1283 1857; x_wconf 88' lang='lat' dir='ltr'>quatuor</span> 
     </span>
     <span class='ocr_line' id='line_1_16' title="bbox 133 1872 1280 1959; baseline 0 -19"><span class='ocrx_word' id='word_1_142' title='bbox 133 1877 289 1940; x_wconf 85' lang='lat' dir='ltr'>constabit.</span> <span class='ocrx_word' id='word_1_143' title='bbox 336 1872 410 1957; x_wconf 89' lang='lat' dir='ltr'>Quis</span> <span class='ocrx_word' id='word_1_144' title='bbox 431 1876 500 1937; x_wconf 93' lang='lat' dir='ltr'>illud</span> <span class='ocrx_word' id='word_1_145' title='bbox 524 1896 595 1939; x_wconf 88' lang='lat' dir='ltr'>vero</span> <span class='ocrx_word' id='word_1_146' title='bbox 615 1875 758 1959; x_wconf 75' lang='lat' dir='ltr'>patienter</span> <span class='ocrx_word' id='word_1_147' title='bbox 776 1875 867 1951; x_wconf 82' lang='lat' dir='ltr'>terat,</span> <span class='ocrx_word' id='word_1_148' title='bbox 901 1875 929 1935; x_wconf 89' lang='lat' dir='ltr'>in</span> <span class='ocrx_word' id='word_1_149' title='bbox 949 1875 1057 1959; x_wconf 83' lang='lat' dir='ltr'>bguras</span> <span class='ocrx_word' id='word_1_150' title='bbox 1079 1897 1113 1936; x_wconf 88' lang='lat' dir='ltr'>ac</span> <span class='ocrx_word' id='word_1_151' title='bbox 1130 1897 1280 1956; x_wconf 86' lang='lat' dir='ltr'>numeros,</span> 
     </span>
     <span class='ocr_line' id='line_1_17' title="bbox 133 1974 1281 2066; baseline 0.001 -24"><span class='ocrx_word' id='word_1_152' title='bbox 133 1980 205 2043; x_wconf 89' lang='lat' dir='ltr'>alias</span> <span class='ocrx_word' id='word_1_153' title='bbox 221 1975 336 2054; x_wconf 87' lang='lat' dir='ltr'>XXX,</span> <span class='ocrx_word' id='word_1_154' title='bbox 361 1978 433 2041; x_wconf 90' lang='lat' dir='ltr'>alias</span> <span class='ocrx_word' id='word_1_155' title='bbox 451 1974 579 2055; x_wconf 91' lang='lat' dir='ltr'>XXlV,</span> <span class='ocrx_word' id='word_1_156' title='bbox 603 1997 807 2066; x_wconf 74' lang='lat' dir='ltr'>urorrnuuquam</span> <span class='ocrx_word' id='word_1_157' title='bbox 825 1974 885 2053; x_wconf 88' lang='lat' dir='ltr'>Vl,</span> <span class='ocrx_word' id='word_1_158' title='bbox 910 1976 1089 2039; x_wconf 89' lang='lat' dir='ltr'>conditorem</span> <span class='ocrx_word' id='word_1_159' title='bbox 1108 1979 1233 2041; x_wconf 77' lang='lat' dir='ltr'>onrrrirrm</span> <span class='ocrx_word' id='word_1_160' title='bbox 1252 1991 1281 2043; x_wconf 91' lang='lat' dir='ltr'>et</span> 
     </span>
     <span class='ocr_line' id='line_1_18' title="bbox 132 2068 1280 2163; baseline -0.002 -18"><span class='ocrx_word' id='word_1_161' title='bbox 132 2082 272 2145; x_wconf 85' lang='lat' dir='ltr'>artificem</span> <span class='ocrx_word' id='word_1_162' title='bbox 289 2081 551 2163; x_wconf 76' lang='lat' dir='ltr'>fabricatoremqne</span> <span class='ocrx_word' id='word_1_163' title='bbox 568 2079 613 2141; x_wconf 90' lang='lat' dir='ltr'>dei</span> <span class='ocrx_word' id='word_1_164' title='bbox 629 2099 792 2141; x_wconf 78' lang='lat' dir='ltr'>sumnonem</span> <span class='ocrx_word' id='word_1_165' title='bbox 810 2099 827 2139; x_wconf 91' lang='lat' dir='ltr'>a</span> <span class='ocrx_word' id='word_1_166' title='bbox 844 2088 871 2140; x_wconf 91' lang='lat' dir='ltr'>te</span> <span class='ocrx_word' id='word_1_167' title='bbox 889 2068 1036 2161; x_wconf 67' lang='lat' dir='ltr'>redbetum</span> <span class='ocrx_word' id='word_1_168' title='bbox 1054 2088 1140 2161; x_wconf 91' lang='lat' dir='ltr'>atque</span> <span class='ocrx_word' id='word_1_169' title='bbox 1156 2083 1280 2144; x_wconf 91' lang='lat' dir='ltr'>coustri-</span> 
     </span>
     <span class='ocr_line' id='line_1_19' title="bbox 132 2179 1280 2277; baseline 0.001 -30"><span class='ocrx_word' id='word_1_170' title='bbox 132 2196 229 2261; x_wconf 88' lang='lat' dir='ltr'>ctum,</span> <span class='ocrx_word' id='word_1_171' title='bbox 261 2184 327 2246; x_wconf 91' lang='lat' dir='ltr'>dum</span> <span class='ocrx_word' id='word_1_172' title='bbox 347 2183 421 2246; x_wconf 89' lang='lat' dir='ltr'>lrunc</span> <span class='ocrx_word' id='word_1_173' title='bbox 443 2183 472 2244; x_wconf 95' lang='lat' dir='ltr'>in</span> <span class='ocrx_word' id='word_1_174' title='bbox 490 2181 618 2267; x_wconf 82' lang='lat' dir='ltr'>syllabas</span> <span class='ocrx_word' id='word_1_175' title='bbox 634 2179 695 2259; x_wconf 85' lang='lat' dir='ltr'>lV,</span> <span class='ocrx_word' id='word_1_176' title='bbox 729 2181 846 2264; x_wconf 85' lang='lat' dir='ltr'>triginta</span> <span class='ocrx_word' id='word_1_177' title='bbox 867 2201 939 2242; x_wconf 87' lang='lat' dir='ltr'>vero</span> <span class='ocrx_word' id='word_1_178' title='bbox 948 2179 1107 2277; x_wconf 47' lang='lat' dir='ltr'>splendente</span> <span class='ocrx_word' id='word_1_179' title='bbox 1130 2183 1280 2248; x_wconf 76' lang='lat' dir='ltr'>coancillis?</span> 
     </span>
     <span class='ocr_line' id='line_1_20' title="bbox 132 2272 1279 2385; baseline 0 -36"><span class='ocrx_word' id='word_1_180' title='bbox 132 2284 190 2369; x_wconf 92' lang='lat' dir='ltr'>Qui</span> <span class='ocrx_word' id='word_1_181' title='bbox 214 2286 360 2349; x_wconf 89' lang='lat' dir='ltr'>domiuum</span> <span class='ocrx_word' id='word_1_182' title='bbox 383 2285 526 2361; x_wconf 92' lang='lat' dir='ltr'>omnium,</span> <span class='ocrx_word' id='word_1_183' title='bbox 560 2305 654 2368; x_wconf 89' lang='lat' dir='ltr'>aquo</span> <span class='ocrx_word' id='word_1_184' title='bbox 673 2283 815 2346; x_wconf 88' lang='lat' dir='ltr'>coelestes</span> <span class='ocrx_word' id='word_1_185' title='bbox 838 2283 878 2345; x_wconf 88' lang='lat' dir='ltr'>illi</span> <span class='ocrx_word' id='word_1_186' title='bbox 898 2272 986 2385; x_wconf 77' lang='lat' dir='ltr'>0er</span> <span class='ocrx_word' id='word_1_187' title='bbox 1003 2282 1114 2355; x_wconf 80' lang='lat' dir='ltr'>laudati</span> <span class='ocrx_word' id='word_1_188' title='bbox 1134 2296 1218 2364; x_wconf 93' lang='lat' dir='ltr'>sunt,</span> <span class='ocrx_word' id='word_1_189' title='bbox 1249 2287 1279 2350; x_wconf 93' lang='lat' dir='ltr'>iu</span> 
     </span>
     <span class='ocr_line' id='line_1_21' title="bbox 131 2374 1278 2470; baseline -0.002 -17"><span class='ocrx_word' id='word_1_190' title='bbox 131 2384 448 2453; x_wconf 86' lang='lat' dir='ltr'>DCCCLXXXVlll</span> <span class='ocrx_word' id='word_1_191' title='bbox 471 2407 621 2450; x_wconf 85' lang='lat' dir='ltr'>numerum</span> <span class='ocrx_word' id='word_1_192' title='bbox 645 2386 784 2464; x_wconf 88' lang='lat' dir='ltr'>includis,</span> <span class='ocrx_word' id='word_1_193' title='bbox 818 2385 901 2469; x_wconf 89' lang='lat' dir='ltr'>quasi</span> <span class='ocrx_word' id='word_1_194' title='bbox 922 2374 1044 2467; x_wconf 55' lang='lat' dir='ltr'>sin‘fllem</span> <span class='ocrx_word' id='word_1_195' title='bbox 1064 2385 1205 2470; x_wconf 84' lang='lat' dir='ltr'>alphabeti</span> <span class='ocrx_word' id='word_1_196' title='bbox 1228 2409 1278 2451; x_wconf 91' lang='lat' dir='ltr'>aa·</span> 
     </span>
     <span class='ocr_line' id='line_1_22' title="bbox 130 2485 1279 2573; baseline 0.001 -19"><span class='ocrx_word' id='word_1_197' title='bbox 130 2503 225 2555; x_wconf 89' lang='lat' dir='ltr'>turam</span> <span class='ocrx_word' id='word_1_198' title='bbox 247 2491 386 2553; x_wconf 90' lang='lat' dir='ltr'>obtineat.</span> <span class='ocrx_word' id='word_1_199' title='bbox 434 2486 491 2570; x_wconf 93' lang='lat' dir='ltr'>Qui</span> <span class='ocrx_word' id='word_1_200' title='bbox 514 2510 655 2552; x_wconf 90' lang='lat' dir='ltr'>summum</span> <span class='ocrx_word' id='word_1_201' title='bbox 679 2485 852 2566; x_wconf 78' lang='lat' dir='ltr'>Paraetoni,</span> <span class='ocrx_word' id='word_1_202' title='bbox 878 2509 894 2551; x_wconf 94' lang='lat' dir='ltr'>a</span> <span class='ocrx_word' id='word_1_203' title='bbox 917 2510 974 2572; x_wconf 92' lang='lat' dir='ltr'>qno</span> <span class='ocrx_word' id='word_1_204' title='bbox 996 2491 1279 2573; x_wconf 88' lang='lat' dir='ltr'>comprehenduntur</span> 
     </span>
     <span class='ocr_line' id='line_1_23' title="bbox 130 2588 1276 2677; baseline -0.003 -19"><span class='ocrx_word' id='word_1_205' title='bbox 130 2593 245 2671; x_wconf 90' lang='lat' dir='ltr'>omnia,</span> <span class='ocrx_word' id='word_1_206' title='bbox 275 2614 341 2656; x_wconf 89' lang='lat' dir='ltr'>com</span> <span class='ocrx_word' id='word_1_207' title='bbox 360 2613 377 2656; x_wconf 90' lang='lat' dir='ltr'>a</span> <span class='ocrx_word' id='word_1_208' title='bbox 395 2591 510 2655; x_wconf 90' lang='lat' dir='ltr'>nemine</span> <span class='ocrx_word' id='word_1_209' title='bbox 527 2592 590 2677; x_wconf 90' lang='lat' dir='ltr'>ipse</span> <span class='ocrx_word' id='word_1_210' title='bbox 609 2591 885 2675; x_wconf 76' lang='lat' dir='ltr'>comprehendatur,</span> <span class='ocrx_word' id='word_1_211' title='bbox 910 2591 939 2653; x_wconf 90' lang='lat' dir='ltr'>iu</span> <span class='ocrx_word' id='word_1_212' title='bbox 958 2588 1134 2671; x_wconf 85' lang='lat' dir='ltr'>Tetradem,</span> <span class='ocrx_word' id='word_1_213' title='bbox 1159 2590 1276 2677; x_wconf 89' lang='lat' dir='ltr'>Ogdoa-</span> 
     </span>
     <span class='ocr_line' id='line_1_24' title="bbox 130 2692 1277 2781; baseline 0.002 -23"><span class='ocrx_word' id='word_1_214' title='bbox 130 2697 208 2773; x_wconf 89' lang='lat' dir='ltr'>dem,</span> <span class='ocrx_word' id='word_1_215' title='bbox 232 2693 381 2759; x_wconf 87' lang='lat' dir='ltr'>Dccadcm</span> <span class='ocrx_word' id='word_1_216' title='bbox 397 2693 640 2778; x_wconf 89' lang='lat' dir='ltr'>Dodecademquc</span> <span class='ocrx_word' id='word_1_217' title='bbox 658 2694 821 2777; x_wconf 79' lang='lat' dir='ltr'>distinguis.</span> <span class='ocrx_word' id='word_1_218' title='bbox 867 2692 982 2777; x_wconf 81' lang='lat' dir='ltr'>Quique</span> <span class='ocrx_word' id='word_1_219' title='bbox 1003 2693 1054 2756; x_wconf 91' lang='lat' dir='ltr'>hae</span> <span class='ocrx_word' id='word_1_220' title='bbox 1072 2695 1277 2781; x_wconf 89' lang='lat' dir='ltr'>multiplicandi</span> 
     </span>
     <span class='ocr_line' id='line_1_25' title="bbox 128 2796 1277 2882; baseline 0 -20"><span class='ocrx_word' id='word_1_221' title='bbox 128 2798 246 2862; x_wconf 88' lang='lat' dir='ltr'>licentia</span> <span class='ocrx_word' id='word_1_222' title='bbox 264 2798 317 2861; x_wconf 93' lang='lat' dir='ltr'>boc</span> <span class='ocrx_word' id='word_1_223' title='bbox 332 2798 425 2882; x_wconf 90' lang='lat' dir='ltr'>ipsum</span> <span class='ocrx_word' id='word_1_224' title='bbox 443 2799 516 2880; x_wconf 89' lang='lat' dir='ltr'>quod</span> <span class='ocrx_word' id='word_1_225' title='bbox 534 2798 563 2860; x_wconf 91' lang='lat' dir='ltr'>iu</span> <span class='ocrx_word' id='word_1_226' title='bbox 580 2796 668 2860; x_wconf 89' lang='lat' dir='ltr'>Patre</span> <span class='ocrx_word' id='word_1_227' title='bbox 686 2818 740 2859; x_wconf 92' lang='lat' dir='ltr'>nec</span> <span class='ocrx_word' id='word_1_228' title='bbox 757 2796 898 2880; x_wconf 84' lang='lat' dir='ltr'>explicari</span> <span class='ocrx_word' id='word_1_229' title='bbox 913 2796 1011 2858; x_wconf 85' lang='lat' dir='ltr'>verbis</span> <span class='ocrx_word' id='word_1_230' title='bbox 1028 2818 1081 2860; x_wconf 90' lang='lat' dir='ltr'>nce</span> <span class='ocrx_word' id='word_1_231' title='bbox 1098 2799 1193 2861; x_wconf 90' lang='lat' dir='ltr'>animo</span> <span class='ocrx_word' id='word_1_232' title='bbox 1208 2821 1277 2862; x_wconf 91' lang='lat' dir='ltr'>con-</span> 
     </span>
     <span class='ocr_line' id='line_1_26' title="bbox 130 2899 1276 2986; baseline 0.001 -22"><span class='ocrx_word' id='word_1_233' title='bbox 130 2901 185 2986; x_wconf 93' lang='lat' dir='ltr'>cipi</span> <span class='ocrx_word' id='word_1_234' title='bbox 205 2921 291 2986; x_wconf 90' lang='lat' dir='ltr'>posse</span> <span class='ocrx_word' id='word_1_235' title='bbox 311 2900 459 2983; x_wconf 88' lang='lat' dir='ltr'>praedicas</span> <span class='ocrx_word' id='word_1_236' title='bbox 477 2901 609 2963; x_wconf 89' lang='lat' dir='ltr'>oratione</span> <span class='ocrx_word' id='word_1_237' title='bbox 628 2899 777 2976; x_wconf 90' lang='lat' dir='ltr'>declaras,</span> <span class='ocrx_word' id='word_1_238' title='bbox 802 2910 931 2982; x_wconf 84' lang='lat' dir='ltr'>atquem</span> <span class='ocrx_word' id='word_1_239' title='bbox 951 2900 1082 2984; x_wconf 84' lang='lat' dir='ltr'>corporis</span> <span class='ocrx_word' id='word_1_240' title='bbox 1098 2912 1276 2986; x_wconf 90' lang='lat' dir='ltr'>naturaeque</span> 
     </span>
     <span class='ocr_line' id='line_1_27' title="bbox 129 3001 1274 3089; baseline 0.001 -22"><span class='ocrx_word' id='word_1_241' title='bbox 129 3004 202 3067; x_wconf 87' lang='lat' dir='ltr'>lacis</span> <span class='ocrx_word' id='word_1_242' title='bbox 224 3013 392 3089; x_wconf 84' lang='lat' dir='ltr'>expertem,</span> <span class='ocrx_word' id='word_1_243' title='bbox 427 3003 490 3065; x_wconf 89' lang='lat' dir='ltr'>eius</span> <span class='ocrx_word' id='word_1_244' title='bbox 513 3013 543 3065; x_wconf 93' lang='lat' dir='ltr'>et</span> <span class='ocrx_word' id='word_1_245' title='bbox 564 3012 697 3065; x_wconf 87' lang='lat' dir='ltr'>naturam</span> <span class='ocrx_word' id='word_1_246' title='bbox 719 3013 749 3064; x_wconf 91' lang='lat' dir='ltr'>et</span> <span class='ocrx_word' id='word_1_247' title='bbox 767 3001 957 3064; x_wconf 87' lang='lat' dir='ltr'>substantiam</span> <span class='ocrx_word' id='word_1_248' title='bbox 975 3002 1102 3085; x_wconf 90' lang='lat' dir='ltr'>pluribus</span> <span class='ocrx_word' id='word_1_249' title='bbox 1126 3025 1164 3066; x_wconf 86' lang='lat' dir='ltr'>ex</span> <span class='ocrx_word' id='word_1_250' title='bbox 1178 3005 1274 3083; x_wconf 91' lang='lat' dir='ltr'>lineis,</span> 
     </span>
     <span class='ocr_line' id='line_1_28' title="bbox 130 3089 1276 3191; baseline 0.002 -23"><span class='ocrx_word' id='word_1_251' title='bbox 130 3126 249 3190; x_wconf 75' lang='lat' dir='ltr'>quarm</span> <span class='ocrx_word' id='word_1_252' title='bbox 265 3103 340 3168; x_wconf 88' lang='lat' dir='ltr'>aliae</span> <span class='ocrx_word' id='word_1_253' title='bbox 356 3124 394 3166; x_wconf 87' lang='lat' dir='ltr'>ex</span> <span class='ocrx_word' id='word_1_254' title='bbox 410 3105 475 3168; x_wconf 89' lang='lat' dir='ltr'>aliis</span> <span class='ocrx_word' id='word_1_255' title='bbox 487 3104 653 3188; x_wconf 76' lang='lat' dir='ltr'>gignantur,</span> <span class='ocrx_word' id='word_1_256' title='bbox 679 3103 876 3188; x_wconf 85' lang='lat' dir='ltr'>coagmentari</span> <span class='ocrx_word' id='word_1_257' title='bbox 891 3104 1036 3187; x_wconf 88' lang='lat' dir='ltr'>disputas,</span> <span class='ocrx_word' id='word_1_258' title='bbox 1061 3105 1089 3167; x_wconf 90' lang='lat' dir='ltr'>in</span> <span class='ocrx_word' id='word_1_259' title='bbox 1104 3089 1160 3190; x_wconf 83' lang='lat' dir='ltr'>quo</span> <span class='ocrx_word' id='word_1_260' title='bbox 1175 3128 1276 3191; x_wconf 89' lang='lat' dir='ltr'>supre-</span> 
     </span>
     <span class='ocr_line' id='line_1_29' title="bbox 128 3205 1273 3290; baseline -0.001 -18"><span class='ocrx_word' id='word_1_261' title='bbox 128 3228 194 3273; x_wconf 90' lang='lat' dir='ltr'>mae</span> <span class='ocrx_word' id='word_1_262' title='bbox 208 3207 324 3271; x_wconf 86' lang='lat' dir='ltr'>rirtutis</span> <span class='ocrx_word' id='word_1_263' title='bbox 337 3207 413 3270; x_wconf 88' lang='lat' dir='ltr'>illius</span> <span class='ocrx_word' id='word_1_264' title='bbox 430 3207 614 3270; x_wconf 76' lang='lat' dir='ltr'>falsissimum</span> <span class='ocrx_word' id='word_1_265' title='bbox 632 3218 660 3270; x_wconf 91' lang='lat' dir='ltr'>tc</span> <span class='ocrx_word' id='word_1_266' title='bbox 675 3205 834 3269; x_wconf 89' lang='lat' dir='ltr'>Daedalum</span> <span class='ocrx_word' id='word_1_267' title='bbox 852 3227 885 3268; x_wconf 92' lang='lat' dir='ltr'>ac</span> <span class='ocrx_word' id='word_1_268' title='bbox 900 3207 1054 3290; x_wconf 90' lang='lat' dir='ltr'>pessimum</span> <span class='ocrx_word' id='word_1_269' title='bbox 1072 3208 1273 3272; x_wconf 80' lang='lat' dir='ltr'>fabricatorem</span> 
     </span>
     <span class='ocr_line' id='line_1_30' title="bbox 128 3306 1273 3392; baseline 0 -18"><span class='ocrx_word' id='word_1_270' title='bbox 128 3330 196 3375; x_wconf 89' lang='lat' dir='ltr'>esse</span> <span class='ocrx_word' id='word_1_271' title='bbox 214 3320 436 3373; x_wconf 78' lang='lat' dir='ltr'>commonstres.</span> <span class='ocrx_word' id='word_1_272' title='bbox 483 3306 541 3392; x_wconf 89' lang='lat' dir='ltr'>Qui</span> <span class='ocrx_word' id='word_1_273' title='bbox 557 3310 677 3372; x_wconf 87' lang='lat' dir='ltr'>eandem</span> <span class='ocrx_word' id='word_1_274' title='bbox 695 3308 843 3386; x_wconf 86' lang='lat' dir='ltr'>virtutem,</span> <span class='ocrx_word' id='word_1_275' title='bbox 866 3330 950 3392; x_wconf 91' lang='lat' dir='ltr'>quam</span> <span class='ocrx_word' id='word_1_276' title='bbox 966 3309 1141 3373; x_wconf 85' lang='lat' dir='ltr'>individuam</span> <span class='ocrx_word' id='word_1_277' title='bbox 1159 3312 1273 3391; x_wconf 87' lang='lat' dir='ltr'>statuis,</span> 
     </span>
     <span class='ocr_line' id='line_1_31' title="bbox 128 3410 1274 3495; baseline 0.001 -19"><span class='ocrx_word' id='word_1_278' title='bbox 128 3414 158 3476; x_wconf 91' lang='lat' dir='ltr'>in</span> <span class='ocrx_word' id='word_1_279' title='bbox 179 3422 290 3489; x_wconf 90' lang='lat' dir='ltr'>mutos,</span> <span class='ocrx_word' id='word_1_280' title='bbox 322 3413 440 3475; x_wconf 84' lang='lat' dir='ltr'>vocales</span> <span class='ocrx_word' id='word_1_281' title='bbox 457 3433 491 3476; x_wconf 92' lang='lat' dir='ltr'>ac</span> <span class='ocrx_word' id='word_1_282' title='bbox 507 3412 699 3475; x_wconf 90' lang='lat' dir='ltr'>semivocales</span> <span class='ocrx_word' id='word_1_283' title='bbox 716 3433 805 3474; x_wconf 89' lang='lat' dir='ltr'>sonos</span> <span class='ocrx_word' id='word_1_284' title='bbox 820 3410 940 3490; x_wconf 91' lang='lat' dir='ltr'>dividis,</span> <span class='ocrx_word' id='word_1_285' title='bbox 971 3413 1103 3495; x_wconf 90' lang='lat' dir='ltr'>quodque</span> <span class='ocrx_word' id='word_1_286' title='bbox 1120 3423 1227 3475; x_wconf 80' lang='lat' dir='ltr'>murtrum</span> <span class='ocrx_word' id='word_1_287' title='bbox 1245 3415 1274 3478; x_wconf 91' lang='lat' dir='ltr'>iu</span> 
     </span>
     <span class='ocr_line' id='line_1_32' title="bbox 127 3513 1273 3599; baseline 0 -20"><span class='ocrx_word' id='word_1_288' title='bbox 127 3514 186 3579; x_wconf 89' lang='lat' dir='ltr'>illis</span> <span class='ocrx_word' id='word_1_289' title='bbox 200 3525 257 3594; x_wconf 92' lang='lat' dir='ltr'>est,</span> <span class='ocrx_word' id='word_1_290' title='bbox 280 3513 400 3578; x_wconf 89' lang='lat' dir='ltr'>Pareoti</span> <span class='ocrx_word' id='word_1_291' title='bbox 415 3515 541 3578; x_wconf 87' lang='lat' dir='ltr'>omnium</span> <span class='ocrx_word' id='word_1_292' title='bbox 557 3515 677 3599; x_wconf 90' lang='lat' dir='ltr'>eiusque</span> <span class='ocrx_word' id='word_1_293' title='bbox 693 3513 861 3598; x_wconf 85' lang='lat' dir='ltr'>cogitationi</span> <span class='ocrx_word' id='word_1_294' title='bbox 878 3514 951 3576; x_wconf 84' lang='lat' dir='ltr'>salso</span> <span class='ocrx_word' id='word_1_295' title='bbox 967 3514 1096 3576; x_wconf 88' lang='lat' dir='ltr'>tribuens</span> <span class='ocrx_word' id='word_1_296' title='bbox 1113 3525 1273 3579; x_wconf 84' lang='lat' dir='ltr'>extremam</span> 
     </span>
     <span class='ocr_line' id='line_1_33' title="bbox 127 3616 1271 3701; baseline 0.002 -21"><span class='ocrx_word' id='word_1_297' title='bbox 127 3619 157 3680; x_wconf 92' lang='lat' dir='ltr'>in</span> <span class='ocrx_word' id='word_1_298' title='bbox 177 3617 381 3700; x_wconf 85' lang='lat' dir='ltr'>blasphemiam</span> <span class='ocrx_word' id='word_1_299' title='bbox 404 3629 489 3701; x_wconf 89' lang='lat' dir='ltr'>atque</span> <span class='ocrx_word' id='word_1_300' title='bbox 507 3617 651 3700; x_wconf 87' lang='lat' dir='ltr'>insignem</span> <span class='ocrx_word' id='word_1_301' title='bbox 669 3616 844 3700; x_wconf 87' lang='lat' dir='ltr'>impietatem</span> <span class='ocrx_word' id='word_1_302' title='bbox 862 3627 1024 3679; x_wconf 86' lang='lat' dir='ltr'>sectatores</span> <span class='ocrx_word' id='word_1_303' title='bbox 1042 3626 1107 3679; x_wconf 90' lang='lat' dir='ltr'>tuos</span> <span class='ocrx_word' id='word_1_304' title='bbox 1124 3617 1271 3701; x_wconf 87' lang='lat' dir='ltr'>impulisti.</span> 
     </span>
     <span class='ocr_line' id='line_1_34' title="bbox 129 3716 1272 3802; baseline 0.001 -19"><span class='ocrx_word' id='word_1_305' title='bbox 129 3716 326 3802; x_wconf 89' lang='lat' dir='ltr'>Quamobrem</span> <span class='ocrx_word' id='word_1_306' title='bbox 349 3720 412 3783; x_wconf 91' lang='lat' dir='ltr'>iure</span> <span class='ocrx_word' id='word_1_307' title='bbox 436 3742 468 3782; x_wconf 90' lang='lat' dir='ltr'>ac</span> <span class='ocrx_word' id='word_1_308' title='bbox 487 3720 591 3782; x_wconf 88' lang='lat' dir='ltr'>merito</span> <span class='ocrx_word' id='word_1_309' title='bbox 614 3719 642 3782; x_wconf 92' lang='lat' dir='ltr'>in</span> <span class='ocrx_word' id='word_1_310' title='bbox 667 3719 740 3782; x_wconf 91' lang='lat' dir='ltr'>hanc</span> <span class='ocrx_word' id='word_1_311' title='bbox 762 3729 838 3781; x_wconf 90' lang='lat' dir='ltr'>tuam</span> <span class='ocrx_word' id='word_1_312' title='bbox 858 3719 931 3782; x_wconf 90' lang='lat' dir='ltr'>adeo</span> <span class='ocrx_word' id='word_1_313' title='bbox 950 3719 1106 3802; x_wconf 89' lang='lat' dir='ltr'>proiectam</span> <span class='ocrx_word' id='word_1_314' title='bbox 1126 3723 1272 3785; x_wconf 88' lang='lat' dir='ltr'>audaciam</span> 
     </span>
     <span class='ocr_line' id='line_1_35' title="bbox 127 3821 1250 3908; baseline 0.002 -24"><span class='ocrx_word' id='word_1_315' title='bbox 127 3822 242 3885; x_wconf 83' lang='lat' dir='ltr'>divinus</span> <span class='ocrx_word' id='word_1_316' title='bbox 265 3822 314 3885; x_wconf 93' lang='lat' dir='ltr'>ille</span> <span class='ocrx_word' id='word_1_317' title='bbox 335 3843 447 3898; x_wconf 86' lang='lat' dir='ltr'>senex,</span> <span class='ocrx_word' id='word_1_318' title='bbox 472 3844 507 3885; x_wconf 92' lang='lat' dir='ltr'>ac</span> <span class='ocrx_word' id='word_1_319' title='bbox 530 3843 635 3908; x_wconf 84' lang='lat' dir='ltr'>praeco</span> <span class='ocrx_word' id='word_1_320' title='bbox 655 3821 787 3886; x_wconf 82' lang='lat' dir='ltr'>veritatis</span> <span class='ocrx_word' id='word_1_321' title='bbox 811 3821 1013 3904; x_wconf 15' lang='lat' dir='ltr'>hislversibus</span> <span class='ocrx_word' id='word_1_322' title='bbox 1035 3822 1167 3888; x_wconf 91' lang='lat' dir='ltr'>invectus</span> <span class='ocrx_word' id='word_1_323' title='bbox 1189 3834 1250 3887; x_wconf 89' lang='lat' dir='ltr'>est:</span> 
     </span>
    </p>

    <p class='ocr_par' dir='ltr' id='par_1_4' title="bbox 302 3927 998 4006">
     <span class='ocr_line' id='line_1_36' title="bbox 302 3927 998 4006; baseline -0.003 -20"><span class='ocrx_word' id='word_1_324' title='bbox 302 3929 381 3986; x_wconf 85' lang='lat' dir='ltr'>Idola</span> <span class='ocrx_word' id='word_1_325' title='bbox 394 3927 514 4006; x_wconf 72' lang='lat' dir='ltr'>fingens</span> <span class='ocrx_word' id='word_1_326' title='bbox 535 3931 650 4000; x_wconf 79' lang='lat' dir='ltr'>Marce,</span> <span class='ocrx_word' id='word_1_327' title='bbox 676 3937 861 3987; x_wconf 82' lang='lat' dir='ltr'>monstrorum</span> <span class='ocrx_word' id='word_1_328' title='bbox 881 3927 998 4004; x_wconf 70' lang='lat' dir='ltr'>artesae,</span> 
     </span>
    </p>

    <p class='ocr_par' dir='ltr' id='par_1_5' title="bbox 301 4032 1084 4109">
     <span class='ocr_line' id='line_1_37' title="bbox 301 4032 1084 4109; baseline -0.001 -19"><span class='ocrx_word' id='word_1_329' title='bbox 301 4032 476 4109; x_wconf 68' lang='lat' dir='ltr'>Fraudatque</span> <span class='ocrx_word' id='word_1_330' title='bbox 494 4050 586 4108; x_wconf 82' lang='lat' dir='ltr'>gaure</span> <span class='ocrx_word' id='word_1_331' title='bbox 607 4033 748 4108; x_wconf 85' lang='lat' dir='ltr'>mcgr&#39;eue,</span> <span class='ocrx_word' id='word_1_332' title='bbox 773 4040 801 4087; x_wconf 85' lang='lat' dir='ltr'>et</span> <span class='ocrx_word' id='word_1_333' title='bbox 821 4039 961 4088; x_wconf 86' lang='lat' dir='ltr'>astrorum</span> <span class='ocrx_word' id='word_1_334' title='bbox 983 4032 1084 4102; x_wconf 75' lang='lat' dir='ltr'>serens,</span> 
     </span>
    </p>

    <p class='ocr_par' dir='ltr' id='par_1_6' title="bbox 302 4132 939 4213">
     <span class='ocr_line' id='line_1_38' title="bbox 302 4132 939 4213; baseline -0.002 -23"><span class='ocrx_word' id='word_1_335' title='bbox 302 4134 420 4191; x_wconf 73' lang='lat' dir='ltr'>Era-cris</span> <span class='ocrx_word' id='word_1_336' title='bbox 443 4135 515 4192; x_wconf 83' lang='lat' dir='ltr'>unde</span> <span class='ocrx_word' id='word_1_337' title='bbox 535 4135 637 4211; x_wconf 81' lang='lat' dir='ltr'>dogma</span> <span class='ocrx_word' id='word_1_338' title='bbox 655 4132 820 4213; x_wconf 64' lang='lat' dir='ltr'>poetastrum</span> <span class='ocrx_word' id='word_1_339' title='bbox 840 4133 939 4202; x_wconf 76' lang='lat' dir='ltr'>stratis,</span> 
     </span>
    </p>

    <p class='ocr_par' dir='ltr' id='par_1_7' title="bbox 301 4234 990 4313">
     <span class='ocr_line' id='line_1_39' title="bbox 301 4234 990 4313; baseline 0.003 -21"><span class='ocrx_word' id='word_1_340' title='bbox 301 4236 433 4294; x_wconf 84' lang='lat' dir='ltr'>Portenta</span> <span class='ocrx_word' id='word_1_341' title='bbox 454 4254 553 4294; x_wconf 82' lang='lat' dir='ltr'>caecae</span> <span class='ocrx_word' id='word_1_342' title='bbox 564 4235 641 4313; x_wconf 81' lang='lat' dir='ltr'>ficto</span> <span class='ocrx_word' id='word_1_343' title='bbox 663 4237 726 4294; x_wconf 86' lang='lat' dir='ltr'>dum</span> <span class='ocrx_word' id='word_1_344' title='bbox 749 4235 847 4293; x_wconf 81' lang='lat' dir='ltr'>turbae</span> <span class='ocrx_word' id='word_1_345' title='bbox 868 4234 990 4308; x_wconf 78' lang='lat' dir='ltr'>sedales,</span> 
     </span>
    </p>
   </div>
   <div class='ocr_carea' id='block_1_4' title="bbox 126 4362 1271 4637">
    <p class='ocr_par' dir='ltr' id='par_1_8' title="bbox 126 4362 1271 4637">
     <span class='ocr_line' id='line_1_40' title="bbox 126 4362 1271 4453; baseline 0.004 -31"><span class='ocrx_word' id='word_1_346' title='bbox 126 4364 188 4453; x_wconf 78' lang='lat' dir='ltr'>ro‘aq</span> <span class='ocrx_word' id='word_1_347' title='bbox 202 4364 283 4438; x_wconf 74' lang='lat' dir='ltr'>noima</span> <span class='ocrx_word' id='word_1_348' title='bbox 298 4374 363 4431; x_wconf 57' lang='lat' dir='ltr'>cett„</span> <span class='ocrx_word' id='word_1_349' title='bbox 381 4372 524 4450; x_wconf 77' lang='lat' dir='ltr'>dtossuetqs:</span> <span class='ocrx_word' id='word_1_350' title='bbox 542 4362 684 4437; x_wconf 75' lang='grc' dir='ltr'><strong>ἅλφαβήτῳ</strong></span> <span class='ocrx_word' id='word_1_351' title='bbox 716 4382 776 4431; x_wconf 78' lang='lat' dir='ltr'>pree.</span> <span class='ocrx_word' id='word_1_352' title='bbox 816 4373 877 4420; x_wconf 84' lang='lat' dir='ltr'>Nom</span> <span class='ocrx_word' id='word_1_353' title='bbox 898 4372 1025 4433; x_wconf 81' lang='lat' dir='ltr'>Eptpbom&#39;t</span> <span class='ocrx_word' id='word_1_354' title='bbox 1050 4373 1102 4422; x_wconf 77' lang='lat' dir='ltr'>libat</span> <span class='ocrx_word' id='word_1_355' title='bbox 1124 4375 1206 4425; x_wconf 85' lang='lat' dir='ltr'>babeat</span> <span class='ocrx_word' id='word_1_356' title='bbox 1227 4375 1271 4428; x_wconf 85' lang='grc' dir='ltr'>τοῦ</span> 
     </span>
     <span class='ocr_line' id='line_1_41' title="bbox 127 4430 877 4522; baseline 0.001 -33"><span class='ocrx_word' id='word_1_357' title='bbox 127 4430 203 4490; x_wconf 69' lang='grc' dir='ltr'>αὐτὸν</span> <span class='ocrx_word' id='word_1_358' title='bbox 216 4434 343 4522; x_wconf 51' lang='grc' dir='ltr'><strong>γεγονότα,</strong></span> <span class='ocrx_word' id='word_1_359' title='bbox 355 4435 451 4490; x_wconf 75' lang='grc' dir='ltr'><strong>καιτοι</strong></span> <span class='ocrx_word' id='word_1_360' title='bbox 463 4453 542 4490; x_wconf 82' lang='grc' dir='ltr'>παντα</span> <span class='ocrx_word' id='word_1_361' title='bbox 551 4443 601 4486; x_wconf 85' lang='lat' dir='ltr'>cett</span> <span class='ocrx_word' id='word_1_362' title='bbox 625 4438 684 4487; x_wconf 84' lang='lat' dir='ltr'>stte-</span> <span class='ocrx_word' id='word_1_363' title='bbox 718 4436 771 4489; x_wconf 84' lang='grc' dir='ltr'><strong>υἱοῦ</strong></span> <span class='ocrx_word' id='word_1_364' title='bbox 791 4435 877 4506; x_wconf 74' lang='grc' dir='ltr'>ἐννοίᾳ.</span> 
     </span>
     <span class='ocr_line' id='line_1_42' title="bbox 126 4455 1065 4637; baseline 0.002 -13"><span class='ocrx_word' id='word_1_365' title='bbox 126 4508 205 4625; x_wconf 70' lang='lat' dir='ltr'>“tt</span> <span class='ocrx_word' id='word_1_366' title='bbox 211 4498 685 4637; x_wconf 57' lang='lat' dir='ltr'>ratldatatt&#39;lttltltttt</span> <span class='ocrx_word' id='word_1_367' title='bbox 754 4501 793 4559; x_wconf 69' lang='lat'>¹⁴</span> <span class='ocrx_word' id='word_1_368' title='bbox 810 4455 870 4559; x_wconf 47' lang='grc' dir='ltr'>καὶ</span> <span class='ocrx_word' id='word_1_369' title='bbox 867 4521 912 4557; x_wconf 69' lang='grc'>”’”</span> <span class='ocrx_word' id='word_1_370' title='bbox 927 4509 977 4558; x_wconf 69' lang='lat'>⁰⁰¹¹</span> <span class='ocrx_word' id='word_1_371' title='bbox 991 4509 1065 4559; x_wconf 53' lang='grc' dir='ltr'>Μ’</span> 
     </span>
    </p>
   </div>
   <div class='ocr_carea' id='block_1_5' title="bbox 0 0 1528 5084">
    <p class='ocr_par' dir='ltr' id='par_1_9' title="bbox 0 0 1528 5084">
     <span class='ocr_line' id='line_1_43' title="bbox 0 0 1528 5084; baseline 0 4"><span class='ocrx_word' id='word_1_372' title='bbox 0 0 1528 5084; x_wconf 95' lang='lat' dir='ltr'> </span> 
     </span>
    </p>
   </div>
  </div>
 </body>
</html>
