3046 5084
179 305 241 367 530
602 317 721 367 ειιιοτι
738 317 904 367 εειοιιιειιι

177 432 245 497 νεάν
258 432 496 518 προβαινόντων,
518 435 569 497 καί
583 431 657 497 κατά
673 429 811 516 διαδοχήν
828 435 897 498 υίοῦ
912 433 1024 518 πατέρα
1038 436 1275 517 διαδεχομένου,
1298 437 1339 513 είς

180 534 279 619 γενεάς
301 538 385 600 πέντε
407 533 425 600 ό
447 532 520 600 αίῶν
543 533 668 616 έλήλακε.

48 654 115 722 Κεφ.
128 651 162 721 η’,
264 639 323 701 Καί
339 640 437 722 γέγονε
452 635 514 702 κατ’
530 640 623 702 έκεῖνο
643 643 749 720 καιροῦ
767 634 787 717 ή
803 644 855 718 τῆς
869 641 1047 719 Βαβυλῶνος
1063 642 1159 715 κτίσις
1174 640 1207 705 έν
1222 646 1264 729 τῇ
1278 646 1337 705 τῶν

175 736 337 824 ’Λσσαρίων
352 747 406 828 γή,
437 742 487 804 καί
505 737 522 803 ό
537 738 587 804 ῦπ’
605 736 703 803 αὐτῶν
719 741 932 822 οἰκοδομηθεὶς
948 738 1011 805 τότε
1026 738 1150 826 πύργος.
1190 732 1291 807 Ἦσαν
1304 742 1335 807 δέ

175 840 251 905 κατά
272 849 377 907 τοῦτον
399 839 449 904 τόν
470 840 588 924 καιρόν,
621 839 661 916 τός
677 840 734 924 ήδη
753 844 784 905 έν
801 852 866 918 ταῖς
883 838 1026 926 πρότερον
1043 845 1172 928 αἱρέσεσι
1191 841 1334 929 διηγησά-

176 969 244 1025 μην,
263 942 338 1008 κατά
355 943 406 1009 τόν
421 944 521 1028 είρμδν
535 952 594 1008 τῶν
612 942 672 1007 ι’ίνω
690 969 741 1026 μοι
754 951 860 1028 γενεῶν
874 952 1158 1030 πραγματευθεισῶν
1176 948 1209 1012 οί
1224 944 1333 1023 πάντες

176 1046 436 1129 ἑβδομηκονταδύο
452 1044 556 1130 άνδρες
572 1044 622 1109 τόν
641 1043 780 1129 άριθμδν,
804 1043 926 1131 άρχηγοί
942 1072 972 1111 τε
989 1049 1040 1112 καί
1056 1054 1264 1128 κεφαλαιῶταε
1280 1054 1333 1113 τοῦ

128 1186 132 1195 ·
175 1148 228 1227 μὲν
247 1146 316 1229 Χάμ
339 1151 442 1233 γένους
463 1146 690 1232 τριακονταδύο,
720 1150 771 1212 καὶ
793 1155 847 1212 τοῦ
869 1146 994 1229 1Ἰάφεθ
1016 1150 1194 1231 δεκαπέντε,
1228 1150 1332 1217 τοῦδέ

177 1248 265 1332 2Σήμ
281 1253 464 1316 εἰκοσιπέντε.
506 1253 566 1315 Καὶ
580 1249 676 1324 ούτως
693 1247 711 1313 ό
725 1257 837 1335 πῦργος
852 1247 1096 1333 καίήΒαβυλῶν
1113 1253 1239 1336 έγένετο.
1283 1250 1331 1317 Ἐκ

175 1349 290 1416 τούτων
312 1352 510 1437 διεσπάρησαν
533 1355 581 1417 ἐπὶ
602 1360 700 1416 πᾶσαν
720 1350 773 1434 τήν
795 1358 848 1437 γήν
865 1358 956 1433 φυλαί
972 1378 1002 1416 τε
1018 1354 1068 1419 καί
1086 1360 1225 1439 γλῶσσαι.
1273 1356 1330 1419 Καί

178 1456 295 1537 ἐπείπερ
314 1458 344 1520 οἱ
357 1453 615 1537 ἑβδομηκονταδύο
634 1453 697 1518 τότε
716 1454 767 1520 τόν
783 1454 897 1540 πύργον
913 1458 1141 1537 οἰκοδομοῦντες
1159 1464 1228 1533 ταῖς
1243 1456 1330 1543 γλῶσ·

177 1577 244 1631 σαις
263 1556 513 1638 διεσκεδάσθησαν
532 1559 740 1641 συγχυθέντες,
771 1559 821 1622 καὶ
843 1555 901 1622 άπό
924 1564 993 1638 μιᾶς
1011 1550 1050 1639 ἧς
1069 1555 1184 1647 ήδεσαν
1206 1561 1331 1643 έμπνεν-

176 1660 297 1733 σθέντες
321 1662 353 1724 έκ
377 1667 453 1724 θεοῦ
474 1658 640 1742 βουλήσεως
663 1657 748 1735 άλλος
771 1658 858 1741 άλλην
878 1658 1041 1742 ἐσχήκασιν.
1082 1656 1132 1737 Ἐξ
1156 1653 1259 1749 ῶνπερ
1282 1664 1331 1729 καί

54 1790 104 1833 pag.
117 1778 161 1822 κεν.
177 1762 259 1845 μέχρι
281 1765 368 1846 δεῦρο
390 1759 410 1843 ή
432 1760 569 1837 σύστασις
588 1768 645 1827 τῶν
659 1768 765 1826 λαλιῶν
782 1764 940 1844 ἐνέστηκεν.
975 1759 1063 1837 Ὥςτε
1079 1765 1259 1853 βουλομένῳ
1275 1766 1332 1831 ίνε·

176 1884 238 1927 στιν
258 1860 353 1947 εῦρεῐν
373 1865 495 1928 ἕκαστον
518 1862 644 1949 άρχηγόν
666 1863 790 1947 ἑκάστης
812 1863 955 1949 γλῶσσης·
984 1860 1026 1939 ῶς
1049 1861 1180 1931 δ’ίωυῶν
1203 1866 1260 1949 μέν
1279 1866 1332 1951 τήν

172 1963 324 2047 Ἑλληνίδα
340 1968 433 2047 έσχεν,
457 1968 486 2042 ἐξ
502 1958 593 2050 οὗπερ
606 1964 764 2041 καίἽωνες
777 1968 928 2049 κέκληνται
944 1970 974 2031 οί
984 1963 1037 2049 τήν
1050 1966 1183 2033 παλαιῶν
1198 1974 1332 2055 γλῶσσαν

173 2064 391 2150 τῶνἙλλήνων
407 2070 534 2151 ἔχοντες,
560 2066 661 2153 Θήρας
676 2070 707 2133 δὲ
723 2076 782 2133 τῶν
799 2073 942 2157 Θρᾳκῶν,
963 2068 1072 2157 Μοσδχ
1086 2068 1142 2153 τήν
1156 2076 1331 2139 Μοσσυνοί·

174 2196 235 2235 κων
248 2178 395 2254 γλῶσσαν,
421 2171 521 2252 Θωβίλ
538 2168 593 2252 τήν
610 2176 669 2234 τῶν
688 2176 854 2250 Θετταλῶν,
878 2168 982 2237 Ἐλοῦδ
1000 2168 1054 2255 τήν
1070 2175 1204 2253 Λυδῶν,
1228 2172 1330 2261 Γεφδρ

174 2269 228 2353 τήν
246 2279 427 2356 Γασφηνῶν,
458 2272 595 2355 Μιστρὲμ
612 2270 667 2355 τήν
684 2281 742 2337 τῶν
759 2276 945 2358 Αἰγυπτίων,
982 2280 1066 2349 Ψοῦς
1080 2270 1136 2358 τήν
1152 2282 1218 2341 τῶν
1230 2272 1328 2355 ’Aeon-

174 2380 280 2454 μιτῶν,
308 2372 429 2459 Ἀρμῶτ
445 2372 499 2455 τήν
517 2381 575 2438 τῶν
596 2371 751 2458 Ἀράβων,
781 2378 830 2439 καί
848 2381 907 2440 τῶν
924 2382 1035 2443 λοιπῶν
1052 2376 1193 2457 ἕκαστος,
1222 2380 1276 2445 ἵνα
1290 2376 1330 2461 μή

173 2477 288 2541 καθένα
304 2479 392 2561 λέγω,
423 2479 499 2540 ίδίαν
517 2475 699 2558 ένεπνεόσθη
718 2483 856 2561 γλῶσσαν.
901 2478 962 2542 Καί
979 2475 1074 2554 οῦτοος
1090 2476 1223 2563 ἑκάστης
1239 2478 1328 2567 γλῶσ-

174 2599 228 2660 σης
248 2575 269 2660 ή
291 2577 413 2662 διαδοχή
436 2581 466 2643 έν
488 2585 528 2667 τῷ
551 2577 652 2666 κόσμῳ
673 2578 879 2645 πεπλάτυνται.

38 2684 104 2753 Κεφ.
122 2681 155 2741 5'.
261 2678 365 2745 Πόθεν
387 2685 488 2746 τοίνυν
509 2672 592 2745 οῦτοι
613 2679 855 2766 έψευδηγόρησαν
874 2677 973 2747 αῦτῶν
995 2679 1031 2746 τά
1053 2680 1174 2767 βήματα
1181 2732 1193 2763 ,
1224 2708 1329 2771 παρεν-

172 2783 275 2857 θέντες
292 2781 344 2865 τήν
360 2783 472 2847 ἑαυτῶν
490 2788 675 2867 μυθοποιίαν
692 2781 917 2866 φανταζόμενοι,
946 2786 998 2848 καί
1014 2780 1280 2871 ὀνειροπολοῦντες
1294 2784 1328 2853 εδ

173 2881 213 2966 μή
231 2882 302 2949 όντα
320 2882 360 2961 ῶς
378 2883 463 2963 ὅντα,
492 2887 542 2949 καὶ
559 2883 595 2950 τά
613 2884 683 2951 ὄντα
700 2893 753 2968 τῆς
770 2888 882 2951 ἑαυτῶν
898 2889 1031 2963 διανοίας
1047 2887 1328 2969 διασκεδαννύπεςς

172 2984 255 3051 Ἀλλά
271 2985 304 3051 τό
321 2994 381 3053 πῦν
398 2996 451 3052 τοῦ
467 2986 606 3070 διαβόλου
621 2987 757 3070 βούλημα
772 2992 857 3054 τοῦτο
872 2990 1035 3072 ένεκίσσησε
1049 2998 1115 3067 ταῖς
1130 2995 1194 3057 τῶν
1209 2988 1327 3077 α’νθρῶ-

172 3114 237 3154 πων
252 3099 376 3173 ψυχαῖς·
398 3092 458 3156 έστι
473 3091 504 3155 δέ
520 3093 593 3154 ίδεῖν
607 3092 659 3155 καί
673 3090 829 3172 θαυμάσαι
845 3088 886 3167 ῶς
900 3094 932 3157 έν
947 3099 1068 3167 πολλοῖς
1082 3090 1138 3175 μέν
1154 3088 1328 3179 ῶτοπήγιιτσι

172 3190 224 3257 τόν
239 3190 403 3278 άνθροιπον
417 3191 547 3275 ήπάτησε
561 3194 612 3257 καί
626 3196 666 3268 είς
679 3198 866 3278 παρανομίαν
879 3194 1069 3274 κατέσπασεν,
1084 3198 1129 3271 τίς
1141 3220 1174 3261 τε
1185 3200 1328 3283 πορνείας

171 3296 222 3359 καί
236 3300 365 3379 μοιχείας
378 3298 426 3359 καί
440 3293 595 3380 άσελγείας,
610 3298 818 3377 είδωλομανίας
830 3321 860 3361 τε
873 3298 923 3361 καί
937 3300 1072 3382 γοητείας
1084 3298 1136 3361 καί
1151 3300 1326 3383 αἱματεκχυ-

172 3402 251 3478 σίας,
282 3396 418 3483 άρπαγάς
436 3423 466 3462 τε
482 3400 533 3461 καί
549 3394 724 3480 άπληστίας,
746 3402 865 3480 κυβείας
881 3424 911 3463 τε
926 3401 976 3464 καί
993 3396 1179 3485 άδηφσγίας,
1202 3402 1258 3469 καί
1271 3398 1326 3469 3«-

171 3507 300 3565 τοιαῦτα.
348 3499 490 3583 Οόδαμοῦ
512 3501 544 3564 δέ
565 3499 623 3585 πρό
642 3508 695 3583 τῆς
711 3508 765 3566 τοῦ
783 3508 914 3586 Χριστοῦ
930 3504 1094 3586 παρουσίας
1109 3504 1273 3589 ἐτόλμησεν
1285 3508 1327 3583 είς

172 3599 224 3666 τόν
246 3604 353 3668 ἑαυτοῦ
373 3602 518 3685 δεσπότην
535 3592 723 3688 φθέγξασθαι
742 3602 916 3687 βλάσφημόν
931 3630 997 3669 τινα
1012 3600 1117 3689 λόγον,
1146 3602 1327 3697 Mum!

171 3705 317 3787 ἐννοῆσαι.
360 3703 498 3788 Ἀνέμενε
514 3704 569 3791 γάρ
587 3703 638 3769 τόν
654 3713 707 3771 τοῦ
725 3712 854 3791 Χριστοῦ
871 3710 1053 3793 παρουσίαν,
1075 3702 1117 3783 ῶς
1130 3708 1224 3795 λέγει,
1249 3710 1326 3797 Περί

171 3815 226 3871 σοῦ
241 3810 401 3893 γέγραπται
423 3806 482 3887 ότι,
511 3818 573 3884 τοῖς
589 3805 719 3893 άγγέλοις
736 3805 828 3873 αότοῦ
845 3810 996 3875 ἐντελεῖται
1013 3812 1082 3895 περί
1098 3818 1173 3891 σοῦ,
1203 3814 1259 3879 καί
1276 3814 1326 3881 διδ

170 3917 276 3994 χειρῶν
292 3908 398 3995 άροῦσί
417 3931 455 3974 σε.
491 3908 603 3976 ’Ἠκουε
619 3908 674 3995 γάρ
690 3908 736 3975 άεί
751 3918 810 3977 τῶν
824 3916 987 3994 προφητῶν
1000 3913 1259 3997 κατογγελίδντων
1272 3912 1325 4001 τήν

174 4018 305 4098 Χριστοῦ
322 4018 503 4098 παρουσίαν,
530 4013 672 4099 λύτρωσιν
689 4014 830 4097 ἐσομένην
847 4021 907 4079 τῶν
924 4010 1176 4099 όμαρτησιίντοον,
1202 4018 1260 4085 καί
1275 4014 1325 4085 διδ

175 4122 303 4199 Χριστοῦ
326 4115 562 4199 μετανοούντων,
593 4115 705 4198 ένόμτζέ
724 4141 754 4181 τε
773 4114 934 4195 τεύξασθαί
953 4142 1036 4193 τινος
1056 4116 1165 4195 ίλέους.
1199 4116 1324 4189 ’Όεεδί

170 4215 247 4284 είδεν
262 4217 280 4285 ό
294 4218 381 4296 τάλας
394 4218 445 4285 τόν
462 4217 592 4304 Χριστόν
606 4218 646 4303 μή
661 4216 818 4303 δεξάμενον
833 4215 926 4286 αότοῦ
940 4216 997 4303 τήν
1010 4220 1081 4307 περί
1095 4224 1248 4309 σωτηρίας
1261 4224 1323 4293 λιι-

205 4410 263 4460 cn.
279 4413 345 4461 vm.
362 4439 394 4448 —
414 4410 436 4461 1.
455 4413 519 4459 Libri
535 4413 618 4461 habent
634 4408 707 4477 Σήμ
757 4408 787 4464 δὲ
803 4408 847 4474 Σή
889 4408 1053 4465 εἰκοσιπέντε.

203 4482 227 4528 ¹2.
246 4481 308 4529 Libri
328 4482 411 4529 λιοοινε
433 4474 531 4543 ’[άφεθ.
554 4506 588 4515 -
614 4483 724 4530 Petamus
789 4478 814 4531 3.
831 4474 840 4495 '
855 4476 955 4544 ωἶωτλν,
977 4482 1076 4531 sindo
1090 4482 1159 4545 λσςσ,
1183 4486 1322 4537 σε*

168 4551 289 4611 proposuit
304 4548 348 4599 τοῦ
365 4544 394 4601 δὲ
407 4542 499 4613 Ἰάφεξν
515 4545 664 4613 δεκαπέντε,
681 4550 726 4601 τοῦ
759 4553 793 4599 m
809 4562 839 4599 τα
854 4548 905 4599 cod.
919 4548 1040 4599 λὀιίοοιισ.
