3046 5084
377 362 511 414 emman
529 364 592 415 me.
608 367 626 416 ι.
642 366 724 418 rost.
739 367 769 417 n.
787 366 886 416 naun.
902 367 1001 417 xxxi.
1203 355 1263 418 353

113 493 216 567 suopte
236 493 306 547 nutu
322 483 512 568 propenderit
532 483 689 568 proticisci.
734 482 821 569 Quod
838 497 935 549 autem
951 484 1082 570 spiritale
1100 485 1140 549 sit
1155 485 1264 549 idcirco

112 585 203 662 mitti,
236 597 266 648 ιιι
288 585 334 649 bic
353 606 418 648 cum
437 582 566 648 Animali
586 585 750 670 copulatum
771 608 835 648 eum
854 607 947 669 eoque
966 586 995 648 in
1016 586 1131 650 vivendi
1151 586 1263 651 ratiorm

112 685 221 771 puriter
238 688 382 751 eruditum
402 687 470 769 lrngi
490 687 668 771 formarique
684 687 787 772 possit.
833 688 931 771 Atque
949 687 1025 750 hunc
1043 689 1156 751 demum
1174 689 1263 752 salem

112 789 190 853 illum
208 811 242 852 ao
259 788 362 853 Mundi
379 789 473 852 lucem
491 809 559 853 esse
576 789 720 868 dictitant,
745 791 779 852 de
796 790 899 873 quibus
915 787 1076 872 Evangelia
1094 789 1413 873 loquunturmocau.

111 889 230 954 Etenim
251 891 375 955 animale
395 902 521 954 externa
536 912 675 954 sensuum
695 891 847 976 disciplina
866 913 937 976 opus
957 891 1066 954 babuit.
1112 890 1207 975 Quam
1227 892 1263 955 ob

111 1015 245 1057 caussam
267 1005 297 1057 et
313 991 455 1057 Mundum
477 993 647 1057 lubricatum
664 1013 732 1056 esse
749 995 944 1072 contendunt,
968 1004 1055 1077 atque
1074 993 1109 1057 ad
1127 994 1263 1058 Animale

111 1095 206 1173 istud,
239 1095 469 1180 quandoquidem
488 1095 623 1160 libertate
639 1095 802 1180 praeditum
823 1107 885 1174 est,
916 1118 973 1180 quo
991 1097 1017 1158 ei
1035 1095 1157 1159 salutem
1176 1096 1263 1160 aller·

111 1208 175 1276 ret,
201 1193 385 1261 Salvatorem
404 1218 470 1261 esse
486 1198 647 1282 delapsum.
691 1185 907 1275 Nemeorum,
931 1218 1004 1281 quae
1020 1218 1142 1263 servare
1160 1197 1261 1261 decre·

111 1310 207 1377 verat,
231 1300 358 1363 omniurn
374 1300 401 1362 in
418 1320 483 1363 sese
500 1301 597 1363 lerunt
610 1299 688 1363 illuni
704 1299 841 1364 babuisse
856 1299 1008 1385 primitias,
1030 1311 1097 1384 puta
1112 1300 1148 1362 ab
1165 1299 1262 1364 Acba-

111 1401 192 1463 moth
212 1402 362 1486 spiritum,
392 1401 557 1466 Animalem
576 1423 593 1465 a
611 1398 772 1467 Conditore
791 1400 939 1467 Christum
961 1423 995 1465 ac
1015 1402 1170 1465 [unctionis
1189 1423 1260 1467 suae

112 1502 356 1568 administrandae
380 1504 474 1588 gratia
498 1526 603 1590 eorpus
625 1503 743 1568 animali
767 1517 868 1568 tratura
891 1517 1029 1568 constans
1052 1505 1198 1583 induisse,
1231 1517 1261 1568 et

112 1607 226 1690 quidem
247 1605 409 1671 incredibili
430 1607 552 1690 quadam
575 1617 638 1670 arte
660 1607 702 1670 sic
722 1606 919 1687 elaboratum,
950 1619 982 1670 ut
999 1607 1110 1686 videri,
1143 1618 1259 1671 contre·

110 1708 182 1771 ctari
200 1709 316 1794 patique
336 1720 446 1794 posset.
493 1706 593 1790 Quare
611 1707 682 1772 nibil
697 1710 790 1773 eidem
809 1731 872 1772 cum
891 1710 1011 1773 materia
1027 1709 1116 1773 luisse
1132 1731 1260 1773 commu-

109 1832 163 1888 ne,
194 1811 299 1896 quippe
317 1833 382 1874 cunr
404 1810 525 1874 materia
544 1812 767 1894 consequendae
785 1812 871 1874 saluti
887 1833 1067 1897 nequaquam
1084 1812 1188 1874 idonea
1207 1811 1256 1876 sit.

108 1909 268 1977 Praeterea
286 1924 344 1978 tum
362 1934 459 1977 rerum
476 1912 602 1976 omnium
621 1914 706 1975 linem
724 1923 810 1997 atque
824 1913 935 1977 exitum
952 1916 1027 1991 lore,
1048 1935 1112 1976 cum
1124 1914 1257 1998 quicquid

107 2014 237 2099 spiritale
254 2026 318 2094 est,
342 2015 370 2079 id
387 2026 432 2078 est
446 2015 592 2100 spiritales
609 2014 758 2093 bomines,
783 2015 831 2099 qui
850 2018 1008 2099 perlectam
1027 2016 1061 2079 de
1078 2013 1144 2078 Deo
1161 2016 1257 2079 seien-

109 2118 178 2180 tiam
196 2116 320 2196 babent,
345 2128 375 2180 et
392 2117 427 2181 ab
445 2117 609 2181 Achamoth
627 2117 775 2200 mysteriis
791 2117 894 2179 initiati
912 2127 991 2179 sunt.
1037 2113 1209 2180 Cuiusmodi
1225 2140 1257 2182 se

107 2240 175 2284 esse
190 2212 270 2304 ipsos
284 2229 432 2284 asserunt.
473 2217 589 2282 Etenim
606 2219 746 2283 arrimales
763 2218 894 2282 homines
908 2218 1024 2282 arrimali
1039 2220 1159 2303 quadam
1173 2219 1259 2284 disci·

107 2322 185 2408 plina
198 2323 347 2386 institutos
363 2342 442 2400 esse,
465 2322 512 2406 qui
527 2322 641 2406 quidem
655 2320 791 2407 operibus
805 2343 839 2384 ac
853 2321 975 2406 simplici
991 2321 1045 2384 fide
1059 2319 1256 2400 stabiliuntur,

109 2445 205 2509 neque
223 2427 381 2510 perlectam
400 2422 550 2488 scientiam
568 2423 664 2510 adepti
681 2435 759 2488 sunt.
807 2421 958 2486 Eiusmodi
976 2445 1029 2486 nos
1048 2444 1133 2502 esse,
1164 2423 1211 2508 qui
1228 2424 1258 2487 in

107 2525 263 2591 Ecclesiae
285 2548 376 2612 grege
400 2546 604 2605 numeramur,
635 2506 759 2611 ideoque
783 2537 863 2590 recte
887 2526 971 2589 lactis
991 2546 1064 2611 opus
1087 2546 1154 2588 esse
1173 2525 1257 2589 uobis

108 2629 295 2716 praedicant,
330 2649 425 2713 neque
444 2629 529 2692 aliter
547 2650 634 2714 posse
655 2651 708 2693 nos
727 2629 849 2693 salutem
869 2627 1018 2692 obtinere:
1053 2648 1178 2692 severo
1199 2649 1257 2690 non

110 2724 195 2796 ubios
212 2732 335 2796 actionis
350 2731 511 2810 beneficio,
535 2732 587 2796 sed
602 2733 676 2817 quod
694 2743 797 2796 natura
812 2731 959 2817 spiritales
974 2729 1051 2809 sint,
1076 2730 1194 2794 omuino
1210 2752 1258 2794 sa·

108 2832 178 2898 lutis
201 2844 351 2919 compotes
375 2836 437 2898 lore
460 2834 618 2898 confidunt.
662 2832 741 2898 Nam
761 2834 801 2897 uti
820 2834 895 2918 quod
917 2844 1065 2897 terrenum
1082 2844 1128 2898 est
1144 2834 1259 2898 servari

110 2936 188 3001 nullo
204 2937 290 3000 modo
306 2946 418 3021 potest,
442 2958 536 3021 neque
553 2947 657 3000 natura
672 2937 708 3000 ad
723 2936 750 2999 id
765 2937 901 2999 idoneum
918 2947 980 3015 est,
1003 2936 1047 3000 sie
1065 2946 1166 3000 contra
1183 2936 1258 3021 quod

111 3051 157 3104 est
171 3037 315 3125 spiritale,
340 3038 500 3103 cuiusmodi
515 3059 548 3102 se
564 3060 633 3103 esse
647 3039 759 3117 volunt,
784 3050 939 3123 utcumque
955 3059 1022 3102 sese
1036 3040 1174 3123 gesserit,
1192 3060 1257 3102 cor-

109 3141 204 3228 rumpi
224 3163 405 3226 nequaquam
424 3161 523 3226 posse.
568 3143 614 3204 Ac
634 3142 873 3225 quemadmodum
892 3162 993 3205 aurum
1013 3140 1043 3203 in
1065 3162 1187 3205 coenum
1207 3132 1258 3205 ab·

108 3246 215 3311 iectum
234 3243 474 3330 pulchritudinem
492 3266 549 3307 non
570 3243 691 3322 aniittit,
725 3246 775 3308 sed
794 3245 866 3308 eitra
885 3245 971 3307 ullam
990 3243 1104 3307 decoris
1122 3242 1257 3307 iniuriam

108 3359 240 3412 naturam
256 3347 375 3427 retinet,
399 3347 438 3410 ita
455 3345 629 3432 semetipsos
647 3359 793 3426 asserunt,
818 3347 933 3410 tametsi
952 3345 1102 3430 quibusvis
1121 3345 1151 3407 in
1167 3344 1257 3408 actio-

108 3450 211 3530 nibus,
243 3450 373 3534 adeoque
396 3449 542 3513 concretis
565 3471 628 3513 cmn
651 3449 789 3529 materia,
821 3459 995 3527 versentur,
1026 3447 1135 3511 nullum
1158 3468 1197 3509 ex
1221 3466 1256 3510 eo

109 3554 312 3618 detrimentum
333 3572 454 3637 capere,
478 3573 572 3636 neque
591 3551 749 3637 spiritalem
770 3552 959 3615 substantiam
979 3570 1065 3635 posse
1085 3549 1218 3633 perdere.

190 3655 339 3739 Quocirca
359 3655 407 3739 qui
430 3654 591 3719 interillos
610 3655 814 3741 perfectissimi
834 3662 1011 3730 censentur,
1041 3650 1140 3714 illicita
1158 3651 1254 3715 omitia
1291 3664 1349 3730 cap.

108 3757 280 3843 legibusque
295 3757 386 3823 vetita
400 3757 522 3821 licenter
537 3768 718 3844 perpetrant,
741 3758 777 3821 de
793 3757 895 3842 quibus
910 3755 1013 3818 literae
1028 3774 1130 3817 sacrae
1146 3764 1256 3819 testae·
1272 3733 1368 3784 xxm·

107 3870 174 3925 ture
207 3864 264 3940 Qui
277 3863 414 3922 cuiusmodi
428 3866 615 3934 committunt,
645 3863 681 3924 ob
699 3865 853 3923 deredtlote
869 3862 955 3938 regni
969 3860 1095 3919 coelestes
1113 3861 1252 3919 excidere.
1267 3875 1410 3931 unietur.

108 3958 203 4047 lgitur
219 3974 250 4027 et
265 3983 339 4048 quae
355 3961 441 4025 idolis
458 3962 606 4029 immolata
622 3975 692 4027 sunt
708 3963 787 4028 nullo
801 3961 967 4025 discrimine
984 3960 1148 4038 comeduut,
1174 3958 1258 4023 nibil-

107 4086 163 4150 que
180 4086 220 4130 ex
236 4087 270 4130 ea
284 4086 317 4130 re
334 4063 517 4149 contagionis
533 4065 569 4129 ad
584 4086 651 4130 sese
666 4064 793 4129 derivari
810 4073 928 4150 putant,
953 4073 982 4126 ot
998 4062 1033 4126 ad
1051 4062 1146 4127 omnia
1163 4063 1257 4147 genti·

143 4252 181 4306 10.
201 4251 316 4308 δικτικόι
332 4251 443 4320 λέγουσιν
463 4246 536 4306 «dccl
551 4255 602 4304 cce
615 4255 668 4306 Vcn
700 4256 786 4316 princ,
801 4253 905 4315 ρηίιιιιιη
917 4254 1028 4304 Peteutus
1042 4265 1071 4303 ec
1085 4253 1136 4304 cod.
1148 4254 1258 4305 reomao

141 4320 181 4375 11.
198 4315 215 4378 d
233 4317 305 4376 edroi
322 4318 386 4376 sinen
403 4320 516 4375 Ξέλοιιαιι
533 4324 624 4372 ιιιιιιιιι
640 4335 669 4372 eo
702 4324 796 4371 ιιιιίεαίι.

110 4392 157 4443 ret
172 4393 311 4455 interprete,
328 4395 350 4442 et
363 4392 413 4442 cod.
426 4393 480 4441 ναι.
487 4425 497 4452 ,
513 4392 553 4453 qur·
566 4388 669 4442 ιιαιιιιοι
737 4389 795 4440 Car.
809 4388 907 4440 xxttt.
925 4415 959 4428 -
980 4387 1002 4440 1.
1023 4387 1190 4456 προειρημένα
1206 4389 1258 4440 eod.

107 4453 181 4512 edroi
193 4454 257 4513 elren
271 4457 393 4513 θέλουσιν.
430 4461 504 4523 rutae
521 4455 669 4512 θέλουαιιοι
704 4460 759 4509 Van.

105 4521 180 4580 edroi
197 4522 268 4581 siret.
735 4526 759 4577 2.
777 4518 923 4593 ἀδιαφόρως
938 4528 1048 4577 sententio
1058 4529 1193 4590 pertuterit.
1218 4527 1258 4576 tt-

142 4595 181 4646 1‘2.
201 4594 348 4663 tumultun,
362 4598 425 4661 qood
435 4597 583 4649 ιιιιιιιιιαιια
596 4598 620 4649 tn
631 4598 668 4648 ed.
702 4598 738 4646 brt
754 4597 838 4646 tobcm
854 4592 991 4662 διαφόρως.

159 4677 250 4734 (terpus
262 4675 396 4723 Heermeol.
409 4677 439 4722 rt
1013 4684 1052 4745 23
