3046 5084
247 334 306 393 714
663 342 785 396 SANGTI
802 342 971 394 EPIPHANII

246 486 327 527 ναντι
340 465 393 525 τοῦ
407 463 595 544 Παραδείσου
608 458 809 550 κατφκηκότα,
831 458 914 535 ὅπως
926 459 1104 543 μνημονεόοι
1117 466 1171 544 τῆς
1184 458 1320 547 άγαθῆς,
1341 460 1397 527 διά

245 572 297 646 τῆς
319 566 360 638 εἰς
382 560 499 644 μνήμην
515 568 668 644 μετανοίας
684 562 800 641 σώζειν,
830 560 1020 651 ἢδυναμένφ
1042 564 1110 645 μέν,
1141 561 1182 646 μὴ
1200 565 1328 629 έλιοῦντι
1348 562 1394 643 δέ,

246 664 310 730 4δι’
324 665 362 748 ἣν
378 691 437 729 που
454 672 508 728 νῦν
521 669 616 730 αἰτίαν
632 664 697 749 άχρι
711 673 770 729 τῶν
784 670 988 748 καταχθονίων
1006 664 1134 749 Χριστός
1147 672 1285 749 κατῆλθε.
1326 669 1396 730 Τίνι

243 775 285 856 τῷ
303 766 378 855 λόγῳ
401 766 432 832 τό
454 767 609 852 τριήμερον
626 769 781 850 κοιμηθεὶς
797 765 957 844 πεπονθώς
975 766 1093 851 ἀνέστης
1128 774 1202 844 Πῶς
1217 768 1250 833 δέ
1264 774 1395 853 πληροῦ-
1438 756 1441 760 ’

243 896 304 948 ται,
316 869 382 934 Ἵνα
397 872 448 934 καί
464 878 573 953 νεκρῶν
591 874 642 935 καί
659 869 774 948 ζώντων
790 868 944 959 κυριεόσης
978 875 1081 936 Ποίων
1096 871 1129 936 δέ
1146 869 1263 948 ζώντων
1280 872 1333 935 καί
1348 894 1394 935 νε-

245 980 341 1058 κρῶν,
370 971 429 1037 ἄλλ’
448 972 469 1055 ἢ
490 979 548 1037 τῶν
570 971 732 1062 γρηζόντων
752 979 804 1054 τῆς
827 970 918 1036 αότοῦ
943 971 1004 1038 άνω
1028 975 1078 1037 καί
1099 972 1179 1039 κάτω
1202 975 1394 1059 ἐπικουρίαςς

248 1082 321 1150 Πῶς
344 1075 375 1139 δὲ
392 1078 471 1140 ἐσται
491 1074 527 1138 τά
546 1073 605 1139 άπό
622 1073 795 1160 φυράματος
813 1073 896 1160 άγια,
926 1077 953 1139 εἰ
968 1072 1038 1140 αότό
1061 1073 1093 1140 τό
1112 1073 1235 1161 φύραμα
1253 1072 1310 1141 οόκ
1332 1076 1397 1140 ἔστι

246 1176 344 1262 άγιον,
375 1175 415 1253 ώς
436 1180 486 1242 καί
507 1176 588 1263 παρά
611 1184 650 1265 τῷ
672 1175 744 1266 άγίφ
763 1176 914 1265 άποστόλφ
934 1179 1102 1263 ἐμφέρεταις
1136 1176 1248 1243 Φάσκει
1263 1175 1321 1263 γάρ
1341 1178 1395 1243 καλ

246 1282 311 1363 περί
332 1277 415 1355 Εὔας
436 1277 454 1344 ό
476 1278 564 1355 αότός
583 1278 744 1355 άπόστολος
765 1278 825 1357 ότι,
857 1279 1030 1362 Σωθήσεται
1052 1277 1102 1345 διά
1122 1287 1175 1363 τῆς
1190 1284 1393 1367 τεκνογονίας,

247 1380 299 1448 ἐάν
321 1386 457 1463 μείνωσιν
479 1385 509 1447 ἐν
531 1386 624 1446 πίστει
641 1384 691 1446 καί
713 1380 894 1471 δικαιοσύνη.

118 1603 184 1671 Κεφ.
199 1600 230 1658 δ’,
333 1588 392 1650 Καὶ
410 1586 500 1651 πολλά
522 1590 581 1653 ἐστι
596 1589 662 1671 περὶ
677 1585 789 1652 τούτων
803 1588 908 1672 λέγειν,
940 1584 981 1663 ώς
995 1590 1082 1652 παντὶ
1097 1594 1139 1676 τῷ
1157 1586 1273 1652 σόνεσιν
1289 1612 1393 1671 κεκτη-

247 1691 322 1778 μένῳ
345 1689 504 1772 φανήσεται
525 1687 545 1772 ἦ
567 1688 720 1774 πρόχειρος
740 1693 909 1772 βλασφημία
930 1691 981 1754 καὶ
999 1691 1179 1774 ἐσκοτωμένη
1196 1688 1315 1756 διάνοια
1336 1698 1393 1757 τοῦ

252 1799 394 1857 Τατιανοῦ
412 1794 536 1858 καὶτῶν
554 1790 603 1856 άπ’
623 1790 715 1857 αότοῦ
735 1799 884 1857 Τατιανῶν
900 1794 1096 1875 καλουμένων.
1142 1794 1215 1878 Περὶ
1232 1784 1276 1858 ῶν
1291 1792 1393 1861 συντό-

247 1921 309 1977 μως
325 1895 517 1971 διεξελθόντες
534 1893 569 1959 τά
586 1892 648 1960 κατ’
664 1892 771 1970 αότοός
786 1893 913 1980 βλαβερά
927 1900 977 1960 καί
991 1895 1144 1962 κωνώπων
1157 1898 1243 1978 δίκην
1255 1894 1393 1981 δήγματα

246 2001 343 2064 ἐλαίου
365 1997 474 2078 ἰκμάδα
496 2004 548 2080 τῆς
567 2005 620 2062 τοῦ
637 2002 744 2082 κυρίου
763 2001 949 2073 διδασκαλίας
968 2007 1029 2074 τοῖς
1048 2000 1235 2083 δεδηγμένοις
1253 1994 1314 2064 όπό
1331 2006 1393 2065 τῶν

127 2136 177 2180 pag.
190 2124 234 2167 σοι.
253 2108 396 2165 Τατιανοῦ
410 2099 503 2185 λόγων
517 2101 685 2181 ἐπιθέμενοι
703 2098 849 2182 ίασάμεθα
863 2100 913 2164 διά
929 2107 982 2182 τῆς
995 2107 1047 2165 τοῦ
1063 2104 1168 2184 κυρίαν
1182 2096 1325 2183 άληθιίας
1338 2103 1390 2166 καλ

247 2201 413 2285 δυνάμεως,
443 2201 535 2267 αὐτοῦ
552 2204 684 2288 λέγοντος
697 2201 758 2280 ότι,
792 2201 855 2267 Οόκ
873 2195 968 2284 ἦλθον
985 2205 1011 2266 εἰ
1025 2200 1067 2286 μὴ
1083 2204 1125 2278 εἰς
1138 2201 1171 2267 τό
1187 2201 1340 2289 πρόβατον
1355 2200 1390 2270 τό

196 2304 199 2309 ’
246 2307 465 2387 πεπλανημένον
480 2309 564 2370 οἰκου
580 2303 699 2390 Ἰσραήλ.
744 2304 800 2369 Διό
816 2308 866 2370 καί
885 2308 916 2370 ἐν
934 2309 1113 2389 παραβολαῖς
1127 2307 1222 2391 ἔλεγεν
1237 2304 1297 2385 ότι,
1319 2302 1390 2370 ''Av-

246 2406 370 2494 θρωπός
386 2435 429 2483 τις
442 2410 611 2491 κατέβαινεν
628 2406 688 2471 άπό
701 2404 885 2493 Ἰερουσαλὴμ
902 2409 943 2483 εἰς
957 2405 1080 2491 Ἱεριχοῖ,
1102 2405 1137 2471 δν
1154 2405 1193 2490 δὴ
1207 2409 1257 2473 καῖ
1272 2414 1393 2497 λησταῖς

246 2519 410 2594 περιπεσεῖν
432 2514 573 2595 διηγεῖτο,
603 2514 653 2575 ’ίνα
674 2514 752 2599 δείξη
774 2508 806 2575 τό
825 2508 976 2596 πρόβατον
996 2512 1045 2575 καλ
1063 2509 1115 2576 τόν
1131 2507 1192 2576 άπό
1204 2506 1391 2596 Ἰερουσαλὴμ

245 2612 481 2699 καταβεβηκότα,
510 2611 561 2678 τόν
581 2610 640 2677 άπό
660 2620 711 2694 τῆς
730 2611 816 2694 δόξης
834 2620 886 2696 τῆς
901 2616 1031 2694 μείζονος
1046 2615 1088 2689 εἰς
1102 2611 1259 2679 ἐλάττωσιν
1275 2636 1390 2679 κατενε-

246 2718 354 2801 χθέντα
368 2718 419 2780 καὶ
431 2714 482 2780 τόν
496 2712 554 2780 άπό
568 2722 619 2797 τῆς
633 2722 702 2796 μιάς
715 2717 831 2798 ἐντολῆς
846 2722 899 2780 τοῦ
915 2718 993 2781 ἰδίου
1006 2718 1147 2797 ποιμένος
1160 2712 1392 2783 άποσπασθέντα

246 2823 297 2886 καί
314 2821 543 2900 πεπλανημένον.
577 2817 674 2882 Ὅθεν
687 2819 736 2883 καί
749 2816 800 2882 τόν
814 2816 898 2902 άγιον
912 2815 1005 2899 Ἀδάμ
1020 2816 1072 2882 τόν
1086 2820 1197 2905 πατέρα
1210 2821 1243 2885 ἐν
1255 2824 1326 2897 ζῶσι
1339 2842 1392 2885 πε-

248 2920 451 3004 πιστεύκαμεν·
483 2918 519 2984 δι’
542 2919 575 2985 δν
596 2921 648 2984 καί
665 2918 734 2995 τούς
755 2918 805 2984 ἄπ’
821 2916 914 2986 αὐτοῦ
931 2918 1010 3003 ἡμᾶς
1029 2918 1142 2997 πάντας
1161 2918 1290 3007 Χριστός
1304 2912 1391 3005 ἦλθε,

246 3034 309 3102 τοῖς
329 3025 381 3106 μέν
399 3022 488 3088 πάλαι
504 3020 594 3087 αὐτόν
611 3021 786 3107 γινώσκουσι
809 3024 861 3086 καί
887 3021 927 3105 μὴ
944 3031 1136 3105 πλανηθεῖσιν
1151 3021 1211 3089 άπό
1230 3030 1285 3107 τῆς
1298 3020 1392 3091 σῶτοῶ

246 3127 398 3209 θεότητος,
421 3128 516 3190 ἕνεκεν
529 3126 561 3189 δέ
577 3124 753 3206 σφαλμάτων
772 3128 803 3189 ἐν
817 3122 899 3214 Ἅιδη
916 3127 1148 3209 κατεσηημένοις,
1169 3123 1392 3211 άμνηστίανγα-

247 3235 402 3313 ρίσασθαι,
431 3236 492 3304 τοῖς
514 3227 566 3309 μὲν
587 3230 627 3293 ἐτι
650 3231 681 3294 ἐν
696 3226 797 3317 κόσμφ
816 3225 866 3292 διά
883 3232 1053 3309 μετανοίας,
1081 3237 1143 3305 τοῖς
1159 3229 1192 3293 δέ
1207 3230 1240 3294 ἐν
1253 3224 1336 3319 Ἅιδη
1353 3225 1392 3295 δι’

247 3335 345 3407 ἐλέους
366 3332 416 3396 καλ
437 3334 589 3415 σωτηρίας.

180 3482 186 3496 .
215 3439 232 3495 ’.
334 3432 388 3498 Διό
403 3436 454 3499 καῖ
470 3433 624 3515 θαυμάσαι
638 3435 696 3497 ἐστι
710 3430 761 3497 τόν
776 3430 889 3511 εἰδότα,
913 3431 1017 3509 οῖςκαί
1035 3435 1067 3499 ἐν
1081 3436 1194 3517 βίβλοις
1207 3430 1391 3520 ηόρήκσμνν,

247 3535 299 3602 τόν
316 3536 419 3621 κόριον
441 3534 526 3619 ἡμῶν
540 3528 653 3617 Ἰησοῦν
672 3532 799 3621 Χριστόν
819 3537 850 3600 ἐν
869 3540 910 3623 τῷ
928 3542 1064 3624 Γολγοθᾷ
1085 3538 1307 3621 ἐσταυρῶσθαι,
1333 3534 1393 3605 οιῖκ

247 3637 317 3729 άλλη
340 3666 414 3718 που,
446 3637 504 3703 ἄλλ’
521 3638 542 3722 ἢ
560 3642 636 3704 ἐνθα
652 3641 745 3704 έκειτο
761 3635 793 3702 τό
812 3644 865 3702 τοῦ
881 3635 972 3721 Ἀδάμ
988 3645 1081 3721 σῶμα.
1122 3636 1268 3716 Ἐξελθῶν
1283 3638 1341 3727 γάρ
1356 3642 1392 3707 ἐκ

246 3749 299 3806 τοῦ
320 3745 523 3827 Παραδείσου,
555 3744 604 3807 καλ
626 3739 805 3830 κατφκηκῶς
824 3741 974 3805 κατέναντι
995 3738 1087 3808 αότοῶ
1108 3748 1205 3831 πολληῖ
1225 3748 1268 3831 τῷ
1285 3740 1392 3831 χρόνῳ,

248 3847 299 3909 καί
317 3843 366 3909 διά
384 3852 498 3909 πολλῶν
518 3853 578 3910 τῶν
598 3842 715 3931 ἡμερῶν
736 3841 878 3922 διελθών,
900 3842 1023 3929 ὕστερον
1042 3836 1116 3927 ἦλθε
1131 3846 1182 3909 καλ
1202 3846 1235 3910 ἐν
1247 3850 1288 3934 τῷ
1308 3844 1393 3935 τόπφ

249 3947 362 4036 τοότφ,
383 3945 590 4033 Ἱεροσολύμων
605 3950 638 4013 δέ
654 3973 746 4030 φημι,
768 3945 800 4011 τό
815 3943 905 4031 χρεών
920 3942 1117 4024 άποδεδωιιώς
1129 3948 1180 4013 καλ
1193 3948 1284 4014 ίκεῖσσ
1297 3945 1393 4033 ἰτιῖφιγ

249 4053 281 4115 ἐν
303 4058 343 4138 τῷ
362 4049 444 4139 τόπῳ
467 4059 509 4140 τῷ
526 4057 669 4138 Γολγοθᾷ.
704 4048 801 4114 Ὅθεν
818 4046 936 4124 εἰκότως
957 4048 991 4114 τό
1008 4048 1164 4133 ἐπώνυμον
1180 4044 1305 4127 ότόπος
1318 4052 1392 4135 ῖσητ,
1411 4124 1423 4153 ⁸

252 4158 384 4236 Κρανίου
402 4152 632 4237 ἑρμηνευόμενος
649 4150 754 4231 τόπος,
782 4144 819 4235 ἧς
834 4149 992 4234 όνομασίας
1007 4151 1040 4219 τό
1055 4157 1152 4237 σχῆμα
1164 4158 1219 4219 τοῦ
1232 4150 1330 4219 τόπον
1343 4156 1394 4239 έμ-

250 4254 371 4341 φέρειάν
392 4282 455 4320 τινα
475 4255 527 4339 οὐχ
547 4253 762 4321 ὑποδείκνυσιν.
809 4253 884 4320 Οὔτε
905 4253 960 4342 γάρ
982 4258 1014 4321 ἐν
1034 4254 1111 4345 άκρμ
1131 4256 1189 4321 τινί
1206 4264 1316 4337 κεῖται,
1341 4258 1395 4325 ῖνα

280 4440 305 4497 4.
321 4449 436 4509 ίλωττιφοι·
451 4443 484 4501 δι’
498 4443 529 4514 ῆι
544 4465 590 4501 που
605 4448 661 4507 νῦν,
679 4463 732 4498 cum
745 4451 798 4499 libri
833 4446 943 4498 Christus
969 4448 1001 4499 ad
1025 4448 1120 4500 infero·
1145 4464 1222 4517 mque
1246 4446 1391 4503 dno-dit.

245 4529 323 4565 ωιυιω
339 4518 447 4565 haberent
468 4510 501 4569 δι’
521 4511 553 4583 ἣν
575 4517 617 4570 τοῦ
637 4518 686 4569 νῦν.
722 4519 800 4567 Verte:
835 4520 962 4569 Commius
974 4521 1056 4568 υιτλίλι
1072 4517 1195 4585 obqum
1206 4514 1395 4585 ἰςῖλαταιιι

248 4599 295 4649 qua
320 4600 409 4649 nempe
438 4601 510 4635 causa
536 4588 619 4651 (intell.
643 4584 686 4638 τοῦ
710 4583 799 4652 ἐλεεῖν)
835 4584 945 4637 Christus
967 4602 1044 4655 unque
1066 4584 1100 4639 td
1119 4584 1220 4639 ἱαῖσειι
1239 4584 1395 4641 M?
