3046 5084
280 368 416 420 ιιιιιιιι
433 370 497 421 ero.
508 372 527 421 ι.
546 371 629 423 ron.
644 372 689 421 ιιι.
706 371 804 423 unua.
819 372 968 423 xxxvur.
1140 362 1201 425 513

49 487 134 554 Pauli
156 489 281 576 apostoli
304 489 423 553 uomiue
445 489 572 553 libellum
591 489 799 574 excogitarunt
815 501 1004 575 praepostere
1022 491 1140 555 libidine
1157 512 1205 556 rc-

51 595 174 670 lertum‚
207 612 293 674 qnem
318 591 390 655 etii
415 591 670 675 quoanostieos
694 591 960 657 uoeoutadlribere
983 593 1097 671 solent,
1129 595 1204 678 qnod

51 691 137 759 Pauli
153 694 347 759 Anahetieum
364 705 488 774 vocant3
513 692 596 758 euius
613 693 766 779 suppositii
782 695 880 780 operis
896 716 996 757 nursam
1011 717 1049 759 ex
1066 717 1103 759 eo
1119 717 1205 780 cepe·

51 807 134 875 runt,
168 800 243 882 qnod
262 798 411 884 apostolus
429 798 492 883 ipse
510 808 636 861 testetur
651 818 684 861 se
702 797 732 860 in
750 798 866 859 tertium
887 818 978 880 usque
997 799 1205 863 conscendisse
1219 818 1357 875 econius.

51 901 177 978 coelum,
199 912 229 964 et
244 921 350 965 areana
366 900 472 964 ibidem
486 902 604 965 audisse
619 901 722 978 verba,
743 921 817 983 quae
833 921 890 962 noun
908 899 977 963 licet
991 901 1098 965 homiui
1112 902 1202 985 loqui.

51 1001 134 1067 llaec
148 1013 258 1081 autem,
283 1004 428 1087 inquiunt,
452 1024 561 1069 arcana
575 1003 624 1067 illa
642 1003 732 1067 verba
748 1014 828 1066 siunt.
862 1000 948 1085 Quae
962 1005 1077 1087 quidem
1094 1005 1204 1084 ercinia,

51 1103 145 1189 iisque
162 1106 285 1184 similia,
310 1107 350 1170 ita
365 1107 603 1191 quemadmodum
622 1104 785 1169 monuimus
803 1106 926 1184 docent;
959 1117 989 1169 ut
1005 1118 1035 1168 et
1055 1108 1137 1170 mulis
1155 1107 1206 1170 luo·

51 1229 152 1272 rnorem
170 1208 340 1273 habeantet
357 1209 450 1272 bonos
465 1210 630 1296 repudient.
675 1206 752 1271 Nam
770 1204 894 1272 Cuinum
914 1209 1043 1273 sortieris
1056 1211 1206 1273 cuiusdam

52 1332 119 1376 esse
137 1309 279 1390 Virtutis,
312 1322 343 1375 et
360 1311 484 1375 Allelum
502 1310 670 1375 iulirmioris
689 1311 830 1375 sentiunt.
877 1308 959 1392 Quas
977 1313 1055 1396 ipsus
1074 1311 1207 1375 Virtutes

52 1436 117 1478 eum
133 1412 197 1477 Eua
212 1435 389 1498 congressas
404 1425 556 1498 utrumque
570 1414 708 1497 genuisse
724 1415 767 1476 sic
779 1415 933 1491 affirmant,
950 1425 982 1477 ut
995 1416 1115 1478 alterins
1127 1416 1208 1479 Alie·

53 1516 98 1580 lus
115 1516 171 1595 sit,
197 1513 309 1581 Cairuus
326 1517 458 1580 ulterius.
505 1515 584 1599 Quin
603 1516 747 1579 Adamum
766 1528 853 1600 atque
869 1514 965 1580 Evam
983 1517 1085 1581 iisdem
1104 1539 1121 1581 u
1140 1516 1208 1581 Vir·

53 1620 179 1699 tutibos,
212 1620 277 1683 sire
299 1619 430 1703 angelis,
463 1619 607 1701 originem
630 1619 775 1697 transtisse,
808 1640 938 1702 quosque
958 1641 1087 1699 genuere
1106 1631 1206 1706 postea

52 1722 180 1801 liberos,
207 1718 332 1791 Cninum
347 1721 464 1805 inquam
482 1733 511 1783 rt
527 1709 665 1799 A'lielum,
689 1742 788 1785 seeum
803 1722 931 1785 invicem
944 1721 1060 1785 rixatos
1076 1743 1154 1801 esse,
1180 1732 1209 1785 et

53 1826 101 1909 qui
126 1823 239 1888 fortiori
262 1825 298 1887 ab
322 1822 440 1888 Virtute
463 1835 638 1910 propagatus
663 1825 758 1886 luerat
782 1823 931 1886 inlerioris
952 1825 1208 1909 imbecilliorisque

52 1927 182 1991 sobolem
206 1928 361 1991 occidisse.

137 2029 220 2094 llaec
238 2030 334 2095 omniu
351 2029 569 2093 mendaciorum
588 2039 723 2114 portenta
746 2029 773 2091 iu
793 2029 941 2091 tradendis
960 2029 1108 2114 pomiferis
1124 2028 1208 2111 igno·
1229 2038 1286 2106 cap.
1302 2040 1345 2090 ιιι.

54 2133 168 2198 raetiae
185 2154 256 2198 suae
272 2131 422 2218 mysteriis
437 2133 472 2195 ad
488 2142 665 2194 sectatorum
682 2131 839 2216 perniciem
856 2143 1033 2216 aspergunt,
1056 2132 1142 2215 idque
1158 2133 1209 2194 od·

53 2246 190 2313 mouent,
222 2236 329 2300 deluere
347 2234 504 2319 quemlibet
523 2233 674 2297 fortiorem
693 2234 748 2296 sibi
768 2233 907 2317 adoptare
927 2232 1091 2311 Virtutem,
1122 2247 1209 2319 atque

52 2338 89 2402 ali
112 2338 243 2402 inferiori
267 2349 298 2401 et
319 2335 501 2400 imbecilliori
524 2336 658 2415 secerni,
688 2356 726 2399 ea
743 2335 877 2400 videlice!
900 2356 974 2419 quoe
997 2348 1027 2399 et
1044 2337 1157 2401 eoelum
1180 2349 1211 2400 et

52 2462 173 2505 earnem
188 2451 218 2504 et
233 2442 369 2505 muudum
387 2438 587 2518 lubricaverit,
610 2439 711 2523 sicque
728 2441 763 2502 ad
777 2440 929 2523 superiora
947 2459 998 2523 per
1012 2435 1123 2502 Clrristi
1139 2460 1209 2502 evo·

51 2545 114 2610 lare
133 2543 315 2629 supplicium.
362 2540 447 2606 lluuc
470 2542 547 2604 euim
571 2542 662 2605 luisse
680 2548 815 2605 caussam
835 2543 938 2606 colunt
953 2563 1006 2604 cur
1023 2562 1039 2604 e
1058 2544 1141 2605 coelo
1160 2544 1209 2607 ile-

52 2647 154 2732 lapsus
170 2649 226 2724 sit,
259 2645 394 2708 nimirum
411 2655 442 2709 ut
460 2644 544 2708 lortis
562 2644 593 2707 in
610 2644 674 2730 ipso
691 2644 869 2728 solidiorque
887 2643 989 2709 Virtus
1007 2645 1209 2731 perficeretur,

52 2771 89 2814 ac
107 2750 142 2813 de
159 2747 319 2811 inlirrrniore
337 2747 511 2832 triumphum
529 2748 656 2811 referret
672 2768 836 2832 corpusque
853 2749 992 2812 traderet.
1038 2747 1120 2813 llaec
1138 2770 1210 2813 ιιοιι-

52 2852 125 2917 nulli
147 2872 187 2915 ex
206 2851 295 2936 ipsis,
327 2851 376 2913 alii
399 2871 471 2914 vero
493 2850 551 2913 alia
573 2850 754 2935 praedicant.
800 2847 925 2933 Quidam
948 2851 1025 2914 crrim
1046 2848 1208 2930 Christum,

53 2955 130 3040 quod
150 2954 244 3019 malus
264 2965 342 3018 esset
362 2952 486 3035 relegis
502 2952 631 3016 instituta
648 2952 760 3017 uiolare
776 2955 913 3032 auderet,
944 2974 961 3016 ι
980 2951 1049 3017 ludu
1067 2956 1210 3038 proditum

53 3057 237 3121 existimant.
283 3052 408 3121 Geinum
422 3056 512 3131 euim,
531 3066 564 3119 ut
579 3054 717 3133 diximus,
734 3053 894 3139 ludamque
912 3068 1108 3137 venerantum
1133 3059 1211 3121 eius·

53 3180 111 3245 que
125 3158 168 3225 rei
184 3159 297 3244 gratio,
321 3158 471 3241 inquiunt,
496 3156 576 3221 illum
592 3158 734 3243 prodidit,
758 3160 834 3242 quod
851 3160 999 3243 praeclare
1014 3161 1120 3224 tradita
1135 3160 1211 3222 arnti-

54 3284 145 3348 quure
162 3263 263 3327 vellet.
308 3261 369 3325 Alii
387 3282 460 3325 vero
475 3260 562 3325 aliter
579 3259 728 3339 sentiunt,
745 3272 785 3324 ut
802 3263 916 3326 tunnetsi
940 3263 1033 3326 bornus
1051 3273 1147 3338 esset,
1172 3281 1211 3324 ex

53 3365 175 3429 coelesti
192 3364 313 3449 quadum
329 3364 496 3447 cognitione
515 3364 553 3426 sit
568 3362 710 3448 proditus.
755 3361 874 3427 Norunt
888 3364 977 3440 enim,
1002 3365 1100 3442 aiunt,
1124 3362 1211 3426 Prin-

54 3468 151 3553 cipes,
183 3468 207 3531 si
227 3465 364 3533 Christus
381 3466 411 3529 in
430 3487 545 3530 crucem
566 3466 734 3544 tolleretur,
765 3467 893 3551 ipsorum
913 3467 1089 3530 exhaustum
1106 3467 1141 3529 iri
1161 3488 1211 3550 po-

53 3571 175 3635 tentiam
194 3591 329 3648 omuemq
354 3570 429 3654 quod
450 3590 514 3632 cum
534 3565 619 3632 ludas
639 3591 695 3634 nou
715 3569 882 3653 ignoraret,
906 3569 1064 3631 maturavit
1080 3590 1210 3633 omnem-

53 3694 111 3759 que
133 3673 255 3758 lapidem
279 3672 371 3736 movit
393 3682 424 3734 ut
444 3692 509 3735 eum
526 3668 643 3735 ludaeis
663 3673 802 3736 traderet.
849 3670 916 3754 Qua
932 3671 961 3734 in
977 3693 1009 3733 re
1027 3673 1146 3756 egregie
1163 3694 1210 3736 sa·

52 3777 105 3841 luti
128 3774 429 3840 uostruecousuluit.
473 3774 519 3837 Ae
542 3784 698 3860 propterea
716 3775 848 3839 laudibus
867 3795 931 3837 enm
951 3775 1134 3838 remunerari
1156 3797 1210 3838 nos

53 3889 187 3966 oportet,
218 3879 301 3942 euius
319 3899 408 3962 opera
425 3877 521 3941 crucis
538 3877 622 3941 uobis
638 3878 717 3942 salus
734 3889 779 3940 est
796 3877 844 3939 illa
862 3888 1045 3961 comparata,
1077 3900 1132 3942 uec
1151 3901 1209 3942 non

54 3983 227 4048 coelestium
248 4002 348 4044 rerum
374 3981 476 4043 eadem
498 4001 538 4044 ex
557 3981 713 4044 occasione
731 3981 944 4042 communicata
962 3979 1103 4064 cognitio.
1149 3980 1210 4045 Sed

55 4107 120 4150 cum
139 4084 187 4149 isti
204 4082 322 4147 minime
341 4083 446 4147 bouum
465 4083 590 4167 aliquem
608 4083 719 4147 honore
736 4103 772 4145 ue
790 4083 873 4146 laude
892 4096 1122 4168 prosequuntur,
1148 4095 1208 4149 toto

55 4188 152 4266 coelo,
176 4187 249 4272 quod
267 4185 359 4263 aiunt,
384 4185 533 4249 alrerraut.
578 4183 685 4269 Neque
700 4186 855 4249 obscurum
872 4187 940 4249 illud
958 4197 1014 4264 est,
1039 4187 1111 4252 haec
1127 4188 1209 4273 iguo-

56 4289 170 4355 rautiae
189 4290 357 4373 fraudisque
376 4288 489 4352 semina
510 4287 582 4373 ipsis
602 4309 619 4351 ι
637 4286 752 4351 diabolo
769 4309 888 4373 aspersa
908 4289 1008 4353 luisse.
1054 4287 1088 4354 lu
1105 4292 1209 4375 quihus

54 4394 126 4459 illud
141 4403 186 4457 est
202 4413 219 4457 e
235 4392 379 4477 scriptura
397 4392 575 4477 perlectum:
601 4394 659 4452 Vae
673 4395 725 4472 qui
736 4394 837 4453 dieunt
851 4393 950 4454 donem
966 4396 1084 4468 rnatum,
1109 4404 1139 4455 et
1149 4414 1208 4456 mc·
1221 4413 1274 4457 nan
1282 4413 1302 4468 5,
1315 4415 1347 4460 eo.

90 4543 115 4600 l.
133 4549 199 4598 ΗΜ
215 4548 299 4598 dotem
314 4544 401 4613 φησὶν.
683 4542 708 4598 6.
726 4547 790 4598 tuit
806 4547 889 4600 labent
905 4546 978 4615 φησὶ.

90 4617 115 4667 5.
131 4611 244 4679 dotted<
259 4618 351 4666 uncinis
366 4618 455 4667 notovit
470 4617 588 4668 Pelcudur.

110 4696 199 4754 carpe
212 4693 347 4743 meroen.
362 4694 392 4741 11.
965 4705 1004 4770 33
