3046 5084
272 331 333 395 288
694 343 813 394 εκνοιι
831 341 998 394 εειεειεειιι

270 458 463 542 ὑπομνήσεως
478 457 563 543 χάριν
576 465 628 522 τοῦ
645 461 796 540 μέλλοντος
811 463 933 524 παιδίον
948 457 982 523 τδ
995 455 1068 539 αίμα
1083 464 1136 541 τῆς
1147 464 1308 544 περιτομῆς
1324 462 1425 541 ἱστᾶν,

271 563 344 645 ὅπερ
368 560 499 634 άκοάσας
521 562 572 624 καί
596 559 792 640 οἰκονομήσας
813 558 931 641 άπέστη.
976 560 1037 623 Καί
1058 565 1148 625 ποίοα
1168 562 1290 625 παιδίου
1311 559 1424 627 άιιονε·

271 661 329 727 ἄλλ’
344 661 365 744 ή
378 665 445 745 περί
462 655 499 726 οὗ
513 658 624 725 είπενδ
641 659 797 743 προφήτης
811 660 872 740 ὅτι,
897 660 1074 742 Θελήσοασιν
1089 664 1117 725 εί
1131 663 1259 746 ἐγένοντο
1275 668 1426 748 πυρίκαυ-

270 787 342 842 στοι,
364 763 409 828 δτι
422 766 541 827 παιδίον
555 760 699 846 ἐγεννήθη
714 759 794 844 ήμῑν,
816 766 866 827 καί
881 761 947 837 υίδς
962 761 1056 843 ἐδόθη
1070 760 1149 844 ήμῖν.
1195 760 1235 826 T&
1251 764 1306 845 μὲν
1317 788 1424 848 γεννη-

268 866 324 929 θέν
339 869 457 929 παιδίον
473 864 589 939 δεικνδς
605 867 635 928 ἐν
650 862 792 951 άληθείρι,
815 864 897 938 ὅπως
911 861 1025 952 σημάνη
1040 861 1093 945 τήν
1109 860 1255 946 άληθινήν
1268 863 1423 949 ένανθροί-

270 988 375 1050 πησιν,
397 965 429 1031 τά
451 967 497 1044 δὲ,
518 964 598 1040 ‘mg
612 963 707 1046 ἐδόθη
721 963 807 1047 ήμῖν,
830 965 912 1040 ὅπως
929 968 1007 1053 δείξη
1023 963 1075 1028 τδν
1095 964 1213 1030 άνοιθεν
1227 972 1304 1031 θεοῦ
1318 965 1421 1051 λόγον,

270 1071 321 1133 καλ
337 1066 404 1132 νίδν
421 1075 496 1131 θεοῦ
515 1064 605 1130 αάτδν
622 1069 788 1149 δειχθέντα,
817 1069 868 1130 καί
890 1069 922 1130 ἐν
939 1065 1034 1152 μήτρᾳ
1049 1065 1206 1150 γενόμενον
1223 1067 1421 1153 ένανθρωπή-

149 1201 200 1245 pag.
214 1188 257 1232 εει.
271 1192 375 1246 σαντα,
397 1171 498 1250 έχοντα
516 1165 668 1250 άμφάτερα
683 1165 756 1232 θεάν
773 1169 824 1231 καί
842 1166 1020 1252 άνθραπον,
1043 1166 1134 1233 αάτδν
1149 1167 1238 1248 θεδν,
1261 1167 1353 1234 αῦτδν
1371 1166 1423 1233 άν·

270 1282 412 1354 θρωπον,
435 1267 524 1333 αῦτδν
541 1268 608 1332 υίόν
623 1267 739 1332 άνωθεν
757 1271 899 1347 δοθέντα,
922 1267 1013 1333 αῦτδν
1028 1273 1149 1334 παιδίον
1161 1272 1349 1354 γεννηθέντα,
1373 1268 1423 1352 ἐφ’

271 1365 308 1438 οὗ
325 1374 392 1452 ἐστη
409 1369 513 1435 λοιπδν
528 1368 560 1435 τά
580 1367 652 1451 αἷμα
669 1377 722 1451 τῆς
737 1377 911 1452 περιτομῆς,
934 1367 974 1445 οἷς
990 1372 1040 1435 καλ
1057 1373 1144 1458 ἐντῷ
1163 1368 1317 1459 εὐαγγελίῳ
1331 1373 1420 1456 λέγει,

271 1473 318 1540 ὅτε
338 1466 577 1554 ήλθονἝλληνες
595 1470 769 1552 βουλόμενοι
787 1469 875 1536 αάτάν
888 1471 1074 1551 θεάσασθαι,
1097 1475 1148 1537 καί
1162 1465 1256 1555 ήλθον
1272 1470 1349 1557 πρδς
1365 1478 1423 1539 Φί·

270 1583 395 1651 λιππον,
417 1575 466 1637 καί
480 1575 613 1657 λέγουσιν
630 1569 724 1659 αὐτῷ,
748 1578 850 1648 Δεῖξον
866 1570 938 1655 ήμῖν
954 1571 1006 1637 τδν
1020 1570 1146 1654 Ἰησοῦν·
1168 1574 1219 1639 καί
1234 1570 1253 1638 ά
1270 1579 1422 1652 Φίλιππος

269 1684 310 1764 τῷ
325 1674 460 1761 Ἀνδρέᾳ,
483 1678 534 1738 καὶ
548 1672 713 1758 δἈνδρέας
729 1682 770 1761 τῷ
783 1671 879 1756 Ἰησοῦ
894 1677 952 1756 ἐφη
967 1673 1027 1752 ὅτι,
1056 1673 1281 1756 ΤινέςἝλληνες
1297 1675 1423 1757 βούλον-

270 1783 320 1842 ταί
339 1799 371 1841 σε
395 1776 571 1841 θεάσασθαι.
617 1779 677 1840 Καὶ
702 1773 796 1850 εῦθῦς
818 1773 836 1840 δ
855 1774 959 1859 κύριος
980 1774 1183 1860 άποκρίνεται,
1211 1780 1317 1861 λέγειν,
1349 1782 1424 1844 Νῦν

271 1884 405 1961 έφθασεν
418 1875 438 1959 ῆ
452 1876 524 1953 δόξα
537 1883 590 1942 τοῦ
604 1885 694 1955 θεοῦ,
716 1881 766 1941 ίνα
787 1881 866 1966 δείξη
883 1877 1043 1962 περιτομήν
1060 1878 1112 1959 μὲν
1129 1878 1348 1962 παρερχομένην
1363 1878 1423 1963 τήν
1467 1960 1472 1969 Ι

271 1985 424 2066 ἐνσαρκον,
445 1981 496 2043 καί
509 1977 591 2066 τύπῳ
609 1976 831 2062 δπηρετήσασαν
848 1976 912 2063 άχρι
928 1978 1045 2064 χρόνον,
1067 1977 1121 2061 τήν
1134 1979 1166 2042 δέ
1181 1981 1214 2045 ἐν
1228 1980 1314 2063 σαρκί
1328 1976 1420 2063 άκρο-

271 2086 392 2166 βυστίαν
408 2084 439 2146 έν
457 2080 598 2162 πνεύματι
616 2083 740 2162 έχοασαν
755 2086 871 2162 μείζονα
885 2078 1062 2166 περιτομήν,
1083 2087 1260 2165 θεωροῦσαν
1277 2079 1419 2167 Χριστδν,

269 2188 322 2250 καὶ
343 2181 431 2249 αῦτδν
452 2184 484 2246 έν
505 2179 629 2270 άληθείςι
650 2191 867 2264 κατειληφυῖαν.

97 2533 99 2537 -
132 2489 260 2563 Κεφικτί·
357 2494 400 2555 Εἰ
421 2491 453 2555 δέ
475 2487 632 2571 βούλονται
655 2480 737 2552 οὗτοι
757 2490 863 2571 λέγειν,
896 2493 969 2563 Πῶς
992 2480 1057 2552 οὖν,
1070 2485 1198 2572 Χριστδς
1218 2482 1417 2574 περιετμήθης

272 2593 450 2659 άκοάσονται
465 2591 525 2669 ὅτι,
538 2588 617 2671 Ἤδη
632 2591 684 2671 μὲν
699 2582 770 2666 οὖν,
793 2582 817 2653 ά
833 2592 1061 2671 πεπλανημένοι,
1085 2592 1233 2672 ἐδείξαμεν
1244 2586 1314 2673 δμῖν
1327 2585 1365 2653 δι’
1376 2587 1418 2671 ῆν

271 2700 366 2762 αἰτίαν
381 2695 572 2777 περιετμήθη.
607 2689 797 2773 Περιετμήθη
815 2689 869 2775 γάρ
886 2690 934 2755 διά
949 2688 1075 2767 πολλοῦς
1089 2693 1227 2776 τρόπους.
1260 2690 1321 2755 Καὶ
1333 2696 1414 2775 πρῶ-

269 2824 336 2875 τον,
366 2801 416 2861 ἵνα
433 2798 511 2883 δείξη
529 2797 560 2858 ἐν
575 2791 699 2879 άληθείηι
716 2790 811 2877 σάρκα
827 2791 933 2858 ἕαυτδν
948 2789 1151 2873 άνειληφέναι,
1181 2792 1231 2859 διά
1246 2800 1418 2875 Μανιχιιῖσν

270 2900 322 2964 καὶ
344 2895 414 2972 τοῦς
431 2898 566 2981 λέγοντας
584 2897 614 2959 έν
639 2892 758 2976 δοκήσει
775 2896 952 2977 πεφηνέναι·
982 2896 1096 2973 ἐπειτα,
1124 2898 1175 2960 ἵνα
1196 2898 1277 2985 δείξη
1298 2891 1341 2971 οἷς
1361 2892 1420 2961 οῦκ

270 2995 309 3084 ῆν
328 2997 487 3082 άμοοάσιον
504 2995 536 3061 τδ
554 3003 639 3078 σῶμα
657 3003 691 3084 τή
706 2998 841 3078 θεάτητι,
864 2996 905 3072 σ’ίς
921 3019 1011 3078 φησιν
1026 2993 1244 3082 Ἅπολινάριος,
1273 2992 1333 3061 ἄλλ’
1349 2994 1420 3063 οὔτε

271 3102 388 3168 άνοιθεν
413 3098 484 3165 αάτδ
507 3097 711 3181 κατενήνοχεν,
741 3094 781 3173 οίς
800 3098 875 3182 λέγει
895 3096 1100 3173 Οάαλεντῖνος·
1127 3100 1179 3163 καὶ
1198 3101 1250 3162 ἵνα
1266 3096 1420 3187 βεβσισίση

271 3206 309 3289 ῆν
321 3203 411 3270 πάλαι
425 3205 515 3268 έδοοκε
528 3198 687 3282 περιτομήν
700 3204 820 3275 δικαίας
832 3197 1056 3283 άπηρετήσασαν
1069 3201 1124 3276 ἕως
1135 3206 1189 3283 τῆς
1200 3196 1294 3264 αὐτοῦ
1304 3224 1421 3283 παρον-

272 3314 347 3387 σέας,
368 3308 419 3371 καί
432 3302 482 3369 διά
498 3302 530 3367 τδ
546 3301 588 3386 μή
601 3305 674 3384 έγειν
687 3299 758 3377 τοῦς
771 3298 934 3378 Ἰουδαίους
948 3299 1116 3387 άπολογίαν.
1160 3303 1202 3365 Et
1213 3297 1268 3386 γάρ
1281 3296 1323 3383 μή
1335 3322 1417 3384 περι·

273 3408 404 3494 ετμῆθη,
434 3404 511 3489 εἶχον
527 3407 633 3490 λέγειν,
666 3401 730 3468 ου’κ
746 3400 920 3487 ήδννάμεθα
938 3403 1066 3488 Χριστὸν
1082 3405 1223 3480 δέξασθαι
1239 3404 1271 3468 έν
1287 3398 1417 3486 άιιροβυ·

273 3518 345 3598 στίμ.
371 3509 484 3585 ’Ἄλλως
496 3533 525 3572 τε
538 3509 589 3571 καί
604 3509 661 3571 έδει
676 3503 767 3570 αῦτδν
781 3505 979 3587 ἐντειλάμενον
990 3514 1031 3593 τῷ
1042 3503 1174 3590 Ἁβραάμ
1188 3510 1418 3589 περιτμηθῆναι,

273 3617 435 3697 σφραγῖδος
451 3613 536 3677 ἕνεκα
552 3609 747 3691 φαινομένης,
769 3610 811 3682 είς
828 3606 922 3673 τύπον
940 3609 972 3672 δέ
993 3605 1137 3689 άληθινῆς
1155 3608 1206 3671 καί
1221 3604 1352 3691 άοράτοιι
1368 3609 1419 3674 δο·

272 3719 392 3795 θείσης,
420 3722 476 3778 νῦν
496 3718 714 3798 περιτμηθῆναι
739 3710 812 3773 ικαί
832 3711 941 3794 κοίτην
961 3712 1129 3792 βεβαιῶσαι.
1170 3705 1300 3794 Ἐγένετο
1320 3706 1421 3795 γάρῆ

273 3816 436 3897 φαινομένη
452 3813 594 3899 περιτομή
611 3816 706 3879 ένεκεν
722 3815 881 3896 δισταγμοῦ
898 3819 952 3876 τοῦ
964 3808 1113 3896 Ἁβραάμ,
1135 3809 1184 3877 ὅτε
1199 3808 1282 3877 εἶπεν
1299 3808 1318 3876 δ
1333 3808 1421 3895 ἅγιος

272 3917 322 3982 καλ
338 3919 459 3995 δίκαιος,
482 3915 522 3991 οίς
535 3919 567 3981 έν
580 3920 738 4002 δισταγμρῦ,
761 3917 804 3978 Et
817 3921 857 4001 τῷ
877 3915 1093 3979 2έπατονταέτει
1106 3911 1173 3988 νίδς
1185 3912 1345 3999 γενήσεται,
1364 3914 1421 3979 ml

273 4021 302 4083 εἰ
315 4016 418 4102 Σάρρα
436 4016 457 4098 ή
473 4017 630 4100 πρεσβῦτις
645 4014 776 4103 γεννήσει
794 4014 875 4095 νίόν,·
904 4020 955 4081 καί
970 4014 1064 4092 εῦθδς
1081 4013 1099 4081 ά
1115 4014 1236 4101 κύριος,
1264 4012 1350 4096 Λάβε
1366 4038 1421 4095 μοι

271 4118 355 4205 κριδν
371 4123 558 4203 τριετίζοντα,
580 4123 631 4184 καὶ
648 4123 717 4202 αίγα
732 4119 784 4182 καί
799 4116 939 4201 δάμαλιν,
962 4120 1012 4184 καλ
1030 4116 1067 4183 τά
1082 4120 1156 4201 ἑξῆς.
1199 4117 1260 4181 Καί
1276 4115 1344 4199 περί
1362 4112 1422 4198 τήν

271 4226 325 4285 τοῦ
345 4218 431 4302 ήλέον
452 4218 552 4299 δύσιν,
582 4217 622 4296 οίς
642 4218 701 4284 εἶδε
717 4219 873 4301 λαμπάδας
888 4219 983 4307 πυράς
1002 4222 1055 4287 καί
1071 4224 1222 4303 κλίβανον,
1248 4217 1301 4282 καί
1317 4212 1421 4298 κάλλει,

298 4357 488 4407 cmxxvnn
499 4387 532 4396 -
548 4357 570 4408 1.
583 4356 627 4407 και
639 4360 755 4420 voculam,
767 4374 827 4421 μοι
859 4364 918 4411 σοι
934 4365 1025 4423 ηιιιιο
1047 4330 1110 4412 οπο
1125 4355 1317 4424 περιτμηθῆναι.

270 4429 341 4489 wigo
357 4427 502 4476 desideratur
517 4429 543 4475 ιἰι
559 4427 639 4483 libris,
664 4428 777 4475 θοτοατίο
793 4428 827 4492 (is
897 4434 922 4480 2.
943 4428 1108 4495 λκατανταέτη
1130 4427 1181 4479 ωδ-
1196 4426 1295 4487 mo.
1317 4428 1340 4475 εί
1362 4424 1423 4477 a&

271 4498 331 4544 ειιλπι
347 4497 414 4543 vertit
428 4505 453 4542 et
467 4494 516 4543 hoc
530 4490 680 4557 signaculum
695 4492 826 4541 confirma·
859 4501 935 4559 princ,

271 4563 322 4629 ret)
335 4567 358 4613 ιι
369 4562 467 4612 Ρειανὶο
478 4561 643 4624 manualibus
654 4562 735 4622 τιμιιίλ
747 4574 776 4611 επ
790 4565 827 4611 ul-
