3046 5084
263 335 323 397 278
680 344 799 396 ελοιοοι
817 343 983 394 εειοιιιιιιι

266 484 319 544 σχα
334 468 439 547 φαγεῖν
456 458 522 543 μεθ’
536 456 635 541 ῦμῶν·
657 457 742 525 αῦτολ
756 460 789 525 δέ
805 457 1021 544 ἐπιγράψαντες
1033 455 1067 522 τό
1077 459 1175 543 Κρίας
1189 459 1312 537 ἓαυτοός
1323 463 1413 527 ἐπλα.

266 583 369 645 νησαν,
391 559 653 649 βμδιονργήσαντες
668 563 720 625 καλ
736 558 876 640 εἰπόντες,
897 558 955 642 Μή
971 561 1116 647 ἐπιθυμία
1132 560 1308 644 ἐπεθύμησα
1320 571 1413 630 τοῦτο

268 663 301 729 τό
317 663 415 746 πάσχα
431 665 519 748 κρέας
534 670 640 746 φαγεῖν
661 658 727 744 μεθ’
743 659 842 744 ῦμῶνς
873 668 987 742 Σαφῶς
1003 662 1035 726 δὲ
1051 664 1198 728 δείκνυται
1215 662 1260 728 ὅτι
1279 667 1328 729 καί
1353 665 1413 730 ποί-

268 789 321 848 αχα
336 767 495 843 ἐπετέλεσε,
517 765 569 828 καὶ
582 764 653 847 κρία
671 764 836 848 βέβρωκεν,
857 760 898 839 ῶς
914 772 1067 847 προεῖπον.
1109 761 1193 828 ’Λλλό
1212 767 1263 830 καλ
1277 764 1337 831 όπό
1355 774 1414 832 τοῦ

268 864 417 953 όροίματος
438 863 686 949 4ἐλεγχθήσονται
707 872 761 929 τοῦ
782 862 1050 945 όποκαλνφθίντος
1072 870 1113 953 τῷ
1133 863 1207 955 όγίρι
1231 869 1337 956 Πέτρῳ
1359 868 1414 934 διό

267 975 321 1051 νής
334 965 447 1049 όθόνης
462 973 515 1049 τῆς
536 964 660 1049 ίχοόσης
675 964 772 1031 πόντα
793 968 826 1032 ἐν
841 963 915 1055 αὐτῇ
937 971 1033 1048 θηρία
1053 991 1083 1031 τε
1103 969 1154 1031 καὶ
1169 967 1276 1051 κτήνη,
1303 969 1413 1055 ίρπετιὶ

269 1072 321 1135 καὶ
340 1066 474 1157 πετεινόι,
500 1069 551 1132 καλ
567 1074 670 1148 φωνῆς
687 1071 792 1152 κυρίου
811 1066 964 1152 λεγοόσης,
983 1065 1124 1143 ’Λναστός
1137 1076 1236 1135 θῦσον
1257 1073 1309 1135 καλ
1323 1071 1411 1157 φῶγε.

152 1201 202 1245 pag.
214 1189 257 1232 ιιι.
272 1173 334 1235 Καὶ
349 1177 402 1234 τοῦ
421 1169 537 1253 Πέτρου
552 1169 700 1252 λέγοντος,
723 1172 883 1251 Μηδαμῶς
898 1167 995 1254 κύριε·
1016 1166 1105 1234 οῦδὲν
1118 1169 1220 1236 κοινόν
1236 1170 1257 1254 ἦ
1274 1170 1411 1258 όκόθαρ-

269 1298 321 1338 τον
336 1274 468 1353 είςήλθεν
482 1272 524 1345 είς
538 1267 571 1334 τό
588 1267 681 1350 στόμα
696 1295 770 1351 μου,
791 1272 883 1352 φησὶν
896 1268 913 1335 ό
927 1268 1047 1354 κόριος,
1059 1269 1099 1334 “A
1114 1268 1132 1336 ό
1150 1271 1223 1348 θεός
1238 1273 1412 1355 ἐκαθάρισε,

270 1371 308 1439 σῦ
328 1371 369 1455 μή
389 1376 500 1437 κοίνου.
542 1367 748 1455 Εῦρεθήσεται
770 1369 826 1456 γόρ
847 1374 880 1436 ἐκ
893 1370 948 1437 δόο
962 1370 1082 1456 τρόπων
1098 1377 1150 1454 τῆς
1169 1370 1309 1457 ῶληθείας
1323 1372 1345 1457 ή
1360 1373 1413 1441 σῦ-

271 1496 377 1550 στασις.
408 1474 451 1536 Εἰ
464 1473 517 1555 μέν
530 1469 585 1557 γόρ
600 1474 700 1557 ἐροῦσι
715 1471 789 1536 κατό
804 1470 922 1539 πόντων
935 1471 1100 1555 βρωμάτων
1118 1478 1350 1556 διεξεληλυθίναι
1364 1475 1411 1542 λό-

272 1602 326 1661 γον
342 1573 395 1641 τόν
412 1572 497 1659 ῦγιον
515 1575 645 1658 Πίερον,
666 1575 717 1638 καί
733 1575 825 1658 λέγειν
841 1573 886 1638 ότι
909 1571 1051 1639 οῦδίποτε
1070 1574 1173 1641 κοινόν
1191 1575 1212 1658 ἢ
1227 1574 1412 1663 όκοίθαρτον,

274 1675 315 1753 ῶς
335 1678 385 1741 καλ
405 1673 495 1758 βόας,
523 1676 575 1739 καὶ
594 1672 694 1759 αἶγας,
723 1677 775 1740 καὶ
794 1673 945 1761 πρόβατα,
974 1677 1026 1740 καί
1043 1674 1153 1761 ῦρνεις,
1174 1677 1260 1743 κοινοί
1274 1681 1414 1764 λέγεσθαι

273 1776 341 1862 παρ’
358 1775 451 1865 αότῶ,
474 1773 566 1852 εῦθός
581 1774 803 1860 ἐλεγχθήσονται
819 1779 852 1842 ἐκ
871 1783 925 1860 τῆς
940 1778 1084 1862 προτέρας
1103 1776 1195 1844 αῦτοῦ
1213 1777 1412 1865 όναστροφῆς.

273 1878 363 1945 Μετό
383 1878 439 1964 γόρ
460 1876 493 1943 τό
512 1885 602 1962 γῆμαι
619 1879 670 1942 καλ
684 1879 771 1942 τίκνα
787 1885 964 1961 κεκτῆσθαι,
986 1881 1038 1945 καλ
1054 1877 1203 1965 πενθερόν
1216 1883 1306 1963 ἐχειν,
1328 1883 1413 1947 συνί-

274 2006 340 2063 τυχε
361 1987 401 2069 τῷ
426 1988 535 2065 σωτῆρι
558 1982 587 2056 ἐξ
612 1976 762 2044 Ἰουδαίων
786 1977 963 2064 όρμῶμενος.
1011 1978 1151 2047 Ἰουδαῖοι
1174 1982 1206 2047 δέ
1227 1984 1278 2047 καλ
1301 1980 1415 2069 σόρκας

274 2085 425 2160 ἐσθίουσι,
454 2084 505 2145 καλ
524 2085 694 2166 κρεωφαγία
716 2078 784 2166 παρ’
806 2079 906 2157 αότοῑς
926 2078 982 2147 οῦκ
1000 2083 1184 2165 ἐβδίλνκται,
1214 2081 1284 2149 ου’δέ
1301 2081 1414 2169 όπηγό-

275 2210 382 2269 ρευται.
416 2181 493 2265 ’Ἆρα
516 2180 542 2267 γ’
567 2176 621 2248 οῦν
639 2179 731 2247 αότοῦ
754 2181 939 2267 βεβρωκότος
958 2180 1008 2247 ἄπ’
1031 2180 1136 2268 οίρχής,
1165 2186 1193 2249 τί
1210 2187 1261 2250 καί
1283 2187 1339 2262 ἕως
1359 2193 1415 2252 τοῦ

273 2292 450 2367 συναντῆσαι
463 2288 503 2372 τῶ
516 2291 623 2370 σωτῆρι
642 2281 750 2366 είποιμ’
768 2281 820 2362 όν,
848 2282 1031 2367 δειχθήσεται
1049 2283 1096 2351 ότι
1118 2283 1207 2351 οῦδέν
1224 2284 1328 2352 κοινόν
1340 2283 1413 2372 ήγή·

275 2408 345 2453 σατο
360 2394 419 2452 τῶν
433 2383 469 2451 οῦ
483 2393 592 2451 κοινῶν
607 2386 778 2469 λεγομένων.
821 2387 883 2450 Καί
899 2384 954 2472 γόρ
972 2384 1010 2452 οό
1026 2385 1102 2452 κατό
1121 2384 1243 2453 πόντων
1262 2386 1414 2473 διεξήγαχε

274 2488 307 2555 τό
324 2487 425 2555 κοινόν
444 2489 495 2553 καὶ
516 2486 704 2573 οίκοίθαρτον,
732 2483 802 2550 ἄλλό
819 2488 887 2572 περί
907 2480 950 2552 ῶν
968 2490 1063 2573 ίλεγεν
1085 2486 1104 2555 ό
1123 2491 1217 2571 νόμος
1233 2494 1341 2555 κοινῶν
1359 2491 1411 2555 καί

275 2588 462 2675 όκαθόιρτων.
507 2588 604 2653 Πόλιν
625 2589 658 2653 δὲ
676 2585 785 2654 τοῦτον
807 2590 973 2670 δειχθέντος
994 2589 1042 2655 ότι
1065 2587 1102 2656 οῦ
1124 2593 1192 2676 περὶ
1214 2590 1332 2657 πόντον
1349 2597 1412 2656 τῶν

274 2694 370 2773 κρέων
386 2688 466 2778 αὐτῷ
482 2691 589 2775 ἔλεγεν,
619 2687 660 2765 ῶς
675 2697 785 2755 κοινῶν
803 2688 921 2755 πόντων
938 2688 1048 2772 όντων,
1070 2688 1141 2757 ῶλλό
1160 2694 1230 2778 περὶ
1243 2698 1303 2758 τῶν
1316 2692 1349 2757 ἐν
1368 2698 1411 2781 τῇ

272 2792 355 2881 νόμμ
369 2780 478 2857 κοινῶν
494 2816 525 2855 τε
543 2792 594 2855 καλ
611 2788 803 2875 όκαθόρτων,
825 2788 843 2856 ό
859 2790 931 2868 θεός
944 2798 998 2875 τῆς
1013 2791 1098 2879 όγίας
1115 2798 1246 2876 Χριστοῦ
1261 2796 1414 2876 ἐκκλησίας

273 2891 326 2958 τόν
335 2900 502 2977 χαρακτῆρα
517 2891 701 2977 παραδιδοῦς
714 2894 808 2976 ἔλεγεν
819 2890 898 2981 αῦτῷ
912 2895 1004 2975 μηδέυ
1019 2893 1121 2961 κοινόν
1136 2892 1283 2979 ήγεῖσθαι.
1308 2897 1415 2961 Halm

274 2993 330 3081 γάρ
351 2997 412 3061 ἐστι
429 2992 565 3079 καθαροὶ,
592 2991 663 3075 μετό
685 2990 865 3078 εὐχαριστίας
880 2996 931 3059 καλ
954 2993 1086 3081 εόλογίας
1104 3003 1180 3062 θεοῦ
1197 2996 1412 3081 λαμβανόμενα.

272 3094 357 3161 Ἀλλόι
375 3097 425 3162 καλ
444 3098 511 3182 περὶ
526 3101 579 3178 τῆς
595 3094 723 3177 κλήσεως
737 3102 797 3160 τῶν
811 3098 911 3162 ἐθνῶν
924 3094 958 3162 τό
974 3100 1095 3184 αἴνιγμα
1109 3095 1196 3180 εἶχεν,
1218 3101 1269 3163 tv«
1283 3097 1326 3181 μή
1340 3096 1414 3184 ήγή-

274 3223 358 3282 οηται
380 3196 450 3275 τοῦς
472 3200 504 3263 ἐν
523 3195 702 3284 όκροβυστίμ
724 3195 843 3273 κοινοός
858 3196 879 3280 ἢ
895 3196 1094 3285 όκαθόρτους.
1126 3198 1232 3283 Ὅμως
1247 3196 1269 3283 ή
1285 3202 1415 3281 ἔμφασις

273 3306 326 3367 τοῦ
342 3302 460 3386 Πέτρου
482 3298 519 3365 οῦ
534 3301 601 3382 περλ
616 3296 780 3383 όνθρῶπου
798 3295 856 3382 εἶχε
868 3298 924 3383 τήν
940 3297 1102 3379 ῦπόυοιαν,
1124 3299 1195 3367 όλλό
1210 3302 1277 3386 περὶ
1298 3307 1359 3366 τῶν
1378 3302 1414 3367 ἐν

273 3410 314 3492 τῷ
334 3402 417 3491 νόμῳ
439 3400 695 3487 ἀπηγορευμένων,
717 3398 758 3476 ῶς
777 3403 830 3466 καλ
849 3406 938 3467 παντί
957 3429 1000 3491 τω
1020 3404 1114 3485 σαφές
1129 3400 1166 3469 ῶν
1180 3404 1234 3485 τίη.
1277 3403 1338 3467 lm
1352 3402 1413 3479 ἐξί-

274 3526 360 3571 πεσεν
381 3502 478 3571 αότῶν
497 3501 682 3587 πανταχόθεν
702 3500 721 3569 ό
741 3501 875 3589 ληρῶδης
894 3502 988 3590 λόγος.

57 3986 60 3993 ,
131 3930 197 3999 Κεφ.
209 3928 258 3999 κη’.
359 3918 426 3976 Τῶν
437 3913 469 3978 δέ
479 3912 649 3983 ιίποστόλων
662 3913 699 3980 τό
711 3911 842 3999 όνόμοτα
853 3916 896 3990 είς
907 3912 963 3997 τήν
975 3920 1034 3981 τῶν
1047 3910 1243 3999 ήιτατημίνων
1255 3910 1306 3980 τίετ’
1317 3910 1417 3979 αότῶν

271 4012 370 4079 πενθῶ
386 4026 591 4099 προςττοιητῶς
607 4018 752 4100 δέχονται,
773 4021 895 4100 βίβλους
907 4041 937 4082 τε
953 4019 983 4095 ἐξ
996 4014 1142 4101 όνόματος
1157 4014 1259 4083 αῦτῶν
1269 4014 1416 4096 πλασάμε-

182 4180 187 4189 ,
272 4142 319 4181 νοι
335 4114 550 4200 ἆνεγριίψαντο,
573 4123 668 4200 δῆθεν
682 4116 741 4184 όττό
755 4118 917 4204 προςῶπου
928 4116 1080 4202 Ἰακῶβου,
1100 4120 1152 4185 καλ
1166 4122 1341 4193 Ματθαίου,
1362 4118 1417 4180 καλ

272 4214 366 4284 ῦλλων
381 4225 532 4299 μαθητῶν.
575 4218 625 4284 Ἐν
640 4217 686 4297 οἷς
701 4219 826 4303 όνόμασι
840 4223 891 4287 καλ
905 4219 939 4288 τό
956 4218 1048 4302 ῦνομα
1059 4218 1205 4287 Ἰωῶννοα
1219 4225 1273 4285 τοῦ
1287 4215 1416 4283 όποστό-

271 4327 325 4383 λου
341 4320 594 4405 ἔγκαταλέγουσιν,
623 4324 673 4384 ’ίνα
689 4322 874 4406 πανταχόθεν
892 4323 1015 4409 φωρατή
1032 4325 1150 4409 γίνηται
1165 4318 1188 4404 ή
1203 4318 1302 4385 αότῶν
1318 4318 1418 4385 ῦνοια.

301 4474 327 4555 β.
345 4473 541 4543 ἐλεγχθήσονται
557 4477 607 4526 ωδ.
618 4477 688 4527 Velie.
707 4484 727 4527 ιι
743 4481 798 4529 inde
813 4481 850 4530 ed.
863 4482 944 4531 Ραου.
968 4476 1149 4547 ἐλεγχθήσεται
1164 4478 1216 4529 σοιλ
1228 4478 1327 4540 Βλτόίρ.
1343 4481 1364 4527 ιλ
1379 4478 1418 4527 αλ.

266 4558 344 4605 μτιιιε.
