3046 5084
260 331 321 391 296
678 335 799 387 εενοτι
817 335 985 387 ΕειεΗεΝιι

261 454 340 545 αύτῷ
358 454 531 538 ἅνθρωπος,
545 455 595 517 ’ίνα
611 450 651 535 μή
667 451 739 541 εῦρη
754 450 907 539 πρόφασιν
922 448 1072 534 ύἘβίων.
1116 453 1159 515 El
1170 449 1226 537 γάρ
1242 447 1315 530 εἷπε,
1337 455 1420 537 Γροί·

261 578 314 640 ψει
330 561 361 623 έν
375 555 454 643 αύτῷ
471 553 644 636 ἅνθρωπος,
666 551 739 637 εἶχεν
753 557 844 618 εἰπεῖν
859 552 906 618 ὅτι
922 551 1086 635 άνθρωπος
1096 549 1204 636 Ἰωσήφ
1218 555 1342 640 ἔσπειρε,
1364 557 1421 620 καὶ

262 664 295 727 ἐκ
314 661 479 743 σπέρματος
494 655 607 742 -άνδρύς
626 656 771 741 ἐγεννήθη
792 654 927 740 Χριστός.
975 662 1022 742 Τῷ
1041 656 1074 720 δέ
1090 652 1194 744 Ἡσαΐμ
1213 655 1271 741 πρά
1291 659 1417 724 έπτακο·

262 767 332 828 σίων
348 765 617 843 πεντηκοντατριῦν
634 761 708 824 έτῦν
726 763 813 823 πλείω
829 756 850 840 ή
867 756 977 823 ἐλάσσω
991 759 1082 842 έλεγε,
1115 757 1255 843 Γράψον,
1285 762 1336 824 ἵνα
1354 757 1417 827 duo*

262 873 316 930 τοῦ
338 870 444 947 καιροῦ
464 869 517 926 τοῦ
539 860 735 944 διαστήματος
754 858 840 949 άφθή
861 867 941 924 πῦσα
956 857 976 941 ή
994 857 1136 942 άλήθεια,
1164 859 1209 925 ὅτι
1226 858 1325 937 ούῦελς
1341 861 1417 945 ήῦύ·

263 994 332 1033 νατο
349 964 406 1051 πρά
424 967 605 1029 ἑπτακοσίων
623 968 893 1047 πεντηκοντατριῦν
909 964 983 1026 έτῦν
999 970 1117 1047 σπεῖραι
1132 961 1184 1028 τάν
1199 965 1337 1045 μέλλοντα
1352 991 1416 1050 γεν-

264 1078 380 1134 νᾶσθαι.
428 1060 520 1152 3Ἀρα
538 1058 593 1131 ούν
608 1065 702 1147 μάτην
717 1067 791 1150 λέγει
809 1072 850 1153 τῷ
867 1062 1024 1153 προφήτη,
1054 1062 1193 1149 Γράψον,·
1225 1063 1314 1149 Ούχλ,
1343 1065 1417 1133 άλλά

263 1176 313 1237 ’ίνα
328 1175 407 1258 δείξη
422 1167 455 1234 τῦ
471 1175 585 1249 πνεῦμα
599 1167 631 1231 τά
648 1166 730 1253 ῦγιον
744 1164 776 1232 τά
792 1169 823 1232 έν
836 1173 877 1255 τρῖ
891 1166 1032 1255 προφήτῃ
1048 1162 1120 1231 αύτῦ
1135 1166 1321 1253 ένεργητικῦν
1333 1168 1418 1254 γενό·

266 1300 351 1356 μενον
376 1280 430 1354 τῆς
449 1269 621 1353 συλλήψεως
642 1277 694 1352 τής
719 1267 862 1355 ένσάρκου
887 1276 1016 1354 Χριστοῦ
1039 1273 1203 1355 παρουσίας
1225 1271 1257 1334 έν
1278 1268 1415 1360 άληθείγι.

267 1383 390 1456 Πνεῦμα
412 1373 467 1459 γάρ
491 1372 574 1458 άγιον
596 1370 775 1437 ἐπελεύσεται
797 1373 846 1437 ἐπὶ
866 1372 913 1450 σέ,
945 1374 1037 1454 φησὶν
1059 1369 1076 1436 ά
1095 1369 1213 1457 άγγελσς
1229 1372 1417 1464 Γαβριήλτῇ

266 1483 389 1565 Μαρίιγ,
420 1478 471 1540 καὶ
491 1475 527 1539 τά
550 1478 623 1558 ἑξῆς.
672 1473 710 1539 Τά
733 1475 779 1553 δὲ,
803 1477 930 1555 Γραφίῦι
949 1470 1129 1560 άνθράπου,
1157 1476 1304 1540 τουτέστιν
1323 1475 1418 1543 εἰκόνι

266 1578 438 1665 άνθριύπου.
474 1576 656 1663 ’Ἀνθρωπος
672 1577 703 1641 δὲ
720 1574 847 1660 Χριστὸς
860 1573 986 1657 Ἰησοῦς,
1010 1581 1126 1659 μεσίτης
1139 1583 1216 1642 θεοῦ
1230 1579 1281 1642 καί
1294 1575 1417 1665 άνθροί-

266 1709 342 1764 πων,
366 1678 466 1763 έπειὸή
484 1678 601 1746 άνωθεν
616 1672 691 1762 ήλθε
707 1677 780 1754 θεύς
797 1677 900 1763 λόγος,
922 1681 956 1744 έκ
971 1682 1095 1764 Μαρίας
1110 1680 1141 1743 δὲ
1157 1678 1334 1766 άνθρωπος,
1358 1679 1418 1747 οῦκ

145 1822 196 1866 ρης.
210 1809 254 1854 158.
268 1784 326 1851 άπῦ
348 1786 514 1870 σπέρματος
536 1780 645 1867 άνῦρὸς
664 1784 878 1868 γεγεννημένος.
925 1783 985 1846 Καὶ
1003 1779 1053 1847 διά
1069 1788 1157 1848 τοῦτο
1175 1779 1268 1858 εύθύς
1286 1806 1380 1866 φησιν
1399 1782 1419 1851 ά

266 1887 438 1973 προφήτης,
469 1887 530 1950 Καὶ
547 1888 663 1967 είςήλθε
678 1884 754 1971 πρύς
771 1883 825 1967 τήν
842 1891 1008 1969 προφῆτιν,
1037 1887 1087 1947 ἵνα
1103 1888 1182 1974 ῦείξη
1198 1892 1346 1970 προφῆτιν
1362 1884 1420 1969 τήν

268 1996 406 2076 Μαρίαν,
428 1990 479 2054 καὶ
494 1986 559 2070 οῦγὶ
572 1988 626 2071 τήν
641 1997 767 2074 γυναῖκα
777 1986 877 2070 ”Αχαζ,
901 1987 941 2062 ῦς
955 2011 1030 2062 τινες
1046 1994 1212 2052 πλανῶνται
1228 1985 1419 2067 4φάσκοντες

267 2092 317 2159 ῦιά
332 2092 383 2158 τόν
398 2091 525 2170 Ἐζεκίαν
541 2094 686 2177 εἰρῆσθαι.
721 2089 799 2172 Ἤδη
816 2089 872 2176 γάρ
889 2087 1047 2167 άἘζεκίας
1062 2091 1166 2155 ἕνδεκα
1182 2092 1231 2173 ἔτη
1247 2086 1303 2173 εἶχε
1320 2116 1417 2177 γεγεν-

267 2197 399 2279 νημένος.
447 2202 494 2281 Τῷ
509 2193 564 2280 γάρ
578 2193 670 2282 ἐνάτῳ
684 2196 741 2259 έτει
756 2200 809 2276 τῆς
824 2200 878 2257 τοῦ
895 2191 1007 2277 πατρὸς
1020 2190 1113 2257 αῦτοῦ
1126 2196 1272 2275 βασιλείας
1286 2192 1319 2261 τά
1334 2199 1418 2280 βῆμα

267 2297 482 2384 προεφητεύετο
498 2297 553 2376 ὅτι,
574 2295 660 2376 Ἰδού,
683 2294 704 2378 ή
718 2296 869 2378 παρθένος
887 2297 918 2359 έν
934 2296 1036 2380 γαστρί
1050 2297 1119 2371 ἕξει·
1141 2296 1190 2358 καί
1207 2293 1279 2377 μετά
1295 2295 1328 2362 τῦ
1341 2295 1416 2364 άπα-

268 2411 374 2467 θανεῑν
394 2400 446 2465 τάν
460 2398 562 2482 ’Ἁχαζ,
595 2397 807 2480 βασιλεύσαντα
831 2400 1026 2482 δεκατέσσαρα
1052 2399 1103 2479 ἔτη
1124 2398 1175 2462 καλ
1198 2398 1415 2482 τελευτήσαντα,

269 2502 362 2579 εῦθιίς
381 2524 472 2586 φησιν
490 2500 511 2584 ή
526 2500 642 2587 γραφή,
674 2503 735 2565 Καὶ
752 2502 935 2583 ἐβασίλευσεν
945 2497 1086 2577 Ἐζεκίας,
1116 2491 1220 2582 καλήν
1235 2504 1326 2569 εἴκοσι
1341 2504 1417 2569 έτῦν

269 2611 300 2673 έν
320 2613 360 2696 τῷ
379 2604 543 2689 βασιλεύειν
560 2602 657 2668 αὐτόν.
703 2610 777 2679 Πῶς
793 2596 847 2667 οῦν
869 2606 900 2668 έν
916 2610 952 2692 τῇ
969 2606 1100 2690 βασιλείμ
1116 2609 1170 2668 τοῦ
1184 2602 1295 2691 πατρίς
1309 2599 1413 2683 αύτοῦ,

268 2711 525 2794 τεσσαρεςκαίδεκα
538 2709 587 2787 ἔτη
601 2702 694 2771 αύτοῦ
707 2703 942 2788 βασιλεύσαντος,
958 2707 1218 2791 προφητεύομένου
1232 2714 1285 2773 τοῦ
1296 2709 1329 2774 έιτ
1339 2733 1415 2793 παρ·

269 2813 361 2876 θένου
382 2811 539 2894 γενομένου
559 2806 759 2892 Ἐμμανουήλ,
787 2806 914 2887 Ἐζεκίας
934 2808 1159 2895 γεννηθήσεται,
1190 2807 1323 2877 ύεέιισσι
1342 2813 1418 2878 &ufir

268 2911 441 2998 βασιλεύσας
461 2909 531 2994 μετά
551 2909 603 2976 τάν
621 2910 713 2977 αὐτοῦ
731 2913 858 2997 πατέρα,
889 2914 940 2977 καλ
962 2909 1028 2994 οῦχλ
1047 2919 1156 2993 μᾶλλον
1173 2911 1334 2996 φανήσεται
1353 2924 1419 2993 τοῖς

270 3024 399 3090 συνετοῖς
413 3014 457 3081 ὅτι
469 3013 527 3096 ήδη
540 3011 653 3099 ύπήρχε
666 3016 820 3099 γεννηθείς
832 3013 880 3079 ὅτε
893 3011 911 3080 ά
924 3013 1080 3100 προφήτης
1094 3015 1277 3101 προεφήτευε
1289 3014 1323 3084 τά
1337 3021 1421 3102 βῆμα

270 3122 319 3187 έπὶ
331 3127 384 3202 τῆς
396 3115 546 3200 τοῦ”Αχαζ
557 3116 669 3202 πατρὸς
683 3125 735 3201 τῆς
746 3125 798 3182 τοῦ
807 3115 936 3196 Ἐζεκίου
950 3121 1112 3200 βασιλείαςς
1128 3116 1250 3200 μάλιστα
1261 3116 1331 3186 ούῦέ
1345 3146 1423 3206 προ-

269 3223 395 3307 φήτιδας
409 3219 501 3303 ούσης
517 3227 570 3302 τῆς
583 3218 732 3304 ποῦ”Αχαζ
745 3219 895 3306 γυναικός,
918 3218 958 3297 τίς
972 3224 1061 3286 παντί
1077 3247 1118 3310 τφ
1134 3219 1222 3305 δῆλόν
1235 3223 1303 3288 ἐστι.
1345 3228 1419 3287 M«.

270 3455 304 3511 με
321 3435 413 3494 πῦσαι
431 3431 464 3492 αί
478 3430 573 3512 γενεαί
591 3434 644 3510 τῆς
661 3434 722 3512 γῆς.
768 3425 852 3513 Πρύς
870 3425 909 3510 ἣν
927 3430 1042 3510 είςῆλθε
1059 3425 1204 3513 Γαβριήλ,
1233 3426 1285 3492 καλ
1302 3422 1421 3512 εῦηγγε.

269 3535 366 3596 λίσατο
388 3530 430 3607 τίς
450 3530 483 3596 τύ
501 3538 614 3613 πνεῦμα
629 3528 774 3595 ἐλεύσεται
792 3532 848 3595 ὁέν
862 3528 954 3620 αὐτῇ,
983 3528 1017 3596 τῦ
1033 3534 1064 3596 έν
1079 3527 1184 3596 Ὴσαΐα
1196 3537 1338 3614 λαλήσαν,
1367 3534 1423 3597 καί

268 3633 397 3718 γεννήσει
411 3634 487 3713 υίάν,
509 3632 560 3701 τάν
574 3632 677 3719 κύριον
690 3630 774 3716 ήμῶν
785 3630 900 3715 Ἰησοῦν
915 3631 1054 3719 Χριστόν,
1074 3631 1125 3698 διά
1138 3631 1304 3716 πνεύματος
1319 3629 1423 3719 άγίου,

270 3737 319 3799 καὶ
338 3735 392 3801 οῦκ
410 3736 469 3804 ῦπῦ
488 3740 655 3824 σπέρματος
672 3734 795 3823 άνῦρῦς,
818 3732 859 3812 τίς
877 3728 960 3804 οὗτοι
977 3733 1173 3823 άφροιίνοντες
1188 3736 1241 3803 Ικαὶ
1258 3734 1423 3820 σφαλλόμε·

269 3863 318 3903 νοι
338 3843 569 3924 βλασφημοῦσιν.

120 4159 187 4227 Κεφ.
209 4157 254 4231 λβ.
354 4144 536 4232 Ἐλήλεγκται
557 4151 589 4214 δέ
608 4155 664 4214 τοῦ
682 4144 901 4234 ματαιύφρονος
920 4149 972 4213 καλ
990 4145 1008 4213 ὅ
1023 4146 1223 4232 σαββατισμῦς
1237 4150 1289 4215 καί
1305 4144 1327 4232 ή
1341 4172 1426 4234 περι·

271 4248 362 4333 τομή,
389 4252 440 4314 καὶ
459 4255 490 4315 σί
505 4249 574 4316 καθ’
589 4249 703 4337 ήμέρον
719 4253 879 4334 βαπτισμολ
897 4247 948 4316 ύπ’
966 4249 1058 4318 αύτοῦ
1080 4250 1257 4338 ιγινόμενοι.
1300 4248 1350 4316 Ἐν
1364 4250 1426 4340 γάρ

269 4352 408 4443 σαββάτῳ
427 4362 619 4436 φιλοτιμεῖται
641 4353 677 4418 τά
695 4362 814 4420 πλεῖστα
831 4353 1012 4441 θεραπεύειν
1029 4353 1151 4439 Ἰησοῦς.
1195 4351 1312 4420 Καλοῦ
1330 4352 1428 4440 μόνον

303 4513 328 4566 3.
348 4501 398 4577 ἆρα
414 4516 465 4563 σου.
482 4514 580 4575 τινας.
615 4505 665 4579 ἄρα
680 4515 736 4564 edm
749 4515 810 4562 um.
861 4529 890 4564 ω
905 4517 957 4566 ενι.
976 4517 1048 4565 vatic.

302 4579 327 4634 4.
341 4573 488 4647 φάσκοντες,
508 4582 571 4644 quod
582 4582 653 4645 νολςο
666 4584 738 4643 abest,
750 4582 828 4631 σάλιοι·
894 4582 919 4633 5.
936 4585 976 4634 Sic
990 4585 1042 4635 τοῦ.
1056 4582 1153 4646 Μή.
1172 4584 1195 4633 ιλ
1213 4582 1271 4634 «W
1286 4582 1350 4633 Ιλοελ.
1384 4576 1428 4639 Η
