3046 5084
261 341 322 400 414
686 316 806 398 αιἀατι
824 349 992 399 Ενινιικαιι

261 465 405 548 τοσαύτης
417 469 572 550 ληρωδίας,
595 462 646 529 ἄπ’
661 462 752 546 αύτῆς
768 464 799 528 δέ
812 471 864 547 τῆς
878 462 1053 540 ὑποθέσεως
1066 472 1125 530 τῶν
1138 464 1205 551 παρ’
1219 463 1328 543 αύτοῖς
1342 474 1431 554 λεγο-

261 571 357 650 μένων
374 566 427 650 την
446 565 616 652 ἀνατροπὴν
631 571 743 633 είσειαι.
786 562 967 653 Ἐλέγχονται
983 566 1039 654 γάρ
1058 559 1142 633 οὗτοι
1159 568 1334 635 παντάπασι
1351 567 1432 635 καθ’

261 673 373 736 έαυτῶν
394 668 578 753 όπλιζόμενοι
598 669 635 735 τά
656 671 756 755 φεύδη
779 679 832 754 τῆς
850 669 949 736 αύτῶν
967 674 1188 753 ματαιοπονίας.
1234 671 1348 739 Πόθεν
1364 671 1428 759 γάρ

260 770 346 855 ύμῖν,
376 765 400 838 ῶ
418 766 500 839 ούτοι
521 779 700 857 Πτολεμαῖοί
716 800 746 840 τε
763 777 813 840 καί
833 780 1029 855 Πτολεμαῖαι,
1059 782 1113 839 τοῦ
1132 780 1240 840 Βυθοῦ
1259 774 1296 840 τά
1312 777 1426 861 μέτρα,

260 878 312 940 καί
328 879 361 940 αἰ
374 876 512 958 μονώσεις
526 882 585 942 τῶν
595 884 721 943 τοκετῶν
735 879 786 942 καί
803 885 979 962 γεννητικῶν
994 873 1171 943 ὑποθέσεων
1186 875 1346 963 ἡγνῶσιςς
1368 875 1427 954 Ὡς

260 979 315 1065 γάρ
331 979 474 1064 παρόντες
488 982 610 1044 καὶτῶν
624 983 808 1065 ἐπουρανίων
822 977 873 1055 τάς
886 978 992 1059 φύσεις
1005 979 1196 1061 θεασάμενοι,
1210 976 1316 1055 καλῶς
1331 977 1426 1046 αύτοί

260 1080 400 1167 προόντες
415 1089 469 1146 τοῦ
485 1079 553 1166 παρ’
572 1079 679 1164 3ύμῶν
694 1089 801 1147 Βυθοῶ
817 1084 1018 1165 καλουμένου,
1039 1083 1248 1166 έπαγγέλλεσθε
1267 1080 1320 1165 τὴν
1339 1086 1425 1167 εἴδη-

261 1206 307 1249 σιν
323 1182 394 1266 ἡμῖν
412 1181 636 1263 ύποδεικνύναι,
667 1183 788 1260 ούδενύς
805 1183 926 1249 πῶποτε
941 1191 1002 1249 τῶν
1016 1192 1178 1270 προφητῶν
1193 1192 1281 1250 τοῦτο
1298 1184 1422 1270 είρηκό-

259 1314 319 1366 τος,
342 1285 397 1352 ούκ
414 1284 505 1351 αύτοῦ
522 1290 689 1366 Μωϋσέως,
713 1285 748 1353 ού
766 1295 825 1352 τῶν
840 1285 898 1371 πρό
917 1285 1021 1366 αύτοῦ,
1044 1285 1081 1352 ού
1097 1294 1155 1351 τῶν
1169 1284 1228 1370 μετ’
1243 1284 1358 1369 αύτόν,
1382 1287 1423 1354 ον’

260 1396 319 1453 τῶν
333 1386 549 1474 εύαγγελιστῶν,
571 1387 609 1454 ού
622 1395 680 1455 τῶν
696 1387 876 1455 άποστόλων.
920 1393 963 1453 Εἰ
975 1387 1015 1472 μη
1030 1387 1087 1473 άρα
1100 1388 1136 1453 τά
1151 1387 1313 1471 έθνόμυθα
1327 1389 1420 1473 ποιὴ·

262 1518 339 1572 ματα
355 1495 450 1567 εἰποις
462 1499 522 1557 τῶν
537 1494 604 1576 περὶ
616 1489 726 1577 Ὀρφέα
740 1517 768 1556 τε
782 1494 833 1556 καί
845 1490 982 1557 Ἡσίοδον
998 1495 1048 1557 καί
1066 1497 1261 1578 Στησίχορον,
1284 1488 1358 1579 παρ’
1373 1488 1423 1569 οἰς

260 1598 294 1660 αί
307 1603 367 1661 τῶν
384 1593 554 1679 ἀνθρώπων
569 1596 664 1680 γενεαί
680 1594 920 1678 μετεποιήθησαν
938 1598 979 1670 εἰς
996 1603 1077 1660 θεῶν
1093 1599 1279 1678 ἐπωνυμίας,
1311 1596 1368 1661 καλ
1381 1593 1421 1661 τά

261 1702 292 1764 έν
313 1696 486 1785 άνθρῶποις
502 1699 683 1778 τετελεσμένα
701 1705 860 1781 ποιητικῶς
880 1698 1154 1783 έδραματουργηθη.
1199 1695 1343 1763 Κάκείνοι
1361 1697 1421 1785 γάρ

261 1800 355 1877 οὕτως
373 1800 524 1884 ἐνόμισαν,
553 1799 759 1877 ἐκθειάσαντες
775 1799 846 1877 τούς
861 1803 930 1886 περί
948 1805 1006 1865 Δία
1022 1803 1073 1865 καί
1089 1797 1169 1865 Ῥέαν
1187 1798 1349 1884 καὶἭραν
1365 1804 1422 1867 καί

260 1901 392 1987 Ἀθηνῶν
407 1906 457 1969 καί
471 1901 636 1968 Ἀπόλλωνα
650 1906 701 1968 καὶ
714 1901 901 1989 Ἀφροδίτην,
923 1905 974 1968 καί
988 1901 1041 1979 τάς
1056 1901 1168 1968 τούτων
1181 1906 1286 1979 κακίας
1301 1904 1422 1989 4γονεύς

259 2006 445 2090 τιμήσαντες,
477 2009 519 2082 εἰς
539 2011 703 2086 φαντασίαν
724 2013 888 2083 πολυθεΐας
908 2008 960 2071 καί
976 2008 1209 2092 εἰδωλολατρείας
1229 2004 1282 2071 τόν
1298 2004 1420 2090 κόσμον

259 2112 405 2192 ἐνέβαλον.
449 2107 533 2173 Ἀλλά
551 2106 650 2174 ούκέτι
668 2136 718 2191 μοι
736 2108 827 2192 πολλή
842 2137 886 2185 τις
900 2113 980 2194 χρεία
995 2107 1143 2194 γενήσεται
1160 2112 1202 2185 εἰς
1216 2107 1271 2192 τήν
1284 2128 1361 2187 σον,
1393 2104 1421 2175 τό

262 2219 438 2294 Πτολεμαῖε,
462 2209 632 2298 α’νατροπήν
646 2237 675 2276 τε
688 2214 738 2277 καλ
753 2214 882 2297 έλεγγον,
903 2213 954 2276 καί
969 2219 1028 2276 τῶν
1042 2210 1116 2276 κατά
1132 2233 1180 2292 σε,
1202 2208 1260 2295 ἤδη
1275 2218 1338 2277 τῶν
1353 2218 1420 2278 σῶν

258 2314 454 2401 προπατόρων
475 2313 527 2380 τόν
551 2316 666 2399 έλεγχον
688 2317 796 2390 ίκανῶς
818 2312 988 2396 εἰληφότων.
1034 2313 1093 2378 Διά
1114 2321 1173 2379 τῶν
1192 2316 1419 2400 προειρημένων

135 2446 187 2493 ρας.
199 2432 244 2475 ²2⁴·
260 2418 314 2501 την
331 2416 406 2483 κατά
423 2440 477 2482 σου
493 2415 633 2499 αἰσχύνην
649 2416 866 2499 συστησάμενος
883 2402 1000 2499 διέξειμι
1015 2414 1070 2498 τὴν
1085 2424 1145 2482 τῶν
1162 2417 1268 2503 ἑτέρων
1284 2414 1416 2501 πλάνην,

257 2520 331 2587 θεόν
348 2519 578 2602 ἐπικαλούμενος
595 2521 755 2604 ἐπίκουρον
771 2526 824 2602 τῆς
841 2516 925 2602 ἡμῶν
942 2517 1143 2604 μετριότητος,
1168 2517 1251 2596 ὅπως
1268 2517 1325 2603 την
1343 2518 1417 2607 παρ’

257 2622 369 2712 έκάστρι
390 2626 470 2688 έθνει
490 2628 591 2696 κακῶς
611 2624 841 2705 έπενενοημένην
861 2619 1009 2687 ύπόθεσιν
1028 2621 1161 2708 φωράσω
1180 2646 1211 2685 τε
1228 2623 1280 2687 καί
1298 2631 1416 2710 θριαμ-

257 2724 369 2809 βεύσω,
402 2727 450 2790 έπί
478 2732 514 2814 τη
536 2726 691 2812 ἐπαγγελίᾳ
719 2731 773 2807 τῆς
792 2727 926 2808 σπουδῆς
947 2722 1028 2811 παρά
1055 2731 1133 2789 θεοῦ
1153 2723 1330 2808 αἰτούμενος
1357 2724 1417 2811 τὴν

255 2855 346 2914 γαριν.

119 3147 184 3213 Κεφ.
203 3136 237 3196 θ’.
329 3135 397 3201 Ἵνα
416 3135 448 3200 δέ
467 3133 508 3218 μὴ
524 3132 707 3217 άβασάνιστα
723 3127 744 3224 ᾖ
760 3134 797 3200 τά
813 3138 878 3219 τρία
895 3156 950 3201 σου
966 3138 1104 3216 λεξείδια,
1135 3132 1210 3218 δίδη
1228 3132 1304 3221 πρός
1323 3136 1415 3205 Φλῶ·

254 3266 310 3327 ραν
330 3237 363 3303 τά
385 3237 508 3324 γύναιον
530 3239 702 3304 ἐπιστέλλων
720 3235 894 3320 έκομπάσω,
925 3230 1146 3321 ῶΠτολεμαίε,
1168 3275 1210 3288 -
1239 3234 1286 3302 άελ
1301 3236 1361 3327 γάρ
1379 3244 1418 3307 αἰ

255 3341 395 3423 όφιῶδεις
406 3345 588 3407 διδασκαλίαι
601 3338 777 3426 γυναικάρια
788 3342 989 3426 σεσωρευμένα
1001 3337 1158 3428 άμαρτίαις
1170 3336 1315 3420 άπατῶσι,
1330 3340 1412 3409 κιττῶ

253 3444 305 3512 τόν
326 3453 379 3512 τοῦ
398 3442 563 3511 άποστόλου
584 3442 686 3530 λόγον,
709 3482 750 3494 -
781 3446 832 3508 καλ
851 3441 943 3519 αότάς
962 3441 999 3526 δὴ
1018 3441 1070 3520 τάς
1086 3445 1175 3520 λέξεις
1196 3446 1344 3527 ικαιρίως
1363 3446 1411 3513 έν·

254 3555 353 3613 ταῶθα
367 3547 595 3635 παραθήσομαι,
617 3548 667 3611 καὶ
682 3544 737 3630 τὴν
753 3545 851 3612 αὐτῶν
867 3543 1050 3633 άνατροπην,
1073 3543 1236 3632 άναγκαίαν
1253 3537 1350 3612 οὖσαν
1366 3550 1414 3627 είς

254 3649 287 3716 τό
304 3650 345 3734 μὴ
360 3658 595 3734 καταλειφθῆναι
611 3652 692 3734 ῥίζαν
705 3656 758 3732 τῆς
774 3648 962 3728 ζιζανιῶδους
975 3672 1029 3715 σου
1048 3656 1177 3735 σπορᾶς,
1198 3648 1266 3732 έξῆς
1280 3646 1413 3719 άκολσύ·

254 3762 320 3828 θως
335 3753 504 3837 ποιήσομαι.
551 3751 680 3827 Φάσιιεις
694 3750 767 3837 γάρ,
790 3744 815 3816 ῶ
831 3744 934 3833 οὗτος,
954 3751 1007 3818 τόν
1021 3749 1117 3835 νόμον
1130 3758 1212 3838 τριχῆ
1229 3754 1411 3841 διῃρῆσθαι,

254 3857 305 3922 καί
325 3855 358 3920 τό
381 3856 433 3938 μέν
454 3858 529 3938 ἔχειν
549 3883 576 3921 τι
598 3858 630 3922 έκ
652 3859 706 3921 τοῦ
723 3861 797 3920 θεοῦ
804 3906 813 3935 ,
841 3853 874 3921 τό
892 3856 925 3921 δέ
942 3857 975 3921 έιι
992 3855 1166 3934 Μωύσέως,
1195 3852 1229 3920 τό
1246 3854 1278 3920 δέ
1294 3856 1330 3921 ίιι
1345 3864 1412 3925 τῶν

255 3960 468 4045 πρεσβυτέρων.
513 3961 574 4024 Καί
590 3957 635 4023 δτι
653 3959 705 4041 μέν
720 3960 754 4024 έκ
765 3964 825 4023 τῶν
838 3958 1046 4044 πρεσβυτέρων
1062 3961 1118 4023 οίει
1133 3957 1335 4045 γεγραμμένον
1350 3956 1413 4029 σόν

252 4064 325 4144 ἔχεις
336 4068 397 4127 ποῶ
412 4056 579 4140 άποδεῑξαι,
601 4059 688 4127 τοῶτό
704 4062 765 4126 έστι
776 4064 873 4144 δῆλον.
920 4057 1063 4143 Ου’δαμοῶ
1076 4059 1132 4148 γάρ
1146 4062 1178 4126 έν
1191 4059 1275 4150 νόμμ
1292 4062 1411 4145 ’έμφέ-

253 4187 355 4250 ρονται
367 4166 400 4228 αί
410 4168 470 4227 τῶν
484 4164 688 4249 πρεσβυτέρων
702 4161 889 4250 παραδόσεις.
922 4160 1006 4228 Ἀλλά
1020 4161 1137 4249 άγνοῶν
1150 4164 1202 4229 καί
1216 4159 1269 4239 τάς
1281 4166 1411 4247 βίβλους

250 4266 301 4330 καλ
320 4262 374 4348 τήν
391 4262 536 4348 άλήθειαν
554 4264 685 4355 φαντάζη
706 4273 903 4349 συκοφαντῶν
909 4318 918 4348 ,
947 4270 999 4332 καί
1017 4264 1074 4343 τάς
1088 4264 1270 4343 α’κολουθίας
1286 4262 1410 4353 dymin

252 4365 375 4450 ἑκάστης
388 4366 532 4455 άκριβοῦς
546 4365 691 4451 είδήσεως.
723 4372 768 4435 A!
777 4366 834 4457 γάρ
847 4368 1027 4458 παραδόσεις
1037 4376 1097 4437 τῶν
1109 4368 1317 4456 πρεσβυτέρων
1329 4376 1409 4438 Δεν-

283 4525 309 4580 δ.
327 4521 384 4592 ύμῖν
400 4530 451 4578 τοο.
467 4530 540 4577 λαλίο.
876 4528 936 4579 Cu.
946 4529 993 4581 lx.
1001 4556 1034 4568 -
1048 4526 1070 4581 1.
1082 4525 1187 4596 καιρίως
1199 4526 1252 4579 σεδ.
1261 4528 1338 4581 me.
1360 4546 1410 4585 m·

283 4591 732 4663 ωμσνᾷςσσδιλίλλισλςΛλΡστῑε.
843 4594 1053 4662 ptumum&
