3046 5084
240 290 290 349 54·
664 303 786 355 ειΝοει
805 305 970 357 οειειιιιιιι

241 414 371 504 Συνριδά
386 415 419 480 δὲ
433 413 550 493 τούτοις
564 415 651 481 πάλιν
669 419 700 481 ἐν
718 417 804 507 ἑτέρην
820 418 903 509 τύπρι
916 421 989 504 λέγει
1005 418 1116 497 οῦτως,
1145 417 1316 501 Ὀιμειλὲτης
1335 420 1400 500 εἰμί

231 516 351 600 Ἕλλησί
372 543 402 582 τε
423 518 473 582 καί
493 517 669 603 βαρβάροις·
699 527 805 600 σοφοῖς
818 545 849 585 τε
863 523 914 586 καί
929 518 1082 605 άνοήτοις,
1112 524 1163 586 ἵνα
1180 524 1260 608 δείξη
1279 520 1399 599 σοφούς

139 689 142 694 ,
194 619 295 712 ΙΔμὲν
313 617 383 695 τούς
398 616 573 699 Ἰουδαίους,
602 617 748 702 άνοήτους
769 623 801 687 δὲ
820 622 890 700 τούς
903 623 1046 702 Σκύθας,
1076 625 1142 702 καί,
1175 624 1283 704 φησίν,
1313 620 1400 702 ὄφει-

240 723 323 803 λέτης
339 725 406 804 είμί.
447 719 610 788 Ἐντεῦθεν
630 720 664 789 τύ
683 730 745 788 πάν
762 726 847 809 γένος
865 733 919 792 τοῦ
940 722 1055 811 Ἰσραήλ
1070 722 1207 790 Ἰουδαῖοι
1226 726 1399 804 ἐκαλοῦντο,

243 821 303 889 άττύ
317 822 424 909 χρόνον
441 832 496 889 τοῦ
512 827 625 906 Δαβίδ,
647 827 698 889 καί
713 825 863 910 διήρκεσεν
878 826 1041 909 ἐπωνύμως
1059 826 1266 908 θκαλούμενον
1278 823 1402 910 Ἰσραη-

243 931 328 991 λιτάν
348 951 379 991 τε
397 929 449 994 καί
467 923 617 994 Ἰουδαίων
639 929 704 1009 ίχον
724 927 779 1010 τήν
799 931 949 1010 ἐπίκλησιν
969 925 1004 993 τύ
1024 934 1087 992 πᾶν
1101 929 1187 1012 γένος
1204 934 1257 992 τοῦ
1272 924 1401 1011 Ἰσραήλ,

245 1024 304 1091 άπδ
320 1036 380 1094 τῶν
391 1026 505 1113 χρόνων
518 1034 571 1094 τοῦ
587 1031 686 1110 Δαβίδ
702 1031 753 1094 καί
768 1037 822 1095 τοῦ
837 1033 907 1094 υἱοῦ
925 1027 1019 1094 αύτοῦ
1035 1036 1245 1111 Σολομῶντος,
1274 1030 1326 1092 καί
1343 1037 1402 1095 τοῦ

246 1131 317 1193 υίοῦ
329 1136 537 1212 Σολομῶντος,
558 1132 636 1212 φημί
650 1130 683 1195 δὲ
697 1138 753 1196 τοῦ
764 1128 889 1214 Ῥοβοάμ
902 1138 956 1197 τοῦ
970 1129 1041 1212 μετά
1054 1128 1106 1194 τδν
1122 1138 1302 1212 Σολομῶντα
1315 1133 1401 1212 βασι·

245 1231 401 1307 λεύσαντος
415 1233 448 1298 δν
463 1228 657 1314 Ἰερουσαλήμ.
690 1231 758 1298 Ἵνα
776 1233 809 1299 δὲ
823 1231 864 1316 μή
881 1236 914 1298 ἐν
931 1235 1083 1320 παρεξδδρι
1096 1235 1235 1317 γένωμαι,
1256 1231 1401 1317 παρεργά-

248 1358 337 1416 μενος
352 1331 389 1399 τά
403 1331 477 1399 κατά
492 1331 547 1414 τήν
563 1340 621 1398 ταῖν
634 1331 787 1400 Ἰουδαίων
800 1339 979 1420 θρησκείαν,
1001 1336 1051 1398 καί
1068 1333 1108 1417 μή
1124 1332 1404 1416 ύτιοσημαινάμενος

248 1442 301 1518 τῆς
314 1432 377 1501 κατ’
391 1432 502 1510 αύτούς
516 1433 606 1518 δόξης
617 1433 672 1518 τήν
686 1434 849 1516 άτιόθεσιν,
878 1434 960 1521 ὀλίγα
976 1434 1036 1502 άπδ
1053 1444 1113 1501 τῶν
1126 1443 1242 1501 πολλῶν
1259 1435 1402 1521 παραθή.

247 1559 344 1619 σομαι.
388 1544 472 1602 Πάσι
489 1535 545 1622 γάρ
568 1535 609 1613 ύς
629 1540 722 1604 εἰπεῖν
739 1537 931 1622 φανερώτατα
949 1535 1072 1623 ῦπάρχει
1093 1536 1130 1603 τά
1150 1537 1223 1603 κατά
1243 1535 1313 1612 τούς
1325 1535 1402 1604 Ἰου-

249 1641 358 1715 δαίους.
402 1637 459 1705 Διδ
477 1637 514 1704 ού
527 1637 608 1704 πάνυ
618 1638 754 1721 κάματον
766 1637 943 1722 άναδέξομαι
957 1642 1026 1723 περί
1038 1637 1147 1722 ταύτης
1161 1647 1214 1721 τῆς
1226 1637 1404 1717 ύποθίσεως

248 1743 324 1806 κατά
337 1740 370 1809 τδ
383 1739 558 1807 λεπτότατον
572 1741 786 1827 διηγήσασθαι,
808 1740 865 1807 ἀλλ’
878 1736 920 1809 οἷν
933 1736 971 1827 ἦν
984 1740 1147 1828 άναγκαῑον
1160 1740 1241 1827 ὀλίγα
1255 1738 1315 1805 άπύ
1330 1749 1403 1806 πολ-

250 1849 309 1908 λῶν
329 1845 460 1909 ἐνταῦθα
481 1846 681 1928 παραθέσθαι.

116 1950 183 2017 Κεφ.
200 1949 232 2018 γ’.
333 1941 476 2012 Ἰουδαῖοι
496 1950 596 2012 τοίνυν
616 1950 648 2012 σί
668 1945 728 2013 άπύ
751 1955 804 2013 τοῦ
827 1945 966 2031 Ἀβραάμ
989 1944 1064 2012 κατά
1089 1944 1230 2028 διαδοχήν
1251 1941 1403 2028 ύπάρχον-

135 2045 186 2089 ¹³⁸⁸·
202 2034 233 2080 ¹²·
251 2069 314 2122 τες,
348 2049 400 2112 καί
426 2047 481 2131 τήν
508 2048 600 2115 αύτοῦ
627 2051 799 2133 θεοσέβειαν
828 2049 1044 2132 διαδεξάμενοι,
1080 2046 1241 2134 περιτομήν
1268 2048 1321 2130 μὲν
1347 2055 1405 2113 τοῦ

251 2146 389 2232 Ἀβραάμ
409 2152 539 2233 ἔχουσιν,
569 2151 608 2235 ἣν
626 2151 701 2217 κατά
723 2152 881 2239 πράςταξιν
902 2159 977 2217 θεοῦ
999 2155 1117 2234 είληφεν
1140 2149 1331 2233 ἐνενηκοστὸν
1356 2153 1403 2216 δν·

252 2277 342 2315 νατον
369 2254 434 2327 ἔτος
460 2252 612 2339 κατάγων,
640 2252 678 2322 δι’
701 2258 797 2319 αίτίαν
823 2254 861 2336 ἣν
888 2252 949 2318 άνω
978 2262 1136 2338 προεῖπον,
1165 2254 1207 2328 εἰς
1232 2250 1265 2317 τά
1293 2250 1404 2317 τούτου

251 2353 367 2437 σπέρμα
380 2350 524 2439 πάροικον
539 2355 695 2440 γενόμενον
711 2359 744 2421 ἐν
758 2363 796 2444 τῇ
811 2352 945 2443 άλλοτρίρι
960 2353 999 2438 μή
1017 2352 1244 2440 άποστραφῆναι
1258 2350 1290 2418 τύ
1308 2351 1405 2436 ὄνομα

252 2462 307 2520 τοῦ
320 2463 410 2535 θεοῦ,
441 2458 491 2522 ἐπί
509 2457 643 2538 σώματος
662 2459 694 2523 δὲ
715 2461 886 2541 ισφραγίδα
899 2460 1016 2539 φέρειν,
1045 2454 1239 2539 ύπομνήσεως
1251 2454 1335 2538 χάριν
1351 2459 1406 2521 καὶ

252 2559 384 2642 ἐλέγχον,
413 2563 455 2634 είς
475 2557 509 2623 τά
525 2560 655 2640 ἐμμένειν
670 2585 707 2647 τη
721 2565 776 2623 τοῦ
790 2557 902 2643 πατρὸς
919 2556 1017 2624 αῦτοῦν
1029 2562 1193 2646 θεοσεβείᾳ.
1234 2555 1269 2622 ‘0
1284 2559 1317 2623 δὲ
1332 2567 1406 2633 τεαῖς

252 2659 360 2726 τούτου
375 2657 477 2724 Ἰσαάκ
491 2657 672 2745 ὀκταήμερος
684 2662 894 2745 περιτίμνεται,
914 2659 956 2738 ούς
968 2660 1001 2726 τά
1016 2667 1070 2727 τοῦ
1084 2667 1160 2726 θεοῦ
1175 2657 1231 2743 εἶχε
1244 2662 1403 2742 θέσπισμα.

254 2762 317 2824 Καί
332 2758 516 2846 οάμολύγηται
531 2763 584 2843 μίν
600 2761 646 2828 ὅτι
661 2766 695 2828 ίιι
710 2761 932 2847 προςτάγματος
943 2772 1021 2830 θεοῦ
1039 2760 1214 2848 ήπεριτομή
1228 2761 1295 2829 τότε
1308 2759 1405 2848 ύττήρ-

255 2885 294 2944 χε.
342 2859 433 2950 Τύπρι
455 2864 487 2928 δὲ
506 2856 544 2946 ἦν
561 2863 636 2946 αῦτη
652 2867 859 2949 διατεταγμένη
875 2865 955 2948 τότε,
985 2864 1027 2942 ὥς
1040 2863 1117 2931 κατά
1133 2861 1317 2930 άιιολουθίαν
1330 2891 1404 2952 προ·

255 2965 406 3046 βαίνοντες
421 2963 543 3050 ῦστερον
560 2969 628 3049 περί
643 2967 751 3033 τούτου
764 2971 902 3049 δείξομεν.
945 2967 1112 3051 Διήρκεσαν
1125 2972 1225 3032 τοίνυν
1236 2967 1405 3052 περιτεμνό-

152 3128 155 3133 .
195 3129 199 3141 ,
245 3090 336 3148 ’μενοι
355 3067 407 3130 καί
425 3072 579 3156 θεοσεβείᾳ
594 3071 817 3155 προςανίχοντες
838 3072 869 3133 οί
887 3067 972 3136 αύτοί
988 3078 1041 3136 τοῦ
1058 3068 1197 3154 Ἀβραάμ
1215 3070 1291 3136 κατά
1304 3075 1404 3136 διαδο-

253 3167 309 3253 γήυ
323 3172 441 3248 παῖδας,
463 3166 513 3234 άπ’
530 3168 638 3251 αύτοῦ,
660 3174 754 3254 φημί,
777 3173 827 3236 καί
844 3177 989 3255 ιιαθεξής,
1017 3170 1137 3252 Ἰσαάκ,
1161 3169 1289 3256 Ἰακσδβ,
1309 3174 1408 3238 καλοί

254 3270 362 3338 τούτου
375 3276 496 3351 παῖδες,
517 3275 550 3338 ἕν
568 3297 598 3337 τε
609 3281 647 3363 τῇ
666 3277 838 3338 Χανανίτιδι
853 3281 907 3364 γῇ,
927 3272 1062 3363 Ἰουδαίᾳ
1077 3276 1129 3339 καί
1146 3278 1312 3362 Φιλιστιαίγι
1324 3272 1405 3339 οῦτοι

254 3379 396 3463 κληθείσῃ
418 3373 498 3456 τότε,
526 3373 563 3439 τά
582 3382 637 3440 νῦν
658 3376 690 3440 δὲ
709 3380 888 3466 Παλαιστίνη
903 3379 1085 3466 καλουμένη,
1111 3374 1184 3441 άλλά
1197 3379 1250 3442 καλ
1264 3378 1298 3442 ίν
1311 3373 1403 3459 Αίγύ-
1507 3442 1512 3455 ¹

255 3499 327 3563 περ).
370 3476 482 3562 Ἰακοίβ
499 3476 555 3564 γάρ
572 3474 589 3544 δ
605 3480 656 3543 καί
670 3475 789 3561 Ἰσραήλ
805 3477 935 3543 κάτεισιν
954 3477 1016 3561 άμα
1032 3487 1096 3554 τοῖς
1111 3481 1214 3544 ἕνδεκα
1230 3475 1323 3541 αὐτοῦ
1335 3492 1404 3540 παι·

256 3579 303 3641 τίν
317 3582 358 3655 είς
371 3585 543 3666 Αἴγυπτον,
564 3583 630 3656 ίτος
644 3578 781 3665 κατάγων
795 3579 951 3646 ἑκατοστδν
964 3580 1136 3664 τριακοστὰν
1147 3588 1201 3663 τῆς
1214 3574 1308 3643 αύτοῦ
1319 3584 1404 3661 ζωῆς.

256 3676 369 3762 Ἰωσήφ
384 3683 415 3747 δί
430 3681 557 3770 ύδτερος
573 3681 665 3749 αύτοῦ
681 3680 747 3756 νίδς
766 3679 824 3764 ήδη
840 3685 873 3748 ἐν
887 3683 1032 3774 Αίγύπτμ
1047 3689 1218 3768 προϋπῆρχε
1231 3678 1406 3762 βασιλεύων,

257 3785 386 3864 κραθείς
398 3782 456 3850 ύπδ
469 3795 528 3851 τῶν
543 3785 678 3866 άδελφῶν
694 3782 787 3849 αύτοῦ
800 3783 850 3850 διά
866 3784 994 3867 φθόνον.
1036 3782 1071 3849 Ἡ
1084 3785 1117 3850 δδ
1132 3790 1185 3850 τοῦ
1198 3788 1275 3848 θεοῦ
1292 3785 1407 3849 οδκονο·

258 3888 310 3968 μία
336 3882 372 3949 τά
396 3883 496 3968 άγαθά
519 3897 700 3974 συνεργοῦσα
725 3893 765 3976 τῷ
788 3891 892 3979 δικαίῳ
917 3891 957 3964 είς
983 3885 1164 3971 θαυμασμδν
1185 3884 1330 3973 μετήγαγε
1354 3885 1409 3969 τήν

260 3984 362 4052 1κατά
377 3993 432 4051 τοῦ
446 3984 559 4069 Ἰωσήφ
577 3989 745 4073 ἐπιβουλήν.
789 3990 912 4056 Κάτεισι
926 3995 1043 4068 τοίνυν,
1074 3986 1114 4066 άς
1126 3997 1287 4075 προεῖπον,
1315 3986 1408 4053 δ·-’ία·

258 4087 323 4172 κύβ
338 4091 389 4155 καί
407 4091 438 4154 οί
452 4085 502 4152 ἅττ’
520 4089 611 4155 αὐτοῦ
624 4095 701 4171 οἷοὶ,
723 4096 774 4159 καλ
789 4102 929 4180 γυναῖκες
942 4094 994 4157 καί
1008 4094 1138 4178 ἔκγονοι,
1159 4094 1193 4157 ίν
1207 4087 1409 4177 ἑβδομήκοντα

259 4194 345 4256 πάντα
362 4198 474 4274 ψυχαῖς
490 4187 721 4276 άριθμηθίντες,
750 4198 794 4272 είς
810 4199 979 4281 Αἴγυπτον,
1011 4192 1053 4270 νίς
1068 4194 1192 4281 περιίχετ
1207 4189 1230 4274 ή
1244 4188 1348 4276 πρόες
1364 4192 1408 4271 βλ·

260 4297 330 4376 βλος
356 4301 410 4376 τῆς
431 4290 506 4358 κατά
528 4296 664 4358 Μωῦσέα
686 4295 904 4380 Πεντατεάγου,
935 4304 1039 4378 σαφῶς
1058 4300 1187 4381 δηλοῦσα
1208 4294 1276 4378 περὶ
1298 4288 1411 4358 τούτων

293 4431 317 4482 2
337 4434 410 4496 Υαλμο
427 4429 586 4498 καλούμενος.

295 4499 354 4551 Gn.
371 4502 415 4550 lu.
432 4528 466 4540 -·
486 4501 506 4553 1.
524 4503 560 4552 ίιο
578 4504 737 4582 οναιιιγίειγ,
754 4519 801 4554 non
817 4507 953 4579 σφραγῖδα.

294 4571 318 4620 2
336 4571 373 4620 ίιο
388 4573 485 4620 correxi.
521 4571 595 4632 ίαλςσ
611 4583 660 4620 κατ
684 4570 770 4622 αυτοῦ.
886 4579 888 4584 ’
