3046 5084
394 337 529 389 raanan
547 338 611 390 uta.
623 339 642 389 t.
660 338 741 393 non.
756 341 786 391 u.
804 339 902 391 unsa.
916 340 1028 391 xxxii.
1223 328 1284 395 ast

337 575 639 653 ADVERSUS
673 576 1083 672 suessulanus

134 701 176 773 ad
202 723 286 794 quos
313 721 387 773 sese
412 695 606 794 Epiphanes
632 703 666 770 et
690 696 843 772 Isidorus
867 698 1091 795 applicarunt,
1125 721 1207 793 quae
1234 706 1286 772 est

448 816 598 892 haeresis
618 816 699 891 XII.
725 817 796 894 sire
818 816 966 893 XXXII.

217 967 413 1053 Posteaquam
429 966 634 1034 Valentiniana
650 970 767 1034 haeresi
781 970 907 1033 defuncti
924 990 1036 1049 sumas,
1061 979 1091 1032 et
1106 967 1137 1032 in
1153 968 1217 1033 eius
1232 969 1284 1034 du·
1303 975 1362 1043 cop.
1376 977 1393 1026 t.

134 1073 220 1137 motis
237 1094 271 1135 ao
289 1071 426 1158 vepribus
442 1092 619 1157 magnopere
637 1071 853 1152 laboravimus,
884 1071 1022 1158 deinceps
1040 1070 1203 1136 incredibili
1221 1093 1286 1135 oum

135 1175 242 1239 sudore
256 1196 291 1238 ao
305 1175 451 1239 cuiusdam
467 1175 547 1239 velut
561 1175 759 1259 agriculturae
776 1175 909 1239 molestia
923 1174 958 1237 ad
975 1174 1102 1260 reliquas
1116 1174 1194 1238 iilius
1208 1174 1288 1239 evel-

135 1278 237 1341 lendas
261 1277 361 1363 spinas
386 1299 421 1341 ac
448 1288 538 1342 tetras
566 1289 736 1363 serpentum
764 1278 874 1361 effigies
899 1277 1095 1362 profligandas
1120 1277 1283 1341 veniemus.

137 1376 196 1443 Sed
214 1379 345 1465 inprimis
362 1379 481 1464 spiritus
497 1379 591 1445 saneti
610 1402 694 1467 opem
717 1403 735 1444 a
755 1376 875 1445 Christo
893 1381 1120 1465 postulabimus,
1151 1391 1182 1444 ut
1202 1379 1285 1444 buius

135 1481 214 1545 illum
231 1482 399 1547 interventu
421 1504 474 1567 per
495 1484 653 1547 coelestem
670 1483 831 1547 doctrinam
850 1483 1063 1568 religiososque
1082 1504 1234 1547 sermones
1255 1484 1286 1547 iu

138 1581 282 1649 bornioum
301 1584 414 1648 animos
432 1584 558 1664 elicere,
582 1585 619 1649 ab
637 1585 748 1670 iisque,
772 1585 865 1669 quiid
885 1586 961 1649 ultro
979 1586 1143 1665 voluerint,
1168 1586 1286 1672 pestile-

138 1708 201 1750 rnm
217 1686 300 1750 viros
315 1687 476 1751 extraltero
489 1688 647 1772 possimus.
692 1684 810 1772 Sequar
824 1709 897 1751 vero
910 1687 939 1750 in
956 1689 993 1752 iis
1008 1689 1191 1773 exponendis
1206 1699 1287 1752 ueta·

135 1801 194 1853 tuur
208 1790 354 1869 ordinem,
378 1810 414 1853 ac
429 1790 510 1853 cuius
527 1788 648 1874 quisque
662 1810 820 1853 successor
834 1789 967 1853 extiterit
980 1791 1009 1853 in
1026 1791 1083 1855 illis
1097 1791 1287 1855 recensendis

134 1891 279 1978 aperiam,
304 1891 353 1976 qui
367 1891 405 1955 ab
420 1892 470 1955 illo
487 1891 610 1975 proiecti
624 1891 739 1956 diversa
755 1891 895 1975 quaedam
912 1893 1063 1956 doetrinae
1077 1894 1190 1957 semina
1205 1914 1287 1979 spar-

134 2006 248 2059 serunt.
296 1992 407 2058 Horum
425 1994 546 2078 igiture
563 2013 684 2057 numero
701 1989 855 2058 Secundus
871 1994 985 2078 quidum
1003 1995 1068 2074 init,
1092 1996 1141 2079 qui
1156 1997 1220 2081 plus
1235 1995 1287 2060 ali·

134 2097 201 2182 quid
219 2117 304 2181 qoam
320 2097 412 2161 ceteri
428 2118 533 2182 sapere
551 2098 689 2174 studeas,
714 2095 769 2160 etsi
786 2096 888 2158 eadem
902 2116 976 2179 quae
992 2093 1167 2161 Valentinos
1180 2099 1289 2162 asserit

134 2200 243 2278 omniu,
263 2198 403 2284 ampliore
419 2209 517 2263 tamen
532 2198 630 2263 sonitu
644 2198 821 2263 inriosorum
837 2218 924 2262 aures
941 2198 1078 2283 opplevit.
1115 2197 1172 2263 flio
1186 2200 1289 2264 codem

134 2323 192 2386 quo
208 2299 384 2367 Valentinos
401 2312 532 2386 tempore
550 2301 674 2365 eundem
692 2300 784 2387 ipsum
803 2322 881 2365 novo
898 2300 994 2384 aliquo
1011 2300 1131 2367 invento
1147 2322 1287 2388 superare

132 2404 263 2488 gestiens
285 2403 405 2489 primam
429 2398 599 2488 Ogdoadem
621 2424 662 2468 ex
682 2401 813 2467 Tetrade
837 2403 943 2466 dextra
968 2424 1003 2467 au
1025 2403 1145 2468 sinistra
1168 2403 1289 2468 conllari

134 2507 249 2585 doeuit,
278 2527 399 2590 qnorum
417 2503 539 2570 alteram
555 2503 690 2586 Lumen,
719 2503 874 2569 Terrebras
890 2506 1012 2569 alteram
1030 2507 1168 2591 appellari
1184 2507 1287 2572 voluit.

134 2605 196 2673 lam
212 2628 285 2673 vero
302 2606 448 2674 Virtutem
464 2608 554 2687 illam,
579 2629 653 2692 quaa
667 2608 812 2673 deiecisse
827 2619 857 2671 et
871 2611 904 2672 ad
920 2608 1046 2694 inopiam
1065 2609 1157 2673 luisse
1170 2611 1289 2675 redacta

134 2710 257 2790 dicitur,
281 2722 370 2796 negat
384 2732 422 2775 ea
440 2711 598 2775 tricenario
614 2711 664 2775 illo
678 2731 800 2774 numero
814 2710 949 2776 Aeonum
966 2710 1121 2793 extitisse,
1146 2713 1197 2778 sed
1214 2715 1289 2778 inle-

135 2813 224 2879 rioais
245 2813 393 2879 cuiusdam
416 2814 545 2894 ordinis,
576 2835 615 2879 ex
637 2834 740 2879 eorum
763 2814 898 2877 uidelicet
919 2835 1010 2900 grege
1034 2815 1125 2879 luisse
1145 2815 1192 2900 qui
1211 2816 1290 2881 inira

134 2917 220 2982 aliam
237 2912 408 3002 Ogdoadem
423 2916 613 2981 collocantur.
654 2915 701 2980 De
718 2913 837 2982 Christo
852 2916 974 3003 aliisque
989 2918 1173 3002 dogmatibus
1186 2920 1288 2984 eadem

135 3041 200 3084 oum
215 3031 336 3084 auctore
351 3019 457 3083 veneni
473 3020 520 3083 sui
532 3041 567 3083 ac
581 3021 779 3083 ministratore
792 3017 949 3084 Valentino
964 3020 1075 3084 statuit.
1108 3017 1207 3104 Quare
1223 3044 1288 3086 com

135 3122 211 3188 laaud
232 3123 273 3188 ita
295 3123 383 3186 multa
404 3122 464 3186 sint
485 3122 521 3187 ab
538 3124 596 3186 isto
614 3123 740 3188 dirersis
756 3144 791 3187 ao
808 3123 972 3208 peregrinis
990 3123 1136 3209 explicata
1153 3125 1287 3203 vocibus,

134 3247 226 3313 panca
242 3225 316 3290 liaeo
332 3246 405 3311 quae
422 3225 498 3289 diota
516 3235 586 3290 suot
602 3226 736 3291 sufficere
753 3227 869 3311 putori,
894 3248 967 3311 qnae
984 3247 1036 3311 per
1052 3227 1148 3312 seipsa
1166 3225 1237 3291 satis
1253 3228 1289 3291 ad

133 3328 325 3394 refellendum
343 3339 580 3414 argumentorum
597 3329 792 3414 suppeditant.
837 3326 897 3394 Sed
921 3331 957 3392 de
977 3330 1028 3392 iilo
1046 3341 1142 3392 tamen
1160 3328 1291 3393 breviter

135 3452 249 3518 qnoque
267 3431 471 3518 disputandum
494 3442 556 3509 est,
588 3452 626 3495 ue
647 3431 731 3512 ideo,
764 3433 839 3517 qood
858 3443 960 3496 coritas
978 3433 1071 3517 ipsum
1092 3431 1199 3494 afferre
1218 3431 1289 3496 oilril

135 3555 307 3620 possemus,
340 3533 573 3619 praetermisisse
589 3535 752 3600 videamur.
798 3533 892 3619 igitur
910 3536 935 3598 si
952 3533 1100 3597 Tetrades
1118 3554 1158 3597 ex
1173 3533 1288 3599 illorum

135 3636 273 3725 opinione
291 3638 414 3702 dextrae
432 3649 501 3702 snut
517 3658 552 3702 ao
567 3635 724 3718 sinistrae,
755 3638 881 3702 medium
900 3637 978 3700 iuter
997 3657 1046 3699 eus
1064 3635 1198 3720 quiddam
1215 3637 1290 3702 assi·

134 3741 219 3826 gnari
238 3750 373 3827 oportet,
404 3751 559 3827 propterea
578 3741 672 3826 quod,
702 3739 836 3826 quicquid
856 3741 978 3803 dextros
996 3739 1084 3803 habet
1101 3760 1136 3803 ac
1152 3739 1289 3806 sinistros

136 3844 272 3923 ordines,
303 3843 333 3909 in
355 3864 456 3907 eorum
478 3843 575 3907 medio
599 3844 735 3909 collocari
761 3863 885 3907 necesse
908 3854 970 3921 est,
1003 3863 1098 3926 oeque
1116 3842 1219 3907 dextra
1243 3844 1291 3909 rol

134 3944 254 4012 sinistra
277 3946 388 4031 uspiam
413 3967 481 4010 esse
502 3957 641 4032 possunt,
675 3946 731 4010 nisi
754 3967 794 4010 ex
815 3945 970 4009 interiecto
993 3966 1117 4030 corporo
1139 3946 1290 4030 utriusque

135 4049 227 4134 partis
248 4048 404 4114 discrimen
424 4060 550 4135 petatur.
597 4046 814 4132 Quamobrem,
843 4047 1031 4112 stolidissime
1049 4047 1213 4112 mortalium
1233 4047 1290 4114 Se·

134 4151 246 4233 caude,
276 4173 390 4237 rosque
409 4147 590 4217 Secundiani
610 4172 729 4231 oannes,
760 4150 886 4214 medium
905 4150 962 4215 erit
980 4173 1068 4215 unum
1087 4151 1211 4236 aliquid,
1242 4152 1290 4217 cui

134 4255 255 4320 sinistra
269 4256 431 4340 dextraque
445 4274 518 4340 qnae
534 4252 669 4319 dicuntur
681 4251 812 4318 subiecta
826 4253 902 4335 sint;
922 4275 1017 4341 neque
1032 4254 1067 4319 ab
1083 4276 1141 4318 uuo
1155 4255 1205 4319 illo
1219 4254 1290 4320 alie·

132 4447 241 4497 amatote
264 4447 375 4514 χωρηγῷ
400 4459 444 4508 per
467 4457 568 4495 monas
590 4445 695 4527 πραΰς.
748 4441 788 4527 14.
806 4438 879 4511 ὅμως
894 4438 918 4511 γ’
935 4433 977 4498 oali
1000 4446 1094 4525 reposui·
1115 4459 1159 4509 pro
1176 4437 1288 4511 lamed*

132 4515 184 4565 illst
201 4514 312 4565 aaatwtt
335 4516 422 4578 uticum
443 4524 554 4576 reponere
576 4527 620 4566 aaa
646 4509 695 4578 loo,
730 4528 788 4574 aas,
805 4526 866 4576 auce
881 4516 980 4577 outpotc
997 4518 1029 4563 ast
1045 4517 1170 4575 scripturo.

131 4587 227 4647 aarum
242 4594 337 4646 menis
355 4582 401 4637 raia
418 4578 580 4649 δηλητηρίου.
762 4582 786 4634 b.
804 4579 898 4648 plectro
915 4583 966 4634 eod.
982 4584 1056 4633 Vetto.

1013 4667 1083 4733 25*
