3046 5084
389 342 525 397 rabant}
539 342 603 395 laih.
612 346 633 397 l.
647 344 730 399 t'ott.
744 346 778 399 ll·
794 344 892 397 nauh.
905 344 995 397 m.
1202 333 1261 395 251

124 462 224 528 horum
242 462 331 548 igitar
346 474 426 529 areta
443 461 567 525 alterum
583 480 618 525 ae
634 461 849 527 mommoria-
867 464 970 527 iuiiaae
989 460 1120 540 dicebat,
1151 484 1209 548 quo
1231 481 1265 526 ae

124 564 230 629 chilla
250 586 388 629 manuum
409 561 595 646 impositione
617 561 768 627 liberaret.

204 664 266 732 Sed
283 667 320 731 arl
336 662 520 750 patriarchae
536 661 700 740 historiam,
721 672 753 725 et
765 661 855 744 ipsius
871 663 945 725 adeo
961 660 1078 746 losephi
1093 663 1263 727 redeamaer
1284 671 1345 739 cap.
1358 670 1401 720 Vt.

123 786 207 851 quam
227 767 258 831 iu
280 768 423 831 lectorum
442 763 565 847 gratian
583 763 685 827 iisdem
703 761 808 847 quihus
828 762 876 826 ille
894 763 1040 827 celerabat
1062 762 1161 825 verbis
1181 784 1268 828 accu-

123 878 187 932 rata
208 868 264 931 lide
285 863 583 951 repraesentabimus.
627 859 823 948 Cam'itaque
845 863 1007 948 patriarcha
1027 863 1171 948 baptismo
1193 864 1268 927 hmre

121 968 153 1033 in
171 969 287 1032 modurn
304 966 481 1044 initiaretur,
504 984 572 1048 ego,
594 964 754 1050 inquiebat,
777 986 831 1050 per
846 966 952 1029 ianuae
970 965 1189 1029 commissuram
1210 966 1270 1028 lur-

123 1070 175 1132 tim
193 1069 411 1152 introspectana
429 1065 526 1129 omnia
543 1086 617 1149 quae
639 1065 674 1130 ab
692 1066 830 1151 episcopo
848 1066 1028 1151 patriarchae
1047 1066 1151 1129 tierent
1166 1066 1268 1130 obser-

122 1168 249 1247 vabam,
278 1188 314 1231 ac
329 1167 483 1251 diligenter
496 1165 593 1231 animo
606 1165 781 1233 mtiuebam.
825 1166 881 1232 Ubi
897 1168 1089 1232 intercutem
1104 1167 1268 1252 patriarche

123 1270 183 1335 rim
198 1271 340 1354 quandam
354 1268 417 1332 auri
431 1288 490 1331 nou
504 1268 681 1333 mediocrem
695 1278 800 1334 muana
814 1269 889 1333 hano
903 1269 1041 1355 episcopo
1054 1271 1200 1353 porrexit,
1223 1278 1265 1346 et,

123 1376 181 1435 Pru
197 1394 256 1446 me,
279 1369 388 1455 inquit,
409 1370 522 1454 afferto.
566 1372 710 1451 Smmm
727 1382 771 1433 ert
785 1377 874 1447 entia,
897 1373 1122 1434 uaaoerdotr'bur
1138 1375 1187 1432 der'
1200 1373 1267 1431 ultr·-

122 1477 195 1554 μη·
204 1476 327 1554 ruler'pue
336 1475 367 1533 tit
382 1474 467 1533 remu
479 1476 583 1547 amab,
605 1483 637 1534 et
647 1475 742 1535 eadent
757 1477 788 1534 rit
802 1477 879 1535 curlo
892 1476 1062 1556 solumfora
1074 1475 1122 1534 uel
1131 1474 1263 1553 ulh'gutu.

124 1572 198 1639 Post
211 1573 284 1637 haec
296 1571 405 1657 apertis
420 1571 531 1635 lurihua
547 1573 821 1658 sciscitantibusque
837 1576 873 1638 de
887 1574 1052 1659 patriarcba
1067 1573 1116 1657 qui
1130 1574 1265 1651 aderam,

125 1674 361 1760 quemadmodum
374 1692 415 1736 ex
427 1694 464 1736 eo
477 1673 607 1737 remedio
621 1675 746 1753 valeret,
760 1677 1010 1759 percommodum
1025 1674 1132 1739 habere
1144 1695 1267 1760 respon·

123 1777 181 1856 dit3
202 1773 364 1860 quidecim
383 1774 495 1837 diceret
511 1774 661 1858 praeclare
679 1785 813 1839 noverat.
858 1774 952 1840 Biduo
970 1777 1073 1840 dehinc
1090 1776 1138 1841 vel
1157 1776 1265 1852 tudun,

121 1878 246 1943 adeunte
261 1873 379 1961 saepius
393 1894 448 1960 per
461 1873 565 1939 medici
577 1874 705 1959 speciem
719 1876 867 1962 episcopo,
892 1877 968 1940 lolici
982 1898 1022 1940 ax
1039 1877 1093 1941 hac
1107 1878 1169 1940 vita
1184 1877 1267 1941 exitu

121 1976 285 2066 patriarcha
299 1975 446 2056 decessit,
469 1997 534 2039 cum
550 1976 630 2058 prius
645 1972 770 2059 losepho
786 1987 817 2039 et
831 1977 917 2040 alteri
932 1978 1043 2041 cuidam
1062 1979 1267 2041 honestissimo

122 2079 188 2144 riru
205 2079 384 2143 tenerrimae
405 2078 500 2141 adhuc
520 2076 626 2141 aetatis
647 2077 736 2139 lilium
754 2076 961 2142 commisisset.
1007 2075 1153 2160 Quocirca
1171 2080 1269 2141 onrnia

122 2180 160 2245 ab
174 2180 233 2244 illia
247 2179 389 2244 ambobus
405 2178 693 2256 administrabantur,
717 2179 793 2262 qaod
808 2188 889 2242 essct
902 2177 1064 2264 patriarcha
1080 2178 1174 2241 adhuc
1187 2188 1269 2241 aetu-

123 2292 153 2347 te
168 2302 242 2367 puer
258 2302 294 2346 ac
311 2280 518 2366 propemodum
537 2280 652 2358 iulans,
683 2290 715 2344 et
730 2279 809 2343 iuter·
826 2280 940 2344 illorum
960 2300 1061 2343 marrus
1080 2280 1266 2343 educaretur.

122 2380 183 2450 Per
201 2382 279 2448 idem
296 2393 410 2467 tempus
426 2378 540 2466 losephi
557 2381 683 2445 animum
701 2380 855 2446 sollicitum
873 2381 997 2445 hahebat
1014 2402 1114 2444 sorum
1132 2381 1269 2444 recorda·

122 2486 181 2565 tic,
212 2504 288 2570 puae
306 2483 338 2546 in
358 2484 499 2568 baptismo
522 2482 585 2547 huri
603 2485 727 2568 mystica
745 2504 908 2568 arcanaque
925 2483 1055 2563 viderat,
1084 2493 1115 2545 et
1133 2481 1268 2566 quidnam

122 2597 225 2672 ageret
239 2584 330 2649 anxie
342 2584 501 2668 cogitabat.
546 2580 737 2649 Commodum
752 2584 813 2649 illic
826 2584 1027 2670 gazophylacii
1042 2585 1116 2647 cella
1129 2585 1268 2667 quaedam

123 2699 189 2754 erat
204 2688 358 2772 obsignata
374 2689 462 2770 (gara
480 2707 569 2771 porro
584 2684 731 2751 Hebraico
748 2686 914 2751 thesaurum
930 2687 1106 2770 siguificatlr
1130 2686 1213 2749 cuius
1228 2687 1269 2750 si·

124 2789 185 2876 gitti
207 2791 302 2873 pratia
325 2789 470 2875 plerisque
488 2788 571 2852 varia
592 2789 628 2851 da
646 2808 684 2852 eo
699 2788 911 2874 gazophylacio
926 2788 1157 2873 suspicantibus,
1188 2786 1269 2853 losc-

124 2891 200 2977 phur
216 2891 290 2955 clam
306 2912 395 2956 ausas
411 2889 527 2975 aperire
542 2888 613 2954 nibil
628 2890 815 2974 pecuniarum
834 2890 960 2975 reperit,
989 2891 1041 2954 scd
1059 2891 1148 2954 libros
1165 2891 1268 2954 dunta-

124 3002 180 3058 xat
200 2992 330 3077 pecuniis
351 2990 485 3057 canitur
503 2991 745 3076 praestantiores.
790 2989 872 3074 Quos
895 2993 961 3055 dum
984 2993 1109 3070 evolvit,
1142 2995 1216 3055 lorte
1238 2994 1267 3055 iu

125 3094 196 3159 illud
211 3093 313 3157 incidit
328 3095 363 3158 dc
379 3114 436 3177 qno
450 3092 558 3156 metum
574 3102 637 3171 est,
661 3089 779 3156 loannis
794 3095 976 3179 evangelium
992 3116 1010 3158 e
1026 3092 1142 3159 Gracco
1160 3095 1190 3156 iu
1207 3091 1269 3157 lle-

125 3195 254 3261 braiaum
268 3195 457 3273 translatum,
481 3216 537 3258 una
554 3215 618 3257 cum
636 3195 842 3278 Apostolorum
858 3195 993 3259 Actibus.
1039 3198 1085 3260 Ad
1102 3196 1174 3258 haec
1189 3192 1268 3256 Mat-

125 3297 204 3364 thaei
219 3316 335 3383 quoquc
350 3294 528 3364 Hebraicam
541 3294 741 3380 genealogiam
757 3296 880 3361 invenit.
924 3294 1037 3379 Quibus
1053 3297 1188 3382 perlectis
1204 3315 1269 3357 rur-

125 3421 179 3465 aue
193 3399 258 3465 eina
275 3397 390 3462 animoa
405 3396 530 3461 cruciari
546 3398 654 3482 coepit,
676 3406 707 3462 et
721 3393 919 3463 Christianam
935 3400 1049 3483 quidem
1067 3400 1149 3461 ddum
1167 3416 1269 3480 capsa·

125 3522 194 3567 scre
209 3501 362 3567 molestum
378 3498 408 3564 ei
426 3499 595 3579 ridebatur,
623 3499 676 3565 sed
693 3499 765 3563 haee
779 3501 836 3564 duo
854 3500 1055 3577 nihilomiuus,
1086 3508 1116 3561 ct
1129 3498 1266 3562 librorum

125 3602 214 3668 lecb'u
234 3613 262 3669 et
284 3601 466 3687 patriarchae
487 3601 613 3667 initiatio
632 3601 823 3668 vehementer
843 3602 988 3665 hominem
1006 3599 1164 3685 augebant.
1208 3596 1268 3684 Qui

125 3704 267 3773 obdurato
286 3714 403 3784 umen,
425 3715 458 3769 ut
476 3704 603 3783 assolet,
625 3704 723 3769 auimo
744 3707 915 3791 permansit.

210 4004 294 4075 luter
317 4009 391 4091 haec
410 4009 596 4077 adolescente
617 4011 674 4077 iam
698 4008 801 4077 Eliadis
822 4010 880 4074 lilio
901 4008 1026 4095 pupillo,
1059 4008 1105 4095 qui
1127 4009 1164 4073 ad
1185 4030 1265 4094 spem
1284 4018 1344 4088 Gap.
1352 4018 1408 4071 vn.

126 4110 339 4198 patriarchatus
356 4110 534 4175 educabatur
546 4116 655 4198 (aeque
670 4113 747 4177 enim
763 4112 950 4197 magistratus
964 4114 1038 4198 apud
1056 4110 1179 4177 ludaeos
1194 4111 1268 4175 ullus

127 4214 284 4300 praeripit,
314 4213 366 4278 serl
383 4212 552 4299 pareatibus
568 4214 617 4278 lilii
636 4216 827 4297 succedam),
858 4236 929 4279 mox
947 4225 979 4280 ut
994 4215 1098 4280 aetatis
1116 4214 1216 4278 dorem
1232 4234 1268 4277 ac

127 4315 258 4400 rigorem
276 4316 388 4401 attigit,
416 4315 453 4379 erl
474 4315 538 4379 eius
560 4316 784 4381 familiaritatem
808 4319 943 4402 aequales
967 4318 1081 4403 quidam
1104 4316 1268 4402 perniciose

128 4415 272 4503 obrepunt
294 4417 382 4482 ctiori
406 4416 606 4482 adolescentes
633 4438 669 4482 ao
692 4419 822 4484 moribus
845 4420 972 4506 corrupti
997 4417 1118 4501 (ludas,
1151 4418 1266 4505 opinor,

162 4550 287 4607 eraut.
303 4582 338 4593 -
355 4552 378 4606 l.
396 4556 536 4607 Commeat:
556 4554 617 4607 cunr
632 4564 716 4607 auteur
732 4554 758 4608 iu
775 4555 813 4608 bia
829 4565 978 4609 attereretur
995 4559 1039 4624 (sc.
1053 4555 1181 4622 lurtphar).
