3046 5084
148 336 189 397 42
571 349 691 400 ειασιι
710 349 877 399 εειειιιαιι

41 490 91 536 μς.
106 479 138 526 ιο.
151 461 283 546 οἰκιστὴς
303 467 410 548 γίνεται
429 469 482 529 τοῦ
498 466 590 548 Σηελρ
610 463 716 549 ὅρους,
738 465 790 529 καλ
814 460 947 527 ’ῐθπόλιν
971 467 1057 539 κτίζει
1078 459 1131 542 την
1156 458 1298 543 ”my

148 566 341 646 καλουμένην.
387 570 525 630 Γίνονται
552 566 583 630 δέ
610 564 704 653 τούτῳ
731 569 851 642 παῖδες,
881 566 934 629 καὶ
958 560 1184 648 ἡγεμονεύουσιν
1206 564 1238 627 έν
1258 569 1296 651 τῇ

146 763 200 844 Ἐξ
224 760 316 853 οὗπερ
340 770 471 852 πέμπτος
496 767 570 832 κατά
597 767 737 850 διαδοχὴν
761 765 780 832 6
802 766 885 850 Ἰωβ,
916 764 1216 851 Μὑπεξαιρουμένου
1240 774 1297 831 τοῦ

144 866 279 952 Ἀβραάμ
304 873 383 962 ῗῧέιι
407 878 460 935 τοῦ
483 869 616 953 άριθμοῦ
642 869 763 946 τούτου,
793 867 852 932 άπό
880 870 912 932 δέ
935 866 1034 933 Ἰσαάκ
1060 865 1294 950 άριθμονμένου.

125 985 127 988 ’
143 968 246 1036 Ἰσαάκ
262 970 318 1056 γάρ
335 980 422 1058 γεννᾷ
436 971 488 1036 τόν
504 970 605 1048 Ἠσαῦ,
625 967 715 1033 Ἠσαῦ
734 968 785 1034 τόν
802 967 953 1053 Ῥαγουήλ,
972 967 1112 1054 Ῥαγουῆλ
1128 967 1181 1034 τόν
1198 976 1295 1054 Ζαρᾶ,

147 1079 231 1156 Ζαρᾶ
252 1071 305 1136 τόν
324 1070 407 1153 ’1οίβ,
430 1074 500 1155 πρὶν
517 1073 570 1153 μὲν
591 1069 773 1153 καλούμενον
792 1078 828 1116 ²⁴
841 1069 963 1152 Ἰωκάβ,
987 1071 1154 1155 26ύστερον
1176 1072 1208 1134 δὲ
1227 1079 1297 1152 κλη-

144 1175 239 1237 θέντα
257 1171 340 1253 Ἰοίβ,
371 1171 502 1261 Νόλίγιμ
525 1171 659 1255 πρόσθεν
680 1170 738 1254 πρό
759 1180 813 1236 τοῦ
840 1174 997 1256 γενομένου
1020 1171 1100 1262 αὐτῷ
1121 1180 1295 1256 πειρασμοῦ.

140 1266 199 1338 Ἦν
215 1275 247 1338 δὲ
263 1273 405 1357 περιτομή
421 1277 639 1356 πολιτευομένη.
681 1271 792 1355 Ἰακοίβ
807 1274 839 1338 δέ
856 1272 1067 1356 ἀποδιδράσκει
1084 1272 1188 1339 27άπό
1204 1272 1296 1339 Ἠσαῦ

146 1383 200 1441 τοῦ
223 1375 352 1456 άδελφοῦ
376 1373 469 1440 αὐτοῦ
493 1376 543 1441 διά
566 1385 653 1458 μῆνιν
672 1374 747 1440 κατά
771 1379 953 1458 συμβουλίαν
978 1374 1091 1460 πατρός
1110 1378 1162 1440 καὶ
1185 1374 1297 1459 μητρός

146 1479 197 1543 ἐπὶ
219 1476 273 1559 τὴν
289 1482 523 1560 Μεσοποταμίαν
547 1486 583 1525 ²⁸
595 1483 701 1542 Φαδᾶν
709 1528 718 1557 ,
746 1478 880 1542 ἐπέκεινα
897 1486 951 1561 τῆς
966 1482 1202 1560 Μεσοποταμίας
1215 1485 1293 1542 Σου-

147 1579 244 1662 σοιβά·
268 1580 302 1655 δς
323 1578 423 1663 άγεται
442 1583 556 1645 ἐκεῖθεν
577 1588 631 1663 τῆς
649 1583 726 1654 ίδίας
747 1583 913 1665 συγγενείας
936 1579 1060 1663 γαμετάς
1081 1582 1221 1664 τέσσαρας
1241 1576 1297 1644 τόν

147 1679 293 1765 άριθμόν,
316 1684 366 1746 καί
388 1687 558 1747 κυίσκουσιν
582 1680 662 1771 αὐτῷ
687 1686 797 1756 παῖδας
819 1680 946 1745 δεκαδύο
973 1679 1025 1745 τόν
1051 1679 1200 1764 άριθμόν,
1222 1678 1296 1755 τούς

146 1786 200 1848 καί
223 1782 401 1868 πατριάρχας
425 1786 645 1865 έπικληθέντας,
690 1787 993 1867 ΜΠαλινδρομοῦντι
1016 1783 1048 1847 δέ
1069 1781 1148 1871 αὐτῷ
1170 1784 1217 1848 ἐπὶ
1240 1780 1297 1864 τὴν

151 1891 331 1950 Χαναανῖτιν
350 1893 406 1971 γῆν
425 1883 503 1970 πρός
521 1886 574 1951 τόν
595 1890 673 1952 ίδιον
696 1883 833 1950 ἐοαύτοῦ
857 1887 970 1968 πατέρα
991 1881 1094 1949 Ἰσαάκ
1113 1886 1164 1948 καλ
1186 1886 1298 1969 μητέρα

146 1983 299 2069 Ῥεβέκκαν
320 1993 430 2073 γίνεταί
449 2015 495 2064 τις
518 1987 597 2077 αύτῷ
619 1986 743 2054 όπτασία
763 1991 795 2052 έκ
812 1995 890 2051 θεοῦ
904 1984 986 2071 παρά
1005 1985 1058 2061 τάς
1073 1994 1126 2051 τοῦ
1143 1984 1297 2070 Ἰορδάνου

147 2088 308 2170 διεκβολάς.
351 2088 453 2173 Ἰαβόκ
477 2093 510 2156 δέ
531 2090 582 2157 τόν
604 2090 781 2177 χειμάρρουν
803 2096 944 2154 καλοῦσιν
967 2091 1043 2152 ἔνθα
1067 2115 1126 2153 που
1151 2087 1297 2154 ἐθεάσατο

146 2191 334 2275 παρεμβολάς
349 2190 485 2278 άγγέλων.
530 2196 591 2257 Καὶ
609 2192 686 2273 ἰδού,
709 2194 811 2273 φησὶν,
834 2189 998 2275 άνθρωπος
1012 2188 1064 2271 ὐφ’
1083 2192 1222 2276 ἑσπέρας,
1244 2194 1296 2256 καί

148 2292 340 2358 συνεπάλαιεν
355 2293 433 2383 αὐτῷ
455 2293 519 2381 όίχρι
533 2294 588 2378 τήν
604 2298 658 2372 ἕω,
681 2294 716 2358 ὃν
732 2292 853 2377 ίίγγελον
869 2290 1072 2373 ἐπεσημήνατο
1089 2290 1109 2373 ἡ
1124 2292 1239 2377 γραφή·
1262 2292 1298 2380 λίς

147 2392 210 2459 κατ’
228 2392 359 2480 εὐλογίαν
375 2401 478 2482 δίδωσι
493 2406 533 2484 τῷ
547 2395 655 2477 Ἰακιόβ
671 2393 836 2475 άξιιόματος
850 2392 944 2474 όνομα
960 2402 993 2438 ³¹
1006 2392 1038 2459 τό
1058 2393 1178 2480 Ἰσραήλ.
1222 2402 1295 2459 Δια·

146 2497 254 2574 ναστάς
279 2500 310 2563 δέ
333 2501 448 2564 ἐκεῖθεν
473 2497 490 2563 6
511 2496 618 2579 Ἰακύβ
644 2494 815 2576 ἐπωνόμασε
837 2492 869 2560 τό
894 2494 988 2578 όνομα
1011 2504 1065 2560 τοῦ
1087 2496 1183 2562 τόπου
1202 2494 1298 2575 Εἶδος

145 2609 230 2666 θεοῦ.
272 2599 399 2681 Ἐπειδὴ
420 2598 438 2664 6
455 2599 531 2681 πρός
550 2596 641 2662 αὐτόν
659 2596 709 2663 διά
726 2605 780 2680 τῆς
796 2595 926 2681 εὐλογίας
942 2597 1041 2679 φήσας
1059 2597 1164 2678 Μότι,
1191 2597 1297 2666 Οὐκέτι

144 2702 324 2784 κληθήσεται
338 2700 371 2765 τό
390 2700 487 2782 όνομοί
502 2721 557 2764 σου
572 2697 693 2782 Ἰακώβ,
718 2707 752 2745 ³³
762 2697 832 2763 άλλά
847 2697 959 2785 Ἰσραηλ
974 2699 1169 2781 κληθήσεται,
1195 2705 1298 2767 ἐέδιέ-

148 2812 236 2867 στειλε
252 2805 358 2886 λέγων,
377 2800 446 2866 Ὅτι
464 2805 613 2884 ἐνίσχυσας
630 2802 700 2884 μετά
716 2808 808 2880 θεοῦ,
830 2803 880 2865 καὶ
899 2799 969 2882 μετά
984 2799 1156 2887 άνθροίπων
1171 2803 1299 2880 δυνατός

148 2906 210 2992 έση.
253 2901 333 2967 Ἀπδ
354 2902 461 2969 τούτου
481 2911 535 2969 τοῦ
556 2902 665 2988 χρόνου
685 2901 864 2989 Ἰσραηλῖται
885 2910 1047 2967 καλοῦνται.

15 3028 82 3096 Κεφ,
100 3024 133 3084 3',
239 3006 300 3068 Καὶ
325 3001 343 3069 6
367 3002 485 3090 Ἰσραὴλ
514 3005 584 3088 μετά
610 3005 665 3088 τήν
691 3013 746 3070 τοῦ
773 3002 888 3087 Ἰωσηφ
920 3007 961 3080 εἰς
983 3008 1135 3089 Αίγυπτον
1161 3006 1300 3073 κάθοδον

149 3106 260 3174 κάτεισι
282 3108 333 3171 καλ
352 3105 442 3183 αὐτός
465 3107 519 3173 σύν
541 3111 628 3173 παντὶ
650 3116 691 3195 τῷ
716 3111 789 3194 οίκηι
811 3104 919 3187 αὐτοῦ,
942 3110 1017 3171 υίιῦν
1035 3131 1065 3171 τε
1081 3109 1132 3171 καλ
1156 3107 1298 3194 ἐκγόνων,

150 3217 299 3296 γυναικῶν
317 3235 348 3274 τε
364 3217 424 3274 τῶν
440 3213 674 3296 προειρημένων,
699 3211 750 3274 καὶ
765 3208 874 3290 ύλλων,
897 3213 929 3275 ἐν
947 3207 1150 3292 ἑβδομήκοντα
1171 3218 1300 3293 1ψυχῶν

149 3311 202 3378 τόν
216 3311 356 3397 άριθμόν.
390 3316 539 3396 Διατρίβει
553 3314 585 3377 δὲ
601 3311 634 3379 τό
651 3315 736 3398 γένος
751 3319 805 3377 τοῦ
818 3310 937 3396 Ἰσραὴλ
954 3315 985 3378 ἐν
1000 3319 1037 3402 τῇ
1054 3319 1114 3377 τῶν
1127 3315 1301 3398 Αἰγυπτίων

153 3413 260 3504 2χιίργι
282 3413 383 3502 γενεάς
403 3417 497 3479 πέντε.
539 3412 651 3498 Ἰακοίβ
673 3413 728 3502 γάρ
748 3423 836 3503 γεννᾷ
857 3413 910 3481 τόν
929 3417 1006 3480 Λευὶ
1029 3417 1079 3480 καὶ
1099 3413 1150 3481 τόν
1167 3413 1300 3495 Ἰούδαν,

149 3519 201 3582 καὶ
215 3517 286 3594 τούς
307 3517 413 3594 άλλους
429 3519 501 3582 δέκα
517 3517 705 3603 πατριάρχας.
751 3521 844 3594 Λευίς
865 3519 897 3582 δέ
916 3525 1002 3605 γεννᾷ
1021 3515 1074 3581 τόν
1091 3517 1201 3595 Καάθ,
1223 3513 1301 3579 Ἰού-

150 3622 204 3694 δας
220 3621 251 3684 δέ
266 3628 352 3708 γεννᾷ
366 3620 418 3686 τόν
432 3622 538 3706 Φαρές.
578 3619 672 3685 Καάθ
683 3627 771 3708 γεννᾷ
786 3620 838 3686 τόν
853 3618 1010 3704 Ἀμβράμ,
1032 3616 1173 3705 Ἀμβράμ
1191 3624 1301 3706 3γεννγῖ

150 3719 203 3785 τόν
220 3726 388 3788 4Μωυσέα.
435 3725 533 3808 Φαρές
547 3732 636 3812 γεννᾷ
653 3721 706 3788 τόν
721 3720 841 3808 Ἐσριόμ
849 3773 858 3802 ,
878 3720 1002 3807 Ἐσριιίμ
1018 3727 1103 3808 γεννᾷ
1120 3718 1173 3785 τόν
1189 3717 1299 3805 Ἀράμ,

41 3858 93 3905 pag.
107 3845 139 3890 11.
152 3820 252 3908 Ἀράμ
275 3832 362 3912 γεννᾷ
388 3824 438 3891 τόν
462 3824 650 3908 Ἀμιναδάβ,
681 3822 849 3907 Ἀμιναδάβ
876 3823 927 3890 τόν
950 3820 1099 3888 Ναασσιόν
1125 3825 1157 3888 έν
1182 3820 1301 3906 χρόνοις

152 3927 319 4001 Μωῦσέως.
364 3929 424 3991 Καὶ
444 3926 593 3992 Ναασσιδν
616 3927 736 4015 πέμπτη
760 3933 842 4013 γενεᾷ
866 3924 940 3991 κατά
962 3924 1014 3991 τόν
1037 3930 1120 3990 Λευί.
1165 3924 1301 4002 ’Ἑξεισιν

151 4025 269 4115 Ἰσραὴλ
294 4032 326 4094 ἐκ
351 4034 432 4114 6γῆς
456 4028 612 4113 Αἰγύπτου
635 4026 686 4093 διά
708 4035 761 4109 τῆς
782 4025 938 4113 Ἐρυθράς
965 4028 1117 4110 Θαλάσσης
1140 4031 1172 4094 έν
1192 4039 1300 4108 θεοση·

185 4234 227 4285 20.
245 4231 316 4288 πάλιν
334 4238 385 4285 cod.
405 4238 459 4284 Ven.
775 4234 815 4286 25.
837 4229 939 4299 ὕστερον
966 4235 1031 4284 codd.
1056 4238 1131 4284 λέιιιλ.
1157 4239 1178 4283 ιλ
1202 4234 1298 4294 ίλλιεδίρ.

186 4303 226 4352 21.
244 4297 345 4368 Ἐδόμ,
369 4299 415 4367 τὴν
431 4299 528 4368 Ῥοκδμ
548 4302 591 4356 καλ
608 4302 707 4372 Πέτραν
742 4300 824 4367 ἕτερον
841 4307 895 4353 libra·
908 4305 970 4352 ισιιι.
1070 4360 1073 4365 ⁴

152 4370 306 4437 καλουμένην
323 4373 374 4421 ωδ.
393 4375 468 4420 venet.
775 4372 815 4423 ¹26.
833 4367 915 4438 ὀλίγον
933 4369 1073 4436 ἔμπροσθεν
1091 4371 1142 4419 ωδ.
1161 4372 1235 4418 λἰιιιε.

185 4439 226 4489 Ὦ.
245 4435 453 4505 ύφεξαιρουμένου
470 4441 522 4490 ωδ.
538 4443 592 4493 Vm.
775 4439 815 4491 27.
832 4436 882 4493 αἰεό
902 4438 1032 4504 τεροςώπον
1048 4438 1091 4488 τοῦ
1113 4429 1224 4501 ἀδελφοῦ
1248 4438 1298 4485 cod.

185 4505 226 4558 ¹2³.
245 4503 274 4558 ἐκ
291 4523 336 4557 οτι.
352 4510 402 4558 cod„
419 4512 472 4559 λἰιι.
744 4513 818 4559 venet.

185 4569 226 4627 24.
243 4567 339 4643 Ἰωβάδ
355 4578 406 4627 eod.
426 4579 500 4627 λἰιιιι.
