3046 5084
160 336 220 397 550
581 344 702 395 ειαοτι
719 345 890 396 ενινιιιαιι

160 472 212 527 τοῦ
240 467 364 527 Ιἔνατον
381 469 488 545 κλῆρον
507 457 630 546 όίγοντος
652 457 710 525 νίπδ
735 468 788 543 τῆς
810 468 869 525 τῶν
885 463 953 546 περὶ
971 459 1114 544 Ἰάκωβον
1130 462 1183 525 καί
1204 460 1320 545 Πέτρον

159 569 209 630 καί
231 572 350 629 Παῦλον
366 562 536 627 οίποστόλων
554 567 706 645 διαδοχῆς·
737 562 770 627 τό
788 564 820 626 δέ
836 561 973 648 κήρυγμα
990 562 1083 629 αῦτοῦ
1099 569 1152 645 τῆς
1169 570 1232 628 τοῦν
1247 588 1319 646 προ-

160 670 318 751 ειρημένων
333 669 523 749 αι’ρεσιαρχιῦν
538 671 683 747 φλυαρίας
698 667 816 747 μετέχον
832 664 864 729 τό
882 663 953 731 αύτδ
970 667 1022 748 μέν
1037 661 1112 730 εἶναι
1126 669 1225 741 δοκεῖ,
1248 692 1320 747 παρ·

159 769 297 851 ήλλακται
311 769 342 832 δὲ
357 766 425 852 παρ’
443 765 521 855 αύτῷ
537 775 640 833 τοῦτον
656 770 721 849 ἔχον
736 766 788 832 τόν
800 770 922 847 τρόπον.
961 767 1026 832 Δύο
1040 770 1092 832 καί
1108 758 1200 843 οῦτος
1210 764 1321 851 Ἀρχύς

159 871 299 955 κεκήρυχε
314 878 353 957 τῷ
368 874 433 956 βίῳ,
450 872 500 932 καὶ
517 874 613 950 δῆθεν
629 868 720 944 θεούς
735 869 800 947 δύο,
824 873 874 934 ένα
891 868 1019 955 οίγαθῦν,
1042 874 1094 935 καί
1112 867 1211 935 2ύντα
1226 868 1318 955 ῦίγνω-

161 999 229 1040 στον
247 984 308 1049 τοῖς
325 980 429 1048 πῦσιν,
461 971 495 1035 δν
512 974 562 1035 καὶ
580 975 698 1056 Πατέρα
715 980 768 1037 τοῦ
785 969 881 1053 Ἰησοῦ
898 975 1035 1054 κέκληκε,
1066 974 1119 1037 καὶ
1133 974 1186 1037 ένα
1200 970 1253 1035 τόν
1271 975 1319 1051 δη-

163 1075 319 1161 μιουργόν,
349 1071 481 1157 πονηρόν
500 1072 570 1138 ὄντα
588 1078 639 1138 καί
658 1073 804 1158 γνωστόν,
831 1074 993 1157 λαλήσαντα
1009 1078 1097 1163 ἐντῷ
1115 1074 1202 1161 νόμῳ
1220 1074 1320 1139 καίέν

163 1190 225 1254 τοῖς
241 1178 409 1261 προφήταις
425 1178 572 1256 φανέντα,
594 1178 644 1239 καὶ
664 1173 771 1258 όρατδν
786 1175 925 1250 πολλάκις
942 1176 1113 1262 γενόμενον
1137 1174 1180 1258 μή
1197 1172 1275 1240 εἶναι
1289 1176 1320 1239 δέ

163 1281 213 1346 τόν
231 1279 358 1363 Χριστόν
376 1280 585 1363 γεγεννημένον
601 1281 633 1343 έκ
651 1284 788 1361 Μαρίας,
811 1280 885 1361 μηδὲ
901 1281 933 1344 έν
949 1282 1035 1363 σαρκὶ
1049 1280 1228 1361 πεφηνέναι,
1251 1275 1319 1343 ύλλῦ

164 1383 282 1464 δοκήσει
305 1382 374 1447 ὅντα
396 1385 446 1445 καὶ
464 1379 583 1462 δοκήσει
600 1380 768 1461 πεφηνότα,
801 1380 919 1463 δοκήσει
941 1382 973 1445 δέ
994 1379 1029 1444 τό
1052 1381 1105 1446 ίίλα
1125 1378 1318 1463 πεποιηκότα.

165 1489 225 1549 Καὶ
245 1484 334 1559 αύτὸς
352 1481 461 1567 σαρκός
480 1481 637 1546 οίνύστασιν
654 1481 837 1561 α’πωθεῖται,
866 1482 995 1548 παλαιόν
1012 1484 1044 1547 δὲ
1061 1481 1244 1569 ἀπαγορεύει
1259 1487 1319 1549 δια-

164 1587 275 1669 θήκην,
301 1586 409 1667 3τήνδε
428 1585 477 1650 διό
492 1587 649 1659 Μωϋσέως
665 1588 714 1650 καί
730 1594 789 1650 τῶν
806 1593 979 1669 προφητῶν,
1002 1583 1044 1661 οῦς
1059 1584 1217 1670 οίλλοτρίαν
1231 1578 1322 1652 οὖσαν

165 1698 248 1754 θεοῦ.
290 1688 480 1769 Ἐληλυθέναι
497 1689 528 1751 δὲ
546 1686 596 1752 τόν
614 1687 743 1771 Χριστόν
759 1686 818 1753 οίπό
836 1696 895 1753 τῶν
912 1686 1031 1753 ίίυωθεν
1049 1691 1082 1754 ἐκ
1098 1696 1153 1753 τοῦ
1169 1686 1322 1773 νίγναίστον

165 1790 292 1873 πατρός,
325 1794 366 1866 είς
388 1788 530 1871 οίθέτησιν
550 1798 603 1871 τῆς
623 1797 677 1854 τοῦ
699 1798 883 1873 κοσμοποιοῦ
904 1793 956 1855 καί
974 1795 1162 1875 δημιουργοῦ
1180 1792 1322 1865 ἐνταῦθα,

165 1896 254 1974 φησί,
286 1891 377 1977 ιίρχής
393 1895 442 1956 καί
460 1897 648 1975 τυραννίδος·
681 1891 777 1977 όίςπερ
796 1891 894 1973 ύμέλει
914 1895 965 1958 καί
983 1895 1088 1958 πολλαί
1105 1900 1168 1958 ταῖν
1185 1894 1324 1975 αἱρέσεων

166 2000 290 2072 ἕξείπαν.
333 1994 434 2083 Ὀλίγῳ
457 1995 488 2059 δέ
510 2002 550 2080 τῷ
570 1994 665 2083 χρόνῳ
685 1988 772 2070 οὗτος
789 1998 821 2060 έν
835 1993 933 2084 Ῥτόμη
950 1994 1107 2081 γενόμενος
1122 1998 1325 2077 μεταδέδωκετ

166 2096 258 2163 αὐτοῦ
279 2096 331 2162 τόν
354 2096 399 2161 ἰόν
422 2102 591 2179 Μαρκίωνι.
637 2096 749 2181 Διόπερ
772 2104 877 2162 τοῦτον
899 2096 917 2164 ό
939 2102 1089 2182 Μαρκίων
1110 2101 1270 2175 διεδέξατο.

30 2216 96 2283 Κεφ.
116 2216 147 2285 β’.
256 2208 314 2283 Τής
336 2202 368 2264 δέ
387 2201 524 2285 αἱρέσεως
544 2195 684 2274 οίςαύτως
702 2209 842 2284 φωρατῆς
858 2199 950 2283 ούσης
971 2203 1003 2265 έν
1017 2198 1156 2289 συντόμῳ
1173 2202 1244 2285 περὶ
1258 2198 1324 2265 τιτύ-

166 2331 218 2385 της
239 2301 310 2384 ήμῖν
329 2306 408 2367 έσται
425 2301 520 2387 λόγος.
563 2299 729 2384 Ἀρξόμεθα
747 2304 779 2367 δέ
795 2302 883 2367 πόλιν
898 2310 952 2384 τῆς
967 2300 1030 2367 κατ’
1048 2300 1142 2368 αῦτοῦ
1157 2298 1326 2385 ἀνατροπῆς

166 2404 217 2469 ἀπ’
235 2404 334 2470 αύτῦυ
356 2412 415 2469 τῶν
437 2403 504 2489 παρ’
527 2403 619 2469 αύτοῦ
635 2406 805 2488 λεγομένων.
840 2404 909 2469 Ὅτι
926 2406 980 2487 μέν
995 2403 1051 2489 γύρ
1069 2404 1124 2471 δύο
1138 2402 1250 2490 Ἀρχύς
1264 2408 1324 2471 lm·

166 2506 273 2572 τοαντύ
297 2505 372 2571 εἶναι
393 2505 557 2585 (ίδύυατον,
588 2512 682 2589 δήλου.
734 2506 796 2569 1Ἢ
813 2506 869 2592 γυίρ
893 2510 926 2571 αί
945 2506 1001 2571 δύο
1024 2510 1057 2572 έκ
1075 2514 1146 2589 μιᾶς
1164 2512 1222 2573 είοί
1237 2534 1325 2585 τινος,

168 2609 187 2691 ή
204 2608 224 2692 ή
241 2612 293 2691 μέν
309 2612 367 2673 έστι
383 2612 521 2693 δευτέρα,
551 2608 571 2693 ή
589 2612 620 2674 δὲ
637 2617 689 2690 τῆς
705 2611 844 2695 δευτέρας
860 2612 938 2673 αίτία
956 2611 1005 2675 καί
1021 2607 1105 2693 ῦρχή.
1152 2610 1323 2693 Ζητηθήοε-

167 2740 215 2776 ται.
232 2706 286 2777 οῦν
303 2710 363 2794 ήτοι
381 2716 459 2776 αι’τία
474 2719 532 2776 τῶν
548 2711 618 2790 δύο,
649 2710 670 2794 ἢ
685 2709 811 2793 ὁποτέρα
829 2710 943 2776 τούτων
958 2708 1034 2795 ιίρχή
1056 2704 1132 2777 οὖσα
1146 2720 1200 2795 τῆς
1216 2714 1327 2797 έτέρας,

169 2813 209 2890 τός
230 2816 325 2909 ἔφην,
361 2816 420 2877 Καὶ
442 2812 536 2890 υύτως
560 2817 591 2879 ἔκ
614 2811 724 2889 παντός
742 2812 856 2898 τρόπου
880 2816 929 2878 έπὶ
951 2814 1006 2897 τήν
1022 2818 1094 2895 μίαν
1112 2812 1260 2887 οίνατιτέον
1275 2812 1328 2897 τήν

170 2916 319 2995 διύνοιαν,
343 2915 395 2998 τήν
412 2914 622 2999 εύρισκομένήν
636 2916 771 3001 πρώτην,
794 2918 824 2993 ἐξ
839 2909 876 2998 ής
890 2918 940 2983 καί
956 2914 977 2999 ή
991 2918 1124 3001 δευτέρα,
1145 2916 1216 3001 ἤτοι
1231 2916 1328 3001 οίριφύ-

168 3045 264 3103 τεραι,
287 3019 390 3094 καθείς
407 3021 566 3095 δέδεικται,
592 3014 656 3093 2ιός
670 3020 754 3099 ἔφην.
797 3016 973 3085 Ἐπιτοαντδ
991 3020 1024 3085 δέ
1041 3016 1192 3087 οίδύνατον
1205 3018 1261 3097 τοῦς
1274 3018 1329 3085 δύο

170 3120 261 3204 ύρχύς
275 3118 430 3203 ύπύρχειν·
453 3118 512 3183 ἄλλ’
527 3119 596 3185 οῦδὲ
612 3121 807 3205 διαφέρεσθαι
823 3117 876 3203 τήν
893 3126 962 3203 μίαν
976 3120 1053 3207 πρός
1067 3120 1123 3205 τήν
1135 3120 1228 3205 ίίλλην
1241 3126 1330 3189 δοτα-

170 3224 229 3289 τῦν.
273 3227 316 3287 Εί
330 3222 385 3307 γύρ
402 3225 605 3307 διαφέρονται,
636 3222 844 3304 είσίμὲνδύυ,
874 3228 915 3311 τςῦ
930 3224 963 3288 δέ
980 3223 1036 3289 δύο
1053 3222 1177 3313 οίριθμρῑ
1195 3220 1329 3309 εύρισκέ·

171 3354 254 3409 μεναι
268 3324 319 3390 τόν
335 3328 386 3391 ένα
403 3323 534 3411 οίριθμόν
552 3322 779 3410 ύπερβεβήκασι.
828 3330 888 3391 Τοῦ
904 3326 937 3391 δέ
953 3324 1020 3401 ἕνδς
1033 3328 1085 3391 καλ
1099 3324 1225 3411 προέτον
1242 3324 1330 3412 οίριθ-

50 3438 232 3514 mammos}
248 3430 427 3512 ζητουμένου
451 3432 485 3492 αί
504 3427 558 3493 δύο
581 3436 620 3514 τῷ
642 3430 685 3493 ένί
704 3426 824 3515 ύριδμηῦ
843 3429 895 3492 καί
913 3426 1049 3517 οίνωτέρῳ
1067 3426 1261 3509 ύπόκεινται,
1290 3436 1330 3519 τῇ

171 3536 254 3621 αἰτίῳ
272 3539 331 3597 τῶν
347 3530 402 3595 δύο
419 3529 489 3595 όντι.
538 3528 582 3595 Ού
599 3529 655 3615 γύρ
675 3534 708 3593 αἱ
723 3529 779 3595 δύο
797 3534 830 3595 αί
843 3528 914 3611 μετὰ
931 3529 984 3597 τόν
1001 3532 1054 3597 ένα
1068 3528 1218 3617 είριθμδν,
1240 3530 1331 3617 ἦνῆν

172 3640 241 3717 μίαν
256 3632 348 3717 ύρχήν
361 3636 410 3698 καί
426 3632 556 3718 πρωτην,
572 3636 661 3697 αἰτίαι
675 3635 788 3697 έαντῦν
799 3630 940 3698 δύνανται
955 3630 1040 3712 εἶναι,
1055 3640 1111 3699 τοῦ
1124 3636 1229 3701 ένιιιοῦ
1242 3634 1329 3720 ιίριθ·

172 3742 230 3819 μοῦ
250 3739 302 3800 καὶ
316 3734 468 3802 υίνωτότου
483 3734 527 3800 ύεὶ
541 3737 730 3818 ζητουμένου.
775 3736 818 3799 Et
834 3732 890 3820 γύρ
912 3740 946 3799 αἱ
963 3735 1019 3803 δύο
1033 3734 1248 3823 εύρεθήσονται
1261 3744 1332 3821 ptis

176 3840 291 3920 3ούσης
309 3844 484 3921 συμφωνίας
500 3842 549 3904 καί
567 3842 773 3924 σνγχαίρουσαι
790 3842 840 3903 καί
859 3846 1075 3920 συμφωνοῦσαν
1089 3836 1227 3921 α’λλήλαις
1243 3844 1332 3931 ίννῇ

173 3942 227 4026 τήν
243 3944 295 4025 μέν
311 3947 380 4024 μίαν
393 3944 572 4026 παραμένειν
585 3950 638 4023 τῆς
654 3943 753 4021 έτέρας
767 3938 966 4023 εύδοκούσης,
988 3944 1107 4025 καὶτῆς
1119 3940 1209 4027 mm
1224 3944 1257 4011 ῦδ
1269 3970 1330 4027 χιε·

173 4044 283 4126 ρούσης
297 4051 333 4133 τῇ
348 4052 400 4126 τής
415 4046 513 4127 ἑτέρας
527 4048 657 4133 συζυγίᾳ,
675 4041 809 4127 ήστοίσις
822 4048 865 4119 τίς
878 4046 956 4109 ἐστιν
972 4042 1120 4127 όναμίοον
1133 4042 1330 4133 α’μφοιίριτε

168 4150 217 4243 ΙΕἰ
232 4148 263 4209 δέ
279 4146 463 4224 στασιάζουσι
478 4148 528 4211 καλ
545 4146 693 4229 ἰσχύουσιν
706 4144 768 4228 ίίμα
787 4144 952 4232 ἀμφότεραι
966 4144 1044 4233 πρός
1054 4144 1178 4231 α’λλήλας
1192 4146 1240 4215 ‘u'
1254 4152 1330 4233 [m.

210 4372 268 4420 (λιν.
282 4374 299 4421 Ι.
313 4400 345 4410 -—
367 4374 386 4423 λ.
401 4375 465 4421 Libri
480 4369 584 4427 ἔνατόν.
617 4376 653 4436 Cf.
669 4375 732 4435 infra
767 4370 837 4427 εἶναι.

173 4444 236 4489 λαστ.
250 4436 292 4499 λζ’,
313 4442 333 4490 1.
799 4444 823 4493 3.
843 4446 916 4507 λὐλρο
929 4439 977 4507 τήν
992 4440 1029 4496 δὲ.
1053 4444 1168 4493 Patavini
1178 4438 1330 4510 οοίτοολτήτ

207 4514 231 4557 2.
251 4512 346 4559 correxi
367 4506 427 4564 ὄντα
448 4524 490 4571 pro
514 4507 570 4575 ἕνα,
595 4513 658 4573 quod
681 4514 735 4561 λίοτί
767 4508 818 4566 διὰ.

173 4582 265 4627 tuentur
280 4580 318 4628 λία
332 4582 394 4628 male
408 4580 537 4639 repetitum.
571 4582 650 4629 Ροωλε
662 4582 734 4629 etiam
802 4580 863 4631 Cn.
877 4580 908 4629 ΙΙ.
928 4606 959 4619 -
979 4580 1002 4633 l.
1020 4570 1041 4645 ἦ
1055 4580 1156 4643 w,
1171 4584 1227 4645 μ
1241 4580 1332 4637 tffl
