3046 5084
378 367 513 418 rinnau
530 368 592 420 ars.
606 370 625 418 r.
644 368 724 421 rou.
739 370 780 421 ru.
798 370 898 420 uren.
910 342 1033 421 xxnvr.
1220 362 1281 423 489

130 486 263 572 quiddam
280 507 366 572 quatu
381 484 550 572 superiores
564 508 667 552 omnes
682 488 711 551 in
725 487 863 574 opinione
879 511 930 553 suo
949 490 1055 574 posuit.
1102 489 1218 555 Etenim
1233 493 1280 576 qui

130 611 169 654 ox
192 611 293 655 eorum
318 611 409 672 grege
431 590 564 653 morituri
587 600 672 668 stant,
706 591 889 655 occasionem
908 602 1010 654 nactus
1033 590 1190 670 oMarco,
1223 617 1280 656 uon

130 693 232 757 eodem
250 704 345 756 tanuen
363 714 421 776 quo
435 693 490 754 istc
505 693 592 754 modo
608 693 740 771 redimit,
765 695 816 756 sed
833 694 917 756 aliam
934 695 1074 776 quandam
1094 696 1235 758 eiusmodi
1251 697 1280 758 iu

129 795 253 859 salutem
278 795 443 859 vindicandi
468 795 610 857 rationem
638 793 787 859 observat.
832 793 909 860 Sunt
934 796 1011 858 euim
1037 817 1075 859 ex
1100 797 1170 881 ipsis
1195 798 1282 881 aliqui

130 899 178 982 qui
199 897 293 960 oleam
314 918 388 980 aqua
409 907 598 982 temperatum
619 897 705 982 capiti
725 899 876 961 morientis
895 910 1070 982 aspergunt,
1103 910 1280 983 unguentum

130 1000 197 1079 aiii,
230 999 305 1083 quad
330 995 554 1082 Opobalsamum
580 1010 704 1077 vocant,
741 1010 904 1084 etaquum.
952 997 1141 1064 invocatione
1167 1003 1280 1084 quidem

130 1105 231 1165 eadem
257 1114 377 1166 utuntur
397 1123 482 1186 quam
505 1113 533 1165 et
555 1100 689 1165 Marcum
712 1101 877 1164 adhibuisse
900 1103 1066 1182 docuimus,
1101 1105 1281 1186 paucissimis

129 1204 280 1269 vocabulis
296 1205 451 1269 adiunctis.
498 1202 543 1267 Ea
559 1225 647 1290 porro
662 1215 708 1266 est
722 1202 901 1268 huiusmodi:
925 1208 1026 1279 Mesia,
1053 1210 1158 1286 Upim,
1183 1211 1280 1287 Egna-

130 1329 283 1388 nuenrpaae,
313 1311 508 1380 Maroialica,
539 1310 690 1380 Numanae,
722 1311 814 1380 Buce,
840 1311 1021 1388 Arpinorum,
1046 1313 1192 1389 Epseuuu‚
1217 1314 1281 1370 Iesu

128 1413 270 1472 Nazarra.
318 1407 402 1493 Quae
418 1408 532 1493 quidem
551 1431 587 1472 eo
603 1406 727 1472 consilio
744 1408 865 1487 iaciunt,
891 1421 922 1472 ut.
937 1410 984 1493 qui
1003 1410 1056 1474 sub
1075 1412 1185 1474 exitum
1204 1411 1280 1473 ritae

130 1511 236 1575 talibus
254 1511 535 1597 comprecationibus
552 1511 688 1575 instructi
704 1512 813 1574 fuerint
827 1534 890 1575 oum
908 1534 982 1596 aqua
1000 1523 1029 1575 et
1046 1512 1123 1590 oleo,
1148 1514 1211 1576 sirc
1227 1535 1280 1576 un·

128 1625 250 1699 guento,
275 1614 433 1677 commistis
451 1613 683 1699 asuperioribus
700 1611 914 1698 Principatibus
932 1636 965 1677 oc
983 1612 1181 1678 Potestatibus
1197 1623 1280 1678 codr-

129 1717 189 1780 ceri
205 1716 356 1801 viderique
373 1726 530 1799 nequeant,
551 1726 637 1799 atque
653 1725 685 1778 ut
700 1715 824 1778 interior
837 1716 964 1800 ipsorum
982 1717 1067 1780 homo
1084 1739 1198 1780 sursum
1214 1739 1280 1802 pus·

129 1819 168 1882 sit
187 1841 205 1883 a
224 1819 341 1882 nemine
358 1827 532 1904 conspectus
556 1819 695 1880 eradere.
742 1816 856 1902 Quippe
879 1820 1049 1902 corporibus
1073 1819 1137 1882 istis
1159 1831 1280 1883 ccursent

130 1942 194 1986 oum
217 1922 328 2006 reliqua
354 1920 432 1984 omni
456 1931 589 1984 creatura
613 1919 723 1982 relictis
747 1921 899 1983 eroiautes
925 1921 990 1983 binc
1015 1923 1143 2006 ipsorum
1168 1923 1280 1985 animas

129 2024 290 2101 condituri,
321 2025 368 2108 qni
386 2024 414 2085 in
432 2024 546 2086 deiectu
562 2033 715 2098 versatur,
745 2022 903 2099 assistere,
928 2023 1091 2107 ibidemque
1110 2026 1182 2107 apud
1200 2025 1279 2086 iilum

127 2127 314 2191 commorari.
362 2123 421 2190 Sed
441 2124 611 2188 interiorem
632 2124 794 2202 bominem,
828 2124 874 2206 qui
898 2126 993 2186 anima
1017 2126 1078 2209 ipsa
1099 2136 1280 2210 corporeque

126 2229 220 2315 magis
235 2229 354 2292 intimus
370 2238 432 2305 est,
457 2228 542 2290 altius
559 2226 675 2306 efferri3
699 2248 784 2310 quem
802 2247 841 2289 ex
860 2227 1003 2312 superiori
1021 2225 1187 2290 Pieromatc
1204 2229 1280 2291 deri·

127 2344 226 2399 ratum
249 2331 431 2396 existimant.

213 2534 351 2602 Ceterum
375 2557 448 2621 quos
472 2536 507 2598 nd
530 2556 595 2598 eum
618 2535 732 2597 modum
752 2533 912 2614 illuserint,
946 2534 986 2597 ita
1006 2536 1149 2599 cobortnti
1169 2537 1276 2600 soient.
1299 2549 1357 2617 cap.
1373 2551 1415 2600 tut.

126 2639 204 2719 Uti,
233 2641 384 2725 inquiunt,
415 2640 449 2701 ad
472 2635 656 2723 Principntus
677 2649 708 2701 et
729 2635 895 2700 Potestates
919 2649 984 2722 post
1005 2638 1114 2702 obitum
1137 2639 1277 2715 evolatis,

127 2754 274 2808 memento
293 2744 364 2807 baec
379 2743 419 2805 uti
438 2741 526 2804 verba
544 2742 693 2826 proferas:
717 2742 904 2821 Egofiiiusa
920 2745 1018 2815 Putre,
1044 2753 1073 2802 et
1086 2765 1117 2802 eo
1133 2747 1218 2804 Patre
1232 2749 1284 2823 qni

126 2859 193 2910 ante
208 2868 301 2908 amnes
315 2850 423 2918 enitor,
447 2866 481 2906 aa
491 2846 639 2925 praesenti
652 2854 773 2923 ternpore
779 2845 867 2924 filius
884 2849 949 2905 oeni
965 2857 996 2905 ut
1010 2849 1101 2906 orrrnia
1118 2858 1172 2908 tam
1187 2851 1280 2907 ali‘ena

128 2972 210 3034 qaam
224 2954 338 3030 priuata
358 2969 516 3019 cernerem,
548 2967 600 3007 ner
619 2951 729 3007 ornnrira
747 2951 963 3021 tamencum,
996 2952 1047 3009 sed
1065 2952 1104 3009 ad
1121 2952 1279 3010 Achamoth

123 3057 314 3135 pertineam,
348 3072 419 3132 quae
440 3071 502 3110 aum
515 3051 627 3131 semina
647 3053 702 3122 sit,
736 3050 794 3110 ridi
807 3054 862 3110 istu
871 3051 1039 3131 fabricavit.
1087 3055 1174 3131 Origo
1191 3074 1279 3131 porro

127 3177 188 3219 mea
211 3167 255 3217 est
273 3156 309 3215 ab
331 3176 363 3215 eo
378 3157 463 3214 ducta
484 3157 611 3233 quiante
626 3173 719 3213 omnes
732 3156 844 3224 enutrit,
877 3175 963 3233 eoque
979 3175 1092 3214 rursum
1111 3158 1184 3214 unde
1200 3165 1279 3214 artus

126 3280 189 3321 suar
204 3261 363 3338 regredibr.
411 3252 495 3338 Quae
513 3277 577 3318 cum
595 3253 720 3331 dixerit,
754 3254 876 3317 subinde
894 3275 910 3316 e
928 3251 1126 3317 Potestatibus
1146 3266 1277 3338 ereptum

127 3360 164 3424 ad
179 3359 359 3423 conditorem
377 3358 498 3441 eiusque
515 3358 672 3441 stipatores
689 3357 820 3440 adusque
838 3356 957 3440 primam
978 3353 1146 3439 Ogdoadem
1166 3357 1276 3418 efferri.

127 3461 277 3548 Siquidem
303 3471 367 3545 post
391 3472 553 3523 creatorem
579 3460 665 3522 etiam
687 3460 736 3522 isti
758 3460 928 3522 inferiorem
950 3480 1017 3522 esse
1040 3458 1142 3521 voluat
1161 3457 1279 3521 Hebdo-

126 3568 258 3642 madem‚
287 3565 438 3649 ipsumque
460 3564 490 3626 iu
513 3560 688 3646 Septenaria
711 3573 845 3625 octavum
868 3581 952 3638 esse,
985 3561 1035 3623 sed
1059 3561 1087 3622 iu
1111 3562 1225 3624 deiectu
1248 3572 1278 3624 et

126 3668 294 3753 ignorantia
309 3668 509 3730 coustitutum.
549 3663 653 3728 iubent
667 3666 757 3749 igitur
771 3685 848 3743 cum,
869 3666 916 3748 qui
933 3684 972 3726 ex
991 3664 1044 3725 bac
1059 3663 1118 3726 vita
1134 3664 1278 3727 discesse-

126 3772 183 3851 rit,
208 3780 371 3833 creatorem
388 3767 509 3854 ciusqne
524 3768 646 3831 ooniites
663 3769 738 3832 bunc
756 3770 783 3830 in
800 3769 914 3830 ruodam
931 3766 1055 3851 alioqui:
1081 3772 1136 3828 Vas
1149 3789 1201 3847 ego
1217 3791 1278 3829 suin

123 3879 279 3957 pretiosum
296 3878 388 3953 magis
403 3894 485 3954 quum
495 3875 607 3955 semina
622 3875 673 3934 illa
687 3893 759 3954 quae
773 3894 822 3933 uos
836 3873 968 3931 condidit.
1015 3874 1053 3930 Si
1063 3875 1185 3932 radicem
1199 3893 1277 3931 suam

127 3989 222 4039 uestro
238 3987 327 4041 muter
342 3980 473 4055 ignorat,
497 3996 550 4055 ego
567 3980 635 4036 noui
647 3997 690 4036 nne
705 3979 810 4054 ipram,
835 3985 864 4033 et
879 3977 951 4033 rende
966 3978 1018 4033 stin
1035 3978 1113 4047 acab,
1137 3985 1221 4054 atque
1235 3979 1278 4034 in-

128 4091 289 4160 corruptam
311 4082 482 4158 Sapientiam
506 4081 620 4151 invoco,
652 4099 723 4158 qaae
743 4081 817 4138 inest
838 4081 866 4137 in
888 4080 973 4136 Patre
991 4079 1149 4158 Matriaque
1170 4088 1279 4137 uestrae

128 4193 218 4245 mater
234 4193 292 4257 est,
325 4186 385 4243 eius
403 4201 475 4262 quae
490 4191 605 4241 manent
624 4203 679 4241 non
698 4181 795 4251 habet,
828 4201 862 4239 uc
880 4201 916 4240 ne
932 4184 1077 4259 coniugem
1094 4183 1202 4261 porilem
1220 4201 1278 4240 mu-

129 4297 199 4348 tiero
207 4331 216 4360 ,
240 4289 291 4348 red
302 4309 318 4346 e
327 4287 438 4367 semina
453 4265 637 4365 nutusemina
653 4304 701 4343 vos
712 4284 867 4362 prodirent,
893 4287 991 4342 aratris
1005 4287 1108 4362 r‘gtnura
1125 4303 1210 4355 auae,
1234 4305 1277 4343 se-

128 4411 255 4471 preesse
268 4392 355 4450 salum
370 4390 543 4448 eatininans.
583 4390 627 4446 At
638 4406 690 4465 ega
704 4396 820 4447 matrem
833 4390 893 4446 erite
907 4389 1028 4465 appello.
1069 4381 1182 4467 Quibus
1198 4385 1277 4448 audi-

129 4546 150 4594 Α
183 4542 289 4598 bunne.
309 4543 417 4600 Poenus,
436 4542 489 4590 iesu
506 4538 620 4590 Nazario.
757 4539 815 4589 Cae.
833 4539 876 4588 ΙΙΙ.
893 4566 926 4577 -
945 4539 966 4590 l.
987 4541 1094 4589 inlibris
1111 4544 1174 4589 estat
1191 4537 1277 4606 φησὶν.

180 4646 188 4660 .
204 4613 313 4664 anunm
326 4606 370 4664 cta
385 4605 515 4675 toarno.
755 4608 780 4660 2.
797 4603 895 4660 Triton
911 4611 995 4658 canter.
1009 4609 1127 4658 Petaotoa.
