3046 5084
161 344 223 406 638
585 354 890 406 ειαοτιεειειιεαιι

247 471 333 555 Σγόλ.
352 471 405 554 οη’.
441 476 476 536 Τί
497 474 703 557 τεταραγμένοι
723 474 800 549 έστές
833 474 909 536 ίδετε
932 469 986 547 τάς
1006 470 1106 557 χεῖράς
1133 476 1243 555 τ’μον
1267 474 1316 537 καί

163 574 233 651 τοάς
248 574 342 650 πόδας
360 580 474 657 73μου,
497 574 544 640 ὅτι
559 582 675 656 πνεῦμα
693 580 729 620 ⁷4
740 572 811 639 ὀστᾶ
826 571 883 639 οάιι
898 574 964 655 έγει,
985 572 1093 650 καθῶς
1108 574 1161 657 ίμί
1177 582 1316 661 θεωρεῖτε

162 681 272 759 έχοντα.

238 778 354 863 Ἔλεγγ.
378 778 431 861 οη’.
469 783 519 854 Τίς
543 776 598 843 οάκ
624 776 662 843 άν
681 776 861 867 καταγελάσῃ
883 786 938 844 τοῦ
959 776 1068 863 λήρου,
1102 781 1135 845 ἐν
1159 776 1316 869 άφροσάυη

163 881 267 947 έαυτὸν
281 884 332 946 καὶ
347 884 452 965 ἑτέρων
465 880 564 963 ψυχάς
577 889 787 956 κατασπῶντος
799 884 841 957 είς
857 880 949 968 ᾅδηνς
980 884 1022 945 Εί
1035 881 1088 963 μέν
1099 880 1158 967 γάρ
1172 878 1228 965 οάχ
1243 878 1318 963 τίμα-

161 983 266 1069 λόγητο
285 983 353 1069 παρ’
371 982 464 1048 αὐτοῦ
478 992 586 1063 ταῦτα,
609 982 726 1065 πιθανή
740 976 779 1065 ήν
795 980 887 1049 αάτοῦ
902 980 922 1066 ή
936 982 1048 1066 πλάνη,
1075 985 1127 1047 καί
1142 986 1320 1069 συγγνείμιμ

163 1083 240 1168 είχου
263 1091 295 1151 οί
315 1084 365 1151 ὑπ’
385 1084 479 1150 αάτοῦ
499 1085 687 1169 ἠπατημένοι.
733 1092 802 1150 Νῦν
825 1087 857 1151 δέ
880 1084 982 1168 έπειίή
1004 1088 1116 1161 ἐκεῖνος
1137 1082 1319 1173 ῶμολάγτγαε,

162 1191 213 1253 καί
230 1186 267 1253 οά
283 1196 403 1278 περιήρε
421 1187 456 1252 τά
474 1188 548 1271 ῥητά
563 1198 671 1268 ταῦτα,
704 1187 939 1273 ἀναγινώσκουσι
955 1188 988 1252 δέ
1005 1185 1080 1252 αάτά
1094 1190 1148 1253 καί
1166 1192 1201 1253 οί
1215 1186 1319 1267 αάτοῦ,

162 1288 183 1372 ή
199 1288 327 1373 άμαρτία
345 1290 437 1355 αάτοῦ
453 1293 502 1355 καί
518 1300 577 1355 τῶν
593 1289 693 1355 αὐτῶν
708 1293 801 1372 μένει,
824 1293 875 1355 καί
892 1289 1091 1375 άπαραίτητου
1106 1288 1141 1355 τά
1155 1288 1254 1357 αὐτοῦ
1270 1292 1319 1357 καί

162 1393 195 1457 τά
219 1392 316 1459 αὐτῶν
333 1400 410 1477 πῦρ,
439 1391 672 1477 άναπαλογήτοις
688 1386 772 1471 οὖσι,
801 1398 904 1475 σαφῶς
924 1400 978 1458 τοῦ
996 1401 1130 1479 σωτῆρος
1142 1392 1320 1471 διδάξαντας

162 1498 213 1559 καί
231 1496 302 1577 μετά
319 1494 477 1559 άνάστασιν
495 1492 566 1560 άστᾶ
583 1500 634 1560 καὶ
651 1494 745 1579 σάρκα
762 1498 892 1578 7λέγειν,
912 1494 952 1572 ῶς
972 1493 1062 1572 αάτάς
1077 1494 1262 1581 ἐμαρτύρησε
1276 1496 1319 1559 λί-

163 1626 238 1683 γων,
259 1596 311 1675 Ὡς
329 1599 378 1679 ἐμὲ
393 1595 479 1682 άρᾶτε
496 1600 606 1681 ἔχοντα.
650 1599 736 1681 Αὕτη
753 1600 831 1664 ἐστίν
845 1596 866 1680 ή
880 1596 943 1663 κατ’
959 1596 1051 1663 αάτοῦ
1065 1596 1126 1663 άπά
1142 1606 1204 1665 τῶν
1217 1596 1318 1681 λειψά·

42 1736 93 1783 ρος.
107 1725 153 1769 τεο.
168 1728 226 1765 νων
248 1709 307 1765 τῶν
328 1698 397 1784 παρ’
415 1698 495 1787 αὐτῷ
512 1703 683 1783 σωζομένων
703 1705 735 1766 έκ
753 1707 805 1765 τοῦ
820 1700 984 1787 εὐαγγελίου
1000 1698 1148 1777 άπάθεσις
1162 1708 1220 1785 τῆς
1235 1696 1320 1783 ήμὸτ

164 1806 364 1886 πεποιημένης
386 1799 422 1866 δι’
443 1800 534 1868 αάτάυ
552 1809 765 1888 πραγματείας,
795 1802 836 1879 ῶς
852 1828 885 1889 γε
899 1809 1007 1887 νομίζω
1025 1806 1137 1879 ἱκανῶς
1154 1806 1230 1887 λέγειν
1245 1804 1320 1889 πράς

164 1904 315 1970 άντίθεσιυ
333 1912 385 1987 τῆς
400 1903 493 1969 αὐτοῦ
508 1903 630 1987 άπάτης.
672 1904 842 1989 Ἐλεύσομαι
861 1908 892 1971 δὲ
907 1908 958 1971 καί
974 1910 1017 1983 είς
1031 1906 1069 1973 τά
1082 1908 1151 1991 έξῆς
1166 1912 1229 1973 τῶν
1245 1904 1317 1973 άπε-

164 2016 306 2073 στολικῶν
323 2012 421 2092 ῥητῶν
439 2005 507 2091 παρ’
526 2006 604 2096 αὐτῷ
623 2012 665 2073 έτι
681 2011 866 2091 σωζομένων,
895 2012 946 2074 καί
960 2007 998 2075 δι’
1014 2007 1100 2093 ήμῶν
1117 2008 1210 2076 πάλιν
1225 2008 1320 2085 αι’ίῐειε

164 2109 410 2196 άναλελεγμένων,
442 2113 474 2175 έν
488 2109 618 2193 πράτοις
636 2112 668 2175 δὲ
683 2108 754 2192 ήμῖν
769 2113 819 2175 καί
837 2108 908 2176 καθ’
921 2110 1023 2197 εἱρμάν
1038 2110 1120 2177 Νδί
1136 2110 1210 2179 άλου
1224 2108 1318 2189 οῧτις

165 2216 392 2299 προταχθέντων
405 2211 464 2277 άπά
478 2220 531 2295 τῆς
545 2211 620 2297 πράς
635 2212 766 2288 Γαλάτας
781 2216 941 2296 ἐπιπολῆς.
985 2212 1070 2298 Αὕτη
1083 2214 1141 2301 γάρ
1155 2212 1228 2301 παρ’
1241 2212 1319 2303 αάτᾷ

165 2314 267 2399 πρώτη
283 2326 385 2381 κεῖται.
422 2313 520 2397 Ἡμεῖς
534 2316 566 2379 δὲ
581 2313 635 2397 τήν
649 2313 796 2401 α’ναλογήν
813 2316 876 2382 τότε
891 2318 1106 2399 ἐποιησάμεθα,
1128 2315 1184 2401 οάχ
1198 2314 1242 2395 ῶς
1254 2314 1318 2403 παρ’

166 2416 260 2506 αὐτῷ,
283 2416 342 2482 ἄλλ’
358 2416 398 2494 ῶς
413 2421 470 2500 έχει
486 2416 519 2482 τά
536 2415 730 2483 άποστολικάν
748 2418 855 2501 ῥητόν,
877 2418 931 2501 τήν
948 2416 1025 2503 πράς
1036 2416 1204 2503 Ῥωμαίους
1217 2418 1317 2499 τάξαν-

165 2546 212 2597 τες
225 2519 359 2606 πρῶτην·
383 2513 440 2585 ῶιλε
461 2520 493 2585 λέ
513 2517 589 2584 κατά
610 2517 662 2585 τάν
678 2518 770 2586 αὐτοῦ
785 2524 954 2607 χαρακτῆρα
971 2520 1067 2599 νάκας
1081 2526 1317 2609 παραινθέμεθα.

251 3134 336 3218 Σχάλ.
352 3134 387 3199 α’,
419 3135 646 3202 77Μάθετεάτι
660 3132 678 3202 o‘
692 3139 853 3213 δίκαιοςέκ
866 3140 991 3214 πίστεως
1002 3136 1126 3221 ζήσεται.
1161 3134 1317 3223 Ὅσοιγᾶρ

168 3236 226 3304 άπά
241 3237 343 3320 νόμον,
358 3236 418 3303 άπά
433 3237 566 3323 κατάραν
579 3242 658 3304 είσίυ.
691 3236 726 3303 Ὁ
740 3240 773 3303 δέ
785 3238 914 3323 ποιήσας
927 3237 1012 3321 αάτά,
1027 3238 1144 3323 ζήσεται
1160 3242 1193 3307 ίν
1207 3236 1318 3319 αείεαῐς.

242 3340 360 3427 ’Ἑλεγγ
379 3344 415 3405 α’.
450 3339 506 3420 Τά,
527 3344 653 3407 Μάθετε
671 3341 717 3407 ὅτι
733 3338 751 3406 ά
765 3345 880 3418 δίκαιος
895 3344 928 3409 ίκ
943 3348 1069 3419 πίστεως
1083 3340 1216 3427 ζήσεται,
1245 3340 1320 3411 κατέ
1381 3348 1387 3363 ’

166 3443 202 3509 τά
227 3441 287 3509 άπὸ
311 3452 363 3509 τοῦ
385 3442 552 3509 άποστάλου
575 3446 726 3530 είρημένα,
757 3452 875 3530 γραφῆς
897 3448 957 3512 ίστι
977 3452 1103 3523 παλαιᾶς
1125 3444 1320 3513 7ἐλάττονά·

167 3546 252 3611 ἅτινά
272 3549 331 3612 έστι
349 3545 431 3631 παρά
451 3555 504 3612 τοῦ
521 3544 689 3613 άποστάλου
705 3550 747 3623 είς
762 3545 905 3635 ήμετέραυ
919 3546 997 3635 ζωήν
1012 3546 1072 3615 dud
1087 3554 1142 3615 τοῦ
1160 3548 1256 3632 νάματι
1270 3550 1322 3615 καί

167 3657 227 3713 τῶν
243 3657 405 3733 προφητῶν
419 3652 556 3736 εἰρημένα
574 3651 640 3734 περὶ
657 3658 764 3732 καινῆς
779 3650 945 3735 διαθήκης,
974 3653 1025 3716 καί
1042 3651 1153 3739 σάζυγα
1175 3650 1250 3719 ὄντα
1270 3660 1324 3737 τῆς

167 3749 253 3834 ήμῶν
275 3754 400 3827 ἐλπίδος.
445 3756 506 3817 Καὶ
530 3751 580 3832 τά,
610 3750 685 3818 ‘rud
705 3754 837 3839 κατάραν
858 3757 928 3835 είσί,
959 3756 1052 3837 φησὶν
1067 3754 1112 3821 ὅτε
1131 3756 1164 3821 lv
1180 3762 1224 3845 τῇ
1238 3754 1323 3847 κάμῃ

168 3852 272 3937 άπειλή
287 3853 422 3940 ἐτύγχανε
435 3854 509 3920 κατά
522 3863 576 3939 τῆς
587 3863 641 3921 τοῦ
652 3853 743 3937 Ἀάάμ
757 3866 923 3943 παρακοῆς,
938 3860 994 3934 ἕως
1007 3856 1056 3923 ὅτε
1065 3850 1161 3941 ήλθεν
1172 3854 1193 3925 εί
1206 3856 1325 3927 ’θὸτι-

167 3966 222 4022 θεν
242 3956 354 4037 έλθῶυ,
375 3963 427 4023 καί
444 3958 548 4024 έαυτάν
565 3956 625 4024 άπά
641 3966 694 4024 τοῦ
708 3956 801 4043 Ἀδάμ
815 3960 991 4047 φυράματος
1004 3966 1090 4045 σῶμα
1105 3958 1262 4043 ιίμφεείαας
1275 3986 1324 4045 με·

168 4062 268 4142 τέβαλε
290 4058 342 4143 τήν
362 4059 494 4146 κατάραν
514 4065 556 4137 είς
577 4060 719 4147 εάλογίαν.

252 4161 338 4244 Σγάλ.
356 4163 392 4245 β’.
423 4162 653 4250 Ἐπικατάρατος
668 4170 728 4241 πᾶς
746 4162 764 4230 ά
780 4164 965 4251 κρεμάμενος
980 4166 1030 4233 ίπί
1047 4164 1144 4244 ξάλου.
1186 4162 1222 4233 ‘0
1239 4166 1275 4235 θί
1291 4168 1326 4237 Β

168 4270 222 4346 τῆς
243 4267 428 4351 ἐπαγγελίας,
453 4265 503 4331 διά
522 4274 577 4350 τῆς
598 4268 763 4354 ἐλευθέρας.

202 4402 242 4454 72.
260 4422 307 4471 μου
324 4410 388 4458 συνεί
405 4424 487 4471 supra.
764 4408 824 4479 ἔχει.

202 4470 243 4522 73.
261 4492 308 4538 μου
326 4479 389 4525 abest
406 4492 487 4539 σαμτα.
797 4479 837 4531 76.
854 4482 955 4541 ίλεμσεαί
970 4474 1003 4533 δι’
1020 4472 1086 4531 ὅλου.
1119 4478 1183 4529 Nm
1198 4480 1258 4531 εείίίί
1271 4480 1327 4531 effi

202 4538 242 4589 ῖλ.
261 4546 342 4605 supra
360 4538 446 4597 ε’στέα.
761 4550 846 4597 habent
862 4544 896 4612 δή
913 4540 981 4601 ὅλου.
999 4574 1034 4585 -
1059 4548 1205 4599 commun:
1227 4576 1284 4611 „-
1298 4558 1326 4599 τε

201 4606 242 4659 ῗζι.
258 4612 292 4661 lla
308 4616 409 4662 correxit
423 4616 541 4665 Ρείσυίκε.
567 4614 633 4665 Libri
645 4616 729 4666 λαλιεπλ
761 4634 808 4683 per
823 4632 869 4667 τοι
884 4632 967 4667 rursu·
981 4614 1019 4667 ιία
1032 4612 1131 4667 ἀτίσσει
1147 4624 1222 4667 unt:
1245 4614 1285 4669 ἰὴ
1296 4624 1325 4667 ι
