3046 5084
678 379 796 430 mcv
815 380 981 431 ΕΡΙΡΗΑΝΙΙ

183 763 187 773 ,
221 717 238 773 ’,
344 704 393 788 Τῷ
417 698 450 765 δέ
475 694 556 786 αῦτρῖ
576 695 678 788 τρόπω
704 697 757 773 τάς
778 699 918 784 τέσσαρας
938 697 1045 776 ταύτας
1066 702 1192 786 αίρέσεις
1213 700 1409 786 ἀνατρεπτέον

257 803 307 872 διαί
326 801 381 886 τήν
402 803 561 884 συντομίαν
581 807 635 883 τῆς
655 795 854 884 άναγνῶσεως.
895 798 1053 866 Ἐντεῦθεν
1069 805 1119 868 καλ
1139 800 1275 887 άνωτέρω
1290 804 1407 883 λοιπδν,

256 903 297 983 τίς
316 908 410 987 έφην,
439 902 573 983 ποιηταί,
603 898 836 985 ἱστοριογράφον,
869 901 1086 987 ιλογογράφοι,
1115 901 1290 990 άστρονόμοι
1307 931 1339 970 τε
1356 910 1407 971 καί

256 1011 288 1074 οί
306 1004 342 1072 τά
364 1003 435 1070 άλλα
455 1010 508 1085 τῆς
528 1000 641 1084 πλάνης
658 1001 894 1086 είςηγησάμενοι,
922 1007 954 1068 σί
969 1004 1241 1087 παρασκευάσαντες
1261 1005 1312 1073 τδν
1333 1015 1409 1073 νοῦν

256 1111 304 1175 ἐπὶ
321 1110 430 1191 μυρίας
443 1101 536 1180 κακάς
554 1106 650 1180 αίτίας
669 1105 721 1168 καί
737 1101 908 1188 άναγωγάς,
931 1103 1095 1170 ίσκότωσαν
1113 1110 1164 1171 καὶ
1179 1107 1332 1173 έθάλωσαν
1351 1107 1409 1191 την

255 1217 308 1293 τῆς
328 1205 561 1289 άνθρωττάτητος
578 1202 740 1287 ύπύληψιν.
784 1206 845 1269 Καί
865 1208 982 1290 γέγονεν
1003 1206 1078 1290 αῦτη
1096 1207 1198 1291 πρῶτη
1220 1208 1326 1291 πλάνη,
1345 1212 1406 1276 έπέ

254 1336 324 1378 νοια
347 1307 475 1374 είδῶλων
498 1309 549 1372 καί
574 1310 786 1389 κακοδαιμονία
806 1311 1002 1385 διδασκαλίας.
1038 1302 1096 1374 Ἠν
1121 1312 1152 1376 δέ
1178 1309 1214 1375 τά
1236 1309 1333 1375 πάντα
1357 1338 1406 1394 με-

255 1413 428 1499 μερισμένα,
455 1405 642 1493 Ἑλληνισμός
659 1433 689 1472 τε
705 1409 757 1474 καλ
769 1405 961 1491 Ἰονδαϊσμάς
1002 1408 1184 1494 Ἰουδαϊσμδς
1201 1410 1286 1477 ούπω
1303 1411 1408 1496 πρότε-

255 1541 309 1601 ρον
332 1511 529 1594 καλούμενος,
563 1508 632 1576 άλλά
653 1507 703 1575 διά
724 1516 778 1574 τοῦ
799 1507 911 1593 Ἰσραὴλ
935 1508 968 1576 τδ
992 1511 1149 1596 έπῶννμον
1171 1521 1224 1596 τῆς
1242 1518 1408 1597 θεοσεβοῦς

254 1620 415 1702 θρησκείας
430 1615 665 1696 έπικεκλημένος,
681 1613 737 1688 έως
752 1610 800 1677 ὅτε
814 1615 949 1696 διαδοχαὶ
964 1616 1155 1699 γεγέννηνται.
1185 1612 1219 1679 ‘0
1232 1614 1287 1701 γάρ
1305 1622 1406 1681 Ναασ-

254 1717 315 1787 σῶν
330 1714 350 1784 ύ
365 1720 396 1784 έν
410 1722 446 1806 τῇ
462 1714 561 1803 έρύμρτ
578 1711 704 1800 γεγονῶς
717 1712 866 1800 φύλαρχος
879 1723 932 1798 τῆς
947 1723 1043 1798 φυλῆς
1054 1714 1153 1780 Ἰούδα
1165 1725 1251 1806 γεννᾷ
1265 1715 1316 1782 τδν
1329 1725 1405 1782 Σαλ·

255 1821 335 1906 μῶν,
365 1816 492 1901 Σαλμῶν
509 1824 595 1904 γεννᾷ
612 1815 664 1881 σύν
683 1814 777 1895 Βοῦς,
809 1815 887 1892 Βοδς
902 1825 990 1905 γεννᾷ
1006 1816 1182 1900 τδνΏβὴδ,
1208 1817 1303 1903 Ὠβὴδ
1317 1828 1407 1907 γεννᾷ

219 1908 226 1923 ⁶
253 1921 306 1989 τδν
319 1920 437 1999 Ἰεσσαί,
467 1920 542 1985 ’έπί
559 1926 618 1984 τῶν
630 1922 782 2002 θεοσεβῶν
795 1915 977 2003 Ἰσραηλιτῶν
991 1921 1185 2002 καλουμένων.
1225 1920 1329 1987 Ἰεσσαὶ
1344 1948 1405 2006 γεν-

254 2031 292 2113 νᾷ
314 2021 366 2089 τδν
384 2024 483 2103 Δαβὶδ
503 2018 555 2086 τάν
577 2022 712 2103 βασιλέα,
740 2018 775 2097 δς
794 2028 911 2105 πρῶτος
927 2024 1110 2103 ἐβασίλευσεν
1130 2023 1163 2087 ίκ
1184 2032 1279 2107 φυλῆς
1292 2021 1403 2089 Ἰούδα·

255 2131 285 2206 έξ
301 2118 338 2192 ού
352 2121 457 2190 λοιπδν
474 2125 506 2189 οί
517 2121 591 2188 κατά
604 2120 745 2205 διαδοχὴν
760 2126 888 2205 βασιλεῖς
909 2125 942 2189 έκ
957 2130 1011 2188 τοῦ
1026 2125 1190 2208 σπέρματος
1204 2123 1312 2205 αῦτοῦ,
1339 2125 1406 2202 υίδς

253 2226 460 2310 διαδεχόμενος
479 2228 606 2309 πατέρα,
635 2229 764 2306 καθεξῆς
785 2222 1000 2306 συνεστήκασιν.
1035 2216 1093 2290 Ἠν
1112 2227 1145 2291 δέ
1165 2225 1223 2311 πρδ
1242 2224 1335 2293 αῦτοῦ
1350 2234 1405 2293 τοῦ

255 2333 354 2414 Δαβίδ
373 2326 391 2394 δ
411 2326 500 2410 φύσει
519 2334 636 2413 πρῶτος
654 2324 827 2409 βασιλεύσας
849 2326 880 2389 έν
899 2322 1011 2409 Ἰσραιὶλ
1029 2326 1143 2408 Σαούλ,
1171 2328 1238 2406 υίδς
1257 2331 1343 2409 Κείς,
1370 2333 1405 2396 έκ

144 2465 194 2511 μς.
210 2453 241 2497 ιι
254 2439 351 2516 φυλῆς
372 2435 518 2514 Βενιαμίν.
563 2430 623 2493 Καὶ
645 2423 742 2492 ούκέτι
760 2423 851 2490 αῦτδν
864 2429 1009 2505 διεδέξατο
1030 2427 1111 2510 αίδς,
1138 2428 1208 2496 άλλά
1229 2433 1348 2515 μετέστη
1370 2430 1404 2498 τδ

253 2541 401 2621 βασίλειον
415 2530 465 2598 διά
481 2532 581 2612 Δαβλδ
595 2526 714 2614 πρῶτον
730 2530 772 2604 είς
787 2524 840 2610 τὴν
852 2526 949 2611 φυλὴν
960 2525 1066 2596 Ἰούδα.
1110 2538 1236 2619 Πρῶτος
1251 2532 1306 2619 γάρ
1324 2531 1405 2623 αύτῷ

254 2645 295 2726 τῷ
308 2633 416 2718 Ἰακοίβ
428 2639 500 2708 παῖς
512 2633 622 2716 γίνεται
635 2626 775 2714 Ῥουβίμ,
803 2629 937 2714 δεύτερος
950 2631 1092 2714 Σνμεοίν,
1120 2638 1217 2720 τρίτος
1230 2639 1339 2717 Λευῒς,
1361 2639 1403 2703 τέ-

255 2762 359 2823 ταρτος
371 2733 498 2808 Ἰούδας·
527 2734 556 2810 έξ
576 2724 614 2798 οῦ
629 2739 786 2798 καλοῦνται
798 2728 952 2811 Ἰουδαῖοι,
981 2733 1031 2801 διά
1053 2733 1107 2818 τὴν
1124 2735 1222 2821 φυλὴν
1234 2736 1331 2804 Ἰούδα
1350 2745 1405 2805 τοῦ

256 2841 290 2906 έν
318 2845 371 2903 τοῦ
392 2837 495 2923 γένους
515 2842 574 2900 τῶν
595 2839 763 2919 θεοσεβῶν,
796 2839 827 2900 οί
846 2837 887 2912 είς
908 2835 940 2901 τδ
963 2834 1057 2921 άνομα
1078 2845 1165 2904 τοῦτο
1187 2839 1402 2923 μεταπεσόντες.

254 2944 427 3006 Ἐκαλοῦντο
449 2945 522 3024 γοῦν
543 2934 647 3023 πρωίην
666 2934 837 3023 Ἰσραηλίται
858 2940 889 3003 οί
906 2941 957 3003 καί
976 2936 1122 3007 Ἰουδαῖοι.

120 3171 187 3240 χω,
206 3167 237 3240 β’,
330 3142 418 3219 ’Ἕως
440 3142 545 3209 τούτου
565 3149 617 3208 τοῦ
632 3141 740 3227 χρόνον
754 3140 951 3225 σννήφθησαν
967 3146 1001 3208 αί
1012 3145 1147 3228 τέσσαρες
1162 3148 1256 3233 γενεαί
1277 3155 1329 3231 τῆς
1349 3154 1404 3235 γῆς

253 3254 313 3315 τῶν
337 3245 484 3329 τεσσάρων
509 3244 683 3329 τμημάτων,
714 3244 827 3311 τούτων
848 3247 1057 3330 διαιρεθέντων
1082 3247 1157 3312 κατά
1183 3247 1255 3326 τούς
1278 3249 1403 3333 χρόνους

255 3354 311 3428 ἕως
330 3358 385 3416 τοῦ
405 3354 510 3433 καιροῦ
532 3345 637 3413 τούτου
660 3354 714 3412 τοῦ
735 3345 866 3412 ἐνταῦθά
889 3374 940 3430 μοι
961 3351 1162 3432 δεδηλωμένον
1184 3351 1235 3416 καὶ
1256 3352 1401 3428 ἐπέκεινα,

256 3455 402 3517 τουτέστιν
424 3448 483 3516 άπδ
499 3447 592 3532 Ἀδάμ
614 3451 669 3526 ἕως
690 3456 743 3514 τοῦ
766 3455 836 3514 Νῶε
855 3450 1078 3535 Βαρβαρισμύς,
1104 3448 1164 3518 άπδ
1186 3458 1240 3517 τοῦ
1257 3457 1327 3516 Νῶε
1347 3453 1403 3528 ἕως

257 3558 311 3617 τοῦ
331 3555 447 3640 πύργον
467 3555 518 3620 καί
539 3549 653 3637 Σερούχ
673 3549 744 3634 μετά
771 3550 825 3617 δύο
852 3550 973 3638 ιγενεάς
999 3561 1053 3618 τοῦ
1076 3552 1192 3639 πύργου
1220 3550 1402 3639 ἡΣκυθικη

258 3657 483 3737 δεισιδαιμονία,
512 3657 564 3720 καί
587 3655 736 3736 μετέπειτα
758 3650 818 3719 άπδ
840 3661 893 3720 τοῦ
912 3653 1028 3741 πύργου
1049 3657 1099 3720 καὶ
1114 3653 1227 3741 Σερούχ
1246 3653 1403 3744 καὶἈράμ

258 3757 315 3831 έως
331 3763 383 3819 τοῦ
397 3754 535 3841 Ἁβραάμ
549 3754 566 3823 δ
581 3753 782 3838 Ἑλληνισμδς,
801 3753 861 3822 άπδ
877 3754 985 3822 τούτου
999 3758 1050 3821 καί
1066 3765 1125 3822 τῶν
1139 3760 1289 3840 μετέπειτα
1301 3761 1403 3826 θεοσέ-

258 3860 324 3941 βεια
341 3861 544 3942 συναπτομένη
562 3866 603 3948 τῷ
618 3855 697 3946 αύτῷ
711 3853 864 3942 Ἀβραάμ,
893 3854 952 3923 άπδ
966 3863 1020 3923 τοῦ
1033 3856 1108 3923 κατά
1123 3859 1263 3947 διαδοχὴν
1277 3864 1403 3951 σπέρμα·

258 3984 309 4035 τος
325 3954 432 4037 αύτοῦ,
462 3962 590 4025 τουτέστι
610 3968 664 4025 τοῦ
680 3957 794 4039 Ἰούδα,
816 3957 869 4040 εἶφ’
887 3951 978 4045 ούπερ
992 3955 1189 4045 Ἰουδαϊσμός·
1219 3960 1260 4042 ῶς
1275 3966 1318 4030 ἔτι
1332 3992 1404 4049 μαρ·

257 4069 341 4144 τυρεῑ
360 4086 412 4142 μοι
431 4055 450 4123 ύ
470 4061 713 4147 πνευματοφόρος
735 4063 786 4127 καί
808 4061 891 4147 άγιος
916 4067 970 4127 τοῦ
989 4069 1065 4126 θεοῦ
1087 4061 1251 4144 άπάστολος
1273 4072 1402 4144 Παῦλος,

257 4157 318 4229 οίδί
335 4188 400 4240 πως
417 4163 523 4248 λέγων,
555 4160 615 4243 ὅτι,
646 4160 702 4228 Ἐν
720 4170 837 4251 Χριστῷ
851 4160 947 4245 Ἰησοῦ
961 4160 998 4228 οῦ
1014 4163 1181 4253 βάρβαρος,
1211 4164 1251 4233 οῦ
1264 4162 1403 4248 Σκύθης,

259 4261 453 4348 ούχἜλλην,
484 4261 540 4328 ούκ
558 4261 714 4346 Ἰουδαῖος,
743 4263 813 4330 άλλά
835 4262 924 4348 καινύ
948 4270 1054 4347 κτίσις,
1085 4265 1185 4348 ἐπειδη
1207 4269 1238 4343 ίξ
1259 4261 1402 4351 ύπαρχῆς,

259 4365 307 4432 ὅτε
322 4371 433 4433 ίκτιστο
455 4363 476 4451 ἡ
494 4370 600 4447 κτίσις,
633 4366 722 4451 καινοὶ
736 4359 812 4433 ούσα
825 4363 913 4433 ούδέν
928 4394 956 4433 τι
971 4368 1189 4454 διαφορώτερον
1203 4369 1283 4450 ἔσχεν
1296 4364 1400 4451 ὄνομα.

292 4521 350 4572 cu.
370 4525 388 4574 1.
409 4553 443 4566 -
471 4525 492 4576 1.
508 4519 663 4591 λογογράφοι
682 4526 739 4575 editi
753 4525 814 4572 λλδτί.
883 4520 942 4573 Gn.
961 4526 990 4576 11.
1009 4551 1040 4564 -
1060 4522 1082 4578 1.
1101 4524 1174 4587 λ’νλρο
1189 4522 1285 4591 γενεᾶς.

290 4592 315 4644 ’λ
331 4593 382 4642 Non
395 4595 517 4656 defuerunt
531 4596 571 4656 φιλ
583 4595 756 4656 nummu·
771 4588 816 4643 (u-
