3046 5084
254 381 313 442 166
670 386 789 438 mm
807 386 976 437 εειεεῐκαιι

255 529 348 588 μονας
366 504 417 568 καί
434 501 505 568 ἕπτύ
521 502 680 584 πνεύματα.
725 500 854 587 Φωρατή
872 502 905 566 δὲ
919 497 1032 565 τούτων
1048 497 1069 581 ή
1084 505 1137 583 τῆς
1154 497 1266 581 πλάνης
1281 508 1402 582 μιμολο-

253 609 311 690 γία.
352 603 416 668 Ἀπ’
434 602 523 687 ἀρχῆς
539 602 594 689 γύρ
611 606 662 669 ἕνα
677 605 789 687 πατίρα
803 604 933 687 λέγοντες
948 603 1000 665 καλ
1015 598 1178 686 ὁριζόμενοι
1194 601 1317 685 ύστερον
1331 610 1404 667 πολ·

253 705 324 782 λοῦς
338 703 429 781 θεούς
444 702 612 787 ύπίφηναν,
635 708 677 781 είς
692 703 726 770 τύ
745 708 835 781 δεῖξαι
851 701 944 785 αύτήν
958 702 1012 785 τήν
1026 700 1141 784 πλύνην
1156 699 1225 768 καθ’
1243 705 1348 785 ἑαυτῆς
1364 703 1402 768 τοὶ

253 803 304 872 εἶπ’
324 805 415 889 αύτής
434 810 532 889 ψευθή
552 805 689 891 λεγόμενα
710 803 848 885 ὁπλίζειν,
879 803 985 887 ἑαυτήν
1006 805 1039 868 δὲ
1058 803 1152 881 λύειν,
1180 810 1234 887 τῆς
1255 801 1398 887 ἆληθείας

174 896 177 909 ¹
256 905 303 973 ύελ
325 910 357 973 ἐκ
378 907 487 984 παντὸς
508 909 617 993 μέρους
638 903 853 992 εύρισκομλνης.

344 1113 380 1173 Τί
395 1109 495 1173 τοίνυν
513 1112 586 1173 είπω
604 1107 680 1194 πρὸς
695 1108 741 1186 αλ,
764 1100 950 1183 ύΝικύλαες
979 1109 1007 1171 τί
1022 1104 1265 1190 διαλεχθήσομαις
1295 1106 1400 1188 πόθεν,

254 1202 398 1288 ύοῦτος,
424 1209 507 1291 ήκεις
521 1211 621 1295 φέρων
638 1207 709 1291 ήμῖν
726 1206 844 1293 αίσχρὸν
858 1211 976 1284 Αίῦνα,
1005 1209 1055 1272 καί
1071 1211 1152 1291 ῥίζαν
1169 1216 1326 1293 πονηρίας,
1348 1213 1401 1275 καλ

254 1310 384 1395 Μήτρων
396 1309 583 1395 γεννητικήν,
610 1311 660 1375 καί
676 1308 769 1385 θεούς
782 1308 922 1386 πολλούς,
951 1309 1001 1372 καί
1021 1312 1177 1392 θαίμονας;
1205 1306 1238 1374 Ὁ
1252 1309 1309 1396 γύρ
1325 1309 1401 1376 ύπύ-

254 1419 354 1486 στολος
369 1410 481 1493 φήσας,
510 1415 606 1497 Είπερ
623 1413 678 1475 είσλ
694 1410 842 1495 λεγόμενοι
855 1412 941 1489 θεολ,
969 1407 1026 1474 οῦκ
1040 1407 1115 1475 εἶναι
1129 1410 1255 1487 τούτους
1268 1409 1401 1494 ύποφαί·

254 1538 308 1579 νει.
348 1511 400 1577 Ἐν
419 1520 460 1601 τῷ
480 1511 537 1598 γῦρ
557 1515 649 1577 εἰπεῖν
663 1511 829 1597 Λεγόμενοι
845 1515 951 1587 ἔδειξεν
968 1509 1077 1586 αύτούς
1094 1515 1126 1578 ἐν
1141 1520 1180 1601 τῷ
1195 1515 1331 1598 λίγεσθαι
1347 1512 1400 1597 μύ-

253 1640 307 1680 νον
328 1611 416 1693 εἶναι,
448 1613 488 1696 μή
510 1612 596 1689 ὄντας
616 1621 653 1702 τῇ
672 1609 844 1691 ύποστύσει,
872 1610 942 1677 ύλλολ
963 1611 1012 1678 διὰ
1032 1619 1086 1694 τής
1101 1640 1190 1679 τινων
1209 1612 1398 1697 ύπολήψεως.

252 1713 338 1798 Ἡμῖν
354 1717 397 1794 θλ,
419 1717 520 1797 φησίν,
543 1713 585 1791 εἷς
599 1713 681 1789 θεύς,
703 1713 839 1795 δηλονότι
851 1723 914 1790 τοῖς
927 1713 980 1796 τήν
993 1721 1101 1799 γνῶσιν
1114 1722 1166 1795 τῆς
1180 1713 1320 1798 ύληθείας
1335 1719 1398 1781 ἐπι·

254 1819 413 1899 αταμίνοις.
457 1818 516 1881 Καί
535 1813 593 1882 οῦκ
614 1814 678 1881 είπε
697 1813 853 1901 λεγόμενον
875 1814 964 1895 θεύν,
995 1813 1065 1880 ύλλῦ
1086 1814 1157 1881 ύνεα
1177 1816 1261 1882 θεόν.
1304 1820 1346 1880 El
1367 1819 1400 1882 θλ

253 1915 326 2002 ήμίν
337 1915 380 1994 είς
392 1916 474 1998 θεύς,
497 1915 593 1983 οῦκίτι
608 1918 709 1983 πολλοί
722 1922 797 1981 θεοί.
842 1919 901 1982 Καί
917 1915 935 1982 ύ
950 1915 1053 2002 κύριος
1066 1919 1098 1982 ἐν
1115 1923 1156 2005 τῷ
1172 1914 1324 2006 εὐαγγελίῳ
1340 1944 1398 1999 φη-

254 2021 315 2099 σίν,
335 2019 401 2084 Ἵνα
422 2017 585 2104 γινύσκωσί
605 2040 637 2082 σε
655 2016 706 2083 τύν
722 2016 814 2100 μόνον
832 2016 975 2100 ύληθινόν
990 2016 1079 2096 θεὸν,
1108 2020 1159 2082 ἵνα
1176 2015 1327 2109 ύνατρίιμη
1345 2017 1399 2102 τήν

253 2120 388 2187 ῦιύνοταν
409 2127 467 2186 τῶν
488 2120 524 2185 τύ
547 2119 674 2202 μυθώδη
696 2118 838 2206 λεγόντων
862 2120 913 2186 καλ
934 2118 1110 2202 νομιζόντων
1131 2115 1205 2185 εἶναι
1226 2126 1398 2186 πολυθεΐαν.

254 2220 312 2297 Εἷς
325 2220 381 2309 γύρ
398 2219 481 2305 ήμῶν
497 2225 574 2288 ἔστιν
589 2218 607 2286 ύ
623 2219 710 2299 θεύς,
737 2219 833 2305 πατήρ
851 2222 903 2286 καλ
917 2219 984 2296 υίύς
997 2222 1048 2286 καλ
1063 2220 1147 2305 ῦγιον
1165 2227 1294 2306 πνεῦμα,
1322 2232 1399 2308 τρεῖς

253 2321 443 2403 ύποστύσεις,
464 2328 517 2406 μία
531 2321 686 2408 κυριότης,
709 2326 761 2403 μία
775 2320 899 2404 θεύτης,
922 2327 975 2402 μία
989 2326 1156 2407 θοξολογία,
1178 2325 1228 2388 καλ
1248 2321 1285 2390 οῦ
1298 2326 1399 2390 πολλοὶ

147 2458 197 2502 ηις.
210 2445 242 2489 ει.
256 2430 329 2491 θεοί.
376 2432 445 2491 Ποῦ
463 2426 495 2491 θλ
511 2431 673 2510 πληροῦται
687 2421 762 2488 κατύ
778 2424 824 2502 οὲ,
852 2416 877 2488 ού
895 2421 1040 2502 Νικόλαε,
1068 2423 1101 2488 τύ
1120 2421 1181 2489 ύπύ
1198 2432 1251 2491 τοῦ
1266 2432 1398 2510 σωτῆρος

253 2529 404 2612 είρημίνσν
420 2526 481 2605 ὅτι,
503 2528 591 2590 Εἰσὶν
607 2523 740 2608 εύνοῦχοι
757 2528 863 2600 οίτινες
879 2521 1112 2607 εὐνουχίσθησαν
1127 2522 1188 2592 ύπύ
1206 2531 1262 2592 τῦν
1278 2523 1395 2610 α’νθρού·

253 2653 334 2707 πων,
356 2632 406 2692 καί
422 2631 493 2692 είσιν
508 2625 642 2709 εῦνοῦχοι
657 2632 688 2692 οἳ
704 2630 737 2692 ἐκ
758 2633 889 2711 ιγενετῆς
906 2625 1119 2711 ἐγεννήθησαν,
1141 2633 1192 2694 καί
1207 2630 1279 2694 τίειν
1294 2623 1396 2691 εῦνυῦ·

253 2755 298 2812 χοι
311 2733 416 2804 οἵτινες
429 2725 599 2811 εῦνούχισαν
614 2726 736 2804 ἑαυτούς
750 2727 800 2792 θιύ
815 2725 869 2810 τήν
882 2731 1029 2810 βασιλείαν
1042 2736 1101 2794 τῦν
1115 2727 1263 2814 ούρανῶνς
1283 2730 1327 2792 Εί
1338 2731 1396 2793 τοί-

252 2857 307 2895 νυν
322 2828 457 2912 εύνοῦχοί
471 2833 527 2894 εἰσι
540 2827 590 2894 ῦιιλ
606 2827 658 2913 τήν
677 2834 823 2913 βασιλείαν
840 2835 899 2894 τῶν
913 2826 1057 2914 ούρανῶν,
1076 2837 1141 2905 πῶς
1158 2830 1196 2897 σύ
1211 2827 1332 2897 σεαντύν
1345 2855 1396 2895 πε·

252 2930 413 3013 πλύνηκας,
433 2933 484 2997 καλ
497 2931 566 3007 τούς
579 2953 626 2997 σοι
639 2933 838 3014 πειθομένους
853 2928 903 2995 διύ
918 2936 1051 3016 λαγνείας
1064 2933 1114 2996 καί
1127 2935 1331 3019 αίσχροποιλας
1344 2930 1399 3015 τήν

253 3031 395 3117 ύλήθειαν
409 3040 463 3099 τοῦ
477 3039 552 3099 θεοῦ
565 3037 597 3099 ἐν
609 3032 707 3123 ἀδικίη
721 3034 849 3115 κατέχων
864 3034 915 3098 καὶ
931 3031 1079 3098 διδάσκων
1084 3059 1094 3110 ,·
1119 3039 1188 3099 Ποῦ
1204 3036 1237 3101 θλ
1252 3033 1335 3120 παρὰ
1349 3035 1400 3100 σολ

252 3133 439 3220 πεπλήρωται
459 3133 508 3213 τύ,
542 3137 618 3220 Περὶ
636 3142 694 3200 τῶν
715 3137 874 3220 παρθένων
898 3135 955 3199 ’δὲ
976 3131 1117 3219 ἐπιταγήν
1133 3140 1241 3221 κυρίου
1259 3134 1315 3201 ούκ
1331 3138 1399 3218 ἔχω,

252 3237 370 3325 γνούμην
392 3238 423 3300 δὲ
444 3240 550 3318 δίδωμι
572 3234 613 3312 ούς
628 3235 800 3319 ήλεημένος,
831 3236 864 3302 τύ
880 3233 970 3301 καλύν
987 3235 1081 3312 ούτως
1098 3233 1181 3301 εἶναι.
1224 3239 1285 3300 Καὶ
1301 3233 1400 3314 πάλιν,

251 3337 450 3425 Ἡπαρθένος
465 3345 590 3426 μεριμνᾷ
604 3336 641 3402 τύ
658 3345 712 3404 τοῦ
728 3342 834 3423 κυρίου
851 3342 916 3413 πῶς
930 3334 1026 3422 ύρίσει
1040 3344 1081 3426 τῷ
1095 3341 1204 3426 κυρίη,
1225 3340 1276 3401 ἵνα
1292 3328 1314 3425 ή
1330 3333 1399 3420 ύγία

252 3442 283 3505 ίν
297 3440 409 3525 σύματι
421 3442 472 3506 καί
488 3443 520 3505 ἐν
534 3438 684 3522 πνεύματι.
716 3441 776 3504 Καί
788 3439 866 3506 πόσα
880 3442 940 3504 ἔστι
955 3441 1022 3524 περί
1038 3437 1154 3525 ύγνείας
1167 3440 1218 3505 καλ
1232 3440 1399 3523 ἐγκρατείας

251 3543 301 3606 καλ
317 3547 479 3628 παρθενίας
492 3543 597 3627 λίγειν;
621 3541 712 3628 Παρὰ
728 3549 784 3608 σοῦ
799 3541 855 3628 γὰρ
872 3539 889 3607 ύ
906 3548 966 3618 πᾶς
980 3539 1128 3627 βόρβορος
1143 3546 1197 3624 τῆς
1212 3537 1400 3625 ἀκαθαρσίας

251 3638 448 3724 ἀναισχύντως
465 3641 594 3729 ὁρίζεται.
635 3641 718 3709 ’Aua
740 3643 789 3710 διὰ
808 3652 867 3710 τῶν
888 3643 943 3708 δύο
961 3641 983 3726 ή
1001 3647 1090 3728 τριοῐν
1103 3640 1217 3709 τούτων
1231 3644 1330 3728 ήητῦν
1346 3648 1402 3726 τῆς

250 3743 462 3826 καταγελάστου
483 3748 622 3833 αίρίσεως
641 3744 717 3832 πρύς
738 3744 906 3834 ύνατροπήν
924 3754 987 3821 τοῖς
1004 3743 1226 3831 ἐντυγχάνουσιν
1247 3741 1266 3812 ύ
1287 3742 1401 3819 σκυτεύς

252 3842 382 3909 ίνταῦθύ
404 3872 456 3927 μοι
476 3851 676 3935 παρακείσθω.

117 4258 182 4326 Κεφ.
204 4253 233 4322 ἴ.
337 4247 459 4337 Προιούν
475 4250 508 4316 θλ
523 4256 653 4336 καθεξῆς
667 4253 721 4337 τήν
738 4252 834 4345 τούτῳ
849 4255 1076 4342 συντζεωγμίνην
1092 4256 1205 4340 0me
1219 4249 1316 4336 3⁹⁸²?
1334 4274 1401 4337 λθί·

250 4350 457 4435 τομανήσασαν
476 4352 564 4437 ύλην,
592 4352 613 4438 ἢ
634 4354 723 4432 θύσος
741 4354 883 4424 ύκανθῦν
898 4357 1086 4442 πανταχόθεν
1105 4353 1352 4437 ῑσυεηνωβὲνων,
1382 4350 1402 4437 ἢ

292 4508 351 4559 (λετ.
363 4511 406 4563 vt.
417 4538 451 4551 -
464 4514 487 4564 1.
502 4513 575 4576 λὀίςο
587 4514 695 4566 menam
708 4516 734 4566 λα
744 4514 809 4566 lim
873 4516 899 4567 2.
916 4514 946 4570 ολ
963 4531 1009 4567 σοι.
1023 4515 1075 4567 τοῦ.
1091 4512 1164 4562 Vm.

251 4583 385 4644 ίῑθηῖῦῖς·
874 4583 934 4633 Gn.
945 4584 1000 4635 vn.
1015 4610 1048 4621 -
1065 4583 1088 4632 1.
1103 4576 1282 4646 συνηνωμένον
1295 4580 1404 4642 rescripti
