3046 5084
349 365 485 418 eauauu
503 367 565 418 uro.
578 368 598 418 r.
614 364 695 418 root.
711 364 754 417 nr.
771 365 870 416 uara.
884 366 940 415 xo.
1161 350 1222 414 547

66 485 220 550 ediderunt
240 483 323 550 Sctbi
347 486 466 550 nomine
487 484 661 570 inscriptos,
695 504 768 569 quos
790 485 827 547 ab
848 505 884 547 eo
905 485 1026 547 traditos
1049 505 1084 547 ac
1103 485 1223 548 reiictos

66 590 220 654 affirmant.
266 586 339 652 item
356 589 430 652 aiios
445 609 510 651 oum
526 587 616 666 iiiios,
636 597 694 650 tum
711 598 821 671 septem
839 588 903 649 eius
920 587 1076 649 liberorum
1092 588 1220 649 nomine.

67 691 205 754 Totidem
226 691 302 755 euim
322 692 358 754 ab
376 711 413 754 eo
431 700 603 771 procreatos
619 689 738 766 volunt,
771 710 845 772 quos
861 683 1043 770 Ἀλλογενεῐς
1060 690 1222 767 nominant,

67 805 99 858 ut
115 793 144 857 in
161 793 227 857 ubis
245 792 431 872 haeresibus,
458 791 667 857 Gnosticorum
685 791 850 854 scilicetne
869 789 1077 856 sethianorum
1096 792 1224 854 ostendi·

66 918 143 960 urus.
190 892 329 960 Ceterum
354 896 401 959 isti
425 895 582 980 propbetas
604 895 678 958 aiios
698 904 944 972 commemorant,
978 891 1152 957 Martiadem
1174 914 1224 957 ne·

67 999 129 1062 seio
152 1019 238 1082 quem
259 1008 291 1062 et
308 995 510 1076 Marcianum,
542 1018 615 1081 qrroe
638 997 667 1060 in
686 997 799 1060 coetum
817 1007 915 1081 raptos
935 996 1021 1058 tertio
1040 995 1086 1058 die
1104 996 1226 1060 descen-

68 1102 146 1164 disse
170 1101 291 1185 bugum.
338 1100 457 1163 Addunt
478 1110 510 1160 et
531 1100 603 1163 abas
627 1099 780 1184 plerasque
800 1097 1011 1161 commentitias
1035 1119 1069 1161 ac
1088 1098 1225 1162 ridiculus

69 1203 200 1282 inbutos,
233 1215 261 1267 et
285 1203 314 1265 iu
339 1223 440 1266 verum
464 1213 551 1285 atque
570 1201 797 1286 omnipotentem
816 1202 900 1263 deum
920 1211 1029 1284 patrem
1048 1200 1156 1264 domiui
1174 1223 1226 1264 oo-

68 1306 120 1370 stri
136 1303 205 1391 iesu
219 1302 331 1368 Christi
347 1304 559 1367 contumeliose
577 1303 664 1366 inuita
682 1303 822 1366 iactitant.
864 1300 1029 1388 Principem
1047 1302 1123 1367 iiurrc
1138 1314 1168 1366 et
1182 1305 1226 1366 iu-

68 1417 222 1472 ueniorem
238 1407 334 1469 omnis
353 1427 420 1470 esso
436 1405 600 1490 nequitiae,
633 1415 664 1469 ut
681 1406 726 1469 vei
745 1406 806 1490 ipsa
823 1427 875 1467 sun
892 1407 1079 1470 confossione
1095 1406 1227 1490 iugulen-

69 1521 127 1574 tur.
174 1508 251 1572 Nam
274 1509 299 1573 si
323 1509 464 1572 malorum
482 1510 621 1572 inventor
642 1508 668 1571 is
688 1529 723 1571 ac
742 1508 894 1571 madelinus
917 1520 980 1586 est,
1011 1529 1109 1571 nonne
1131 1508 1226 1572 bonus

69 1613 117 1676 rei
133 1633 170 1676 eo
187 1613 250 1697 ipso
266 1610 520 1696 comprobabitur,
545 1621 577 1673 ut
592 1612 656 1675 aliis
674 1610 844 1675 haeresibus
864 1611 1040 1691 obiecimus,
1066 1613 1140 1696 quod
1156 1633 1226 1674 coo·

70 1727 116 1779 tro
131 1727 243 1799 stupra,
268 1713 421 1788 adulteria,
447 1712 565 1796 rapinas
580 1735 615 1776 uo
631 1712 804 1799 cupiditates
820 1724 849 1776 et
866 1714 987 1778 iniurias
1003 1715 1122 1777 decreta
1140 1716 1227 1778 multu

71 1816 253 1881 condiderit?
303 1814 380 1878 Nam
408 1812 581 1877 ludaeorum
609 1816 688 1878 idum
713 1835 781 1878 esse
803 1816 886 1877 deum
912 1817 1010 1900 utiquc
1034 1818 1225 1881 coutitent-ur.

69 1917 187 1983 ludaeis
203 1939 292 2004 porro
309 1921 403 2003 legem
418 1918 497 1981 iiiam
514 1917 595 1995 rotir,
620 1939 675 2001 qua
693 1928 761 1979 suut
776 1938 810 1979 ea
828 1917 924 1980 omnia
943 1918 1086 2002 probibita
1105 1941 1227 2002 quorum

69 2023 208 2086 iurentur
223 2022 259 2085 ab
277 2021 334 2084 iilis
351 2019 507 2084 asseritur.
552 2017 683 2084 Satanae
700 2040 772 2082 vero
789 2030 873 2103 pater
890 2020 937 2103 qui
955 2021 1069 2082 demum
1088 2021 1228 2106 appellari

70 2135 183 2210 potest,
216 2123 347 2207 quitum
369 2123 457 2187 muita
480 2125 624 2187 adsersus
646 2122 724 2185 ilium
747 2122 888 2198 ediderit,
921 2122 946 2183 si
970 2122 1005 2184 ab
1030 2124 1078 2186 iiio
1100 2144 1225 2203 summo,

70 2247 156 2312 quem
172 2227 256 2289 deum
272 2225 435 2304 nominant,
454 2226 567 2289 alienus
582 2236 640 2304 est,
656 2245 712 2287 uec
726 2224 801 2286 idem
817 2234 862 2286 est
878 2225 1062 2308 omnipotens
1078 2226 1127 2288 itte
1142 2227 1227 2305 deus,

68 2350 128 2394 rex
143 2341 173 2391 et
190 2327 324 2392 dominus
341 2339 459 2406 noster,
484 2330 531 2413 qui
548 2328 577 2391 in
597 2329 662 2412 iege
679 2337 709 2389 et
724 2325 885 2410 evengeiiis
903 2349 936 2388 ac
956 2328 1121 2413 propbetis,
1147 2341 1177 2391 et
1192 2328 1229 2391 ab

71 2431 212 2516 apostolis
229 2431 412 2508 celebratur,
437 2436 571 2493 Domtims
586 2436 671 2504 deus,
695 2441 825 2509 deputer
840 2434 948 2490 domini
959 2435 1054 2490 nostri
1066 2435 1130 2491 Iesu
1146 2435 1382 2513 cartaeorum.

70 2539 131 2596 eti?
159 2543 189 2596 ut
207 2534 283 2596 idem
299 2543 400 2618 aperte
416 2530 553 2597 Christus
569 2534 598 2596 in
617 2531 771 2616 evaugelio
789 2542 912 2594 testatur
929 2533 972 2596 bis
990 2532 1108 2595 verbis:
1134 2536 1228 2614 Confi·
1242 2545 1327 2593 Macra.

72 2648 133 2699 teor
149 2638 211 2709 tibi,
227 2649 321 2718 poter,
347 2640 457 2698 domine
472 2641 546 2698 coeti
557 2659 592 2698 oc
607 2647 711 2709 terroe,
731 2635 836 2718 quibus
850 2646 960 2721 patrem
975 2657 1060 2699 suum
1075 2636 1228 2703 uuiversu-
1249 2599 1280 2654 u’
1294 2601 1326 2644 ἥ

72 2761 136 2804 rum
161 2740 245 2802 deum
269 2759 337 2801 esse
359 2736 525 2822 significat?

155 2839 342 2904 Mortuerum
359 2861 432 2903 vero
448 2839 693 2904 resurrectionem
712 2851 812 2926 aperte
830 2843 954 2904 inituram
971 2841 1139 2921 denuntiat,
1164 2865 1228 2906 cum
1250 2862 1383 2930 capvnr,

71 2944 112 3008 iia
131 2943 275 3028 loquitur:
309 2946 417 3005 Solvite
435 2946 565 3024 templren
582 2947 651 3018 dcc,
683 2957 713 3006 et
732 2949 762 3005 a'n
782 2946 872 3005 tribur
887 2947 985 3006 diebus
1000 2948 1129 3007 eecr'tubo
1144 2950 1225 3009 illud.
1242 2969 1383 3028 resonate.

71 3043 225 3132 Templum
243 3046 322 3109 enin
341 3067 448 3130 corpus
466 3066 549 3108 sunm
567 3046 708 3122 vocabat,
738 3049 812 3130 quod
831 3046 977 3110 homiuum
996 3049 1128 3112 manibus
1146 3069 1232 3113 ever·

71 3149 197 3227 tebatur,
217 3149 335 3212 booest
348 3148 592 3212 interficiebatur.
633 3146 711 3211 Nam
729 3151 804 3233 quod
819 3170 921 3213 verum
940 3172 1045 3235 corpus
1062 3173 1119 3214 non
1137 3163 1227 3230 esset,

72 3252 124 3316 sed
138 3250 237 3336 specie
252 3252 396 3313 duntaxat
412 3261 584 3335 appareret,
607 3251 768 3315 cuiusmodi
786 3253 825 3315 iiii
844 3254 934 3315 fuisse
952 3263 1097 3332 statuunt,
1123 3275 1231 3337 neqrra-

72 3376 156 3439 quam
180 3353 305 3417 bostium
326 3354 355 3415 in
377 3375 480 3417 manus
502 3353 621 3430 venire,
653 3364 720 3431 aut,
752 3366 783 3417 ut
804 3355 1010 3439 pollicebatur,
1041 3357 1165 3418 excitari
1185 3356 1232 3419 die

72 3458 157 3521 tertia
182 3456 337 3542 potuisset.
386 3455 467 3519 Haeo
491 3456 581 3538 igitur
604 3457 649 3519 dei
674 3457 887 3520 administratio
913 3458 1065 3542 perspicue
1089 3459 1229 3538 declarat,

73 3571 204 3624 mortuos
220 3562 255 3623 ad
273 3561 364 3623 ritam'
380 3560 444 3623 siue
463 3560 519 3622 uda
540 3559 744 3634 controversia
763 3561 895 3637 restitui,
920 3581 974 3623 nec
993 3561 1109 3623 animae
1128 3582 1232 3645 purga-

73 3664 153 3726 tione
170 3662 227 3725 uiia
247 3684 320 3746 opus
338 3684 422 3740 esse,
456 3673 506 3725 aut
520 3663 593 3745 apud
610 3662 743 3745 singulus
760 3673 919 3748 potestates
936 3684 1070 3725 caussam
1090 3663 1129 3726 iiii
1149 3685 1231 3726 suam

72 3784 141 3830 esso
159 3767 371 3849 perorandum,
396 3767 472 3849 quod
491 3765 555 3844 isti,
581 3765 620 3828 uti
639 3765 745 3828 dictum
764 3777 821 3843 est,
847 3776 957 3827 temere
976 3767 1156 3849 praedicant,
1180 3767 1232 3829 sed

73 3888 132 3932 uuo
154 3865 202 3930 dei
220 3866 365 3930 beneficio
385 3868 527 3930 duntaxat
546 3867 695 3952 indigere,
727 3891 784 3954 quo
805 3889 871 3930 cum
893 3866 949 3929 tide
968 3881 1048 3931 recte
1068 3871 1143 3931 iacta
1162 3889 1232 3930 oon-

73 3972 192 4056 iuogat,
225 3981 257 4033 ut
277 3970 312 4033 ad
329 3968 517 4032 Timotheum
536 3970 670 4034 scribens
688 3971 835 4055 apostotus
860 3970 940 4033 bisne
965 3972 1063 4033 verbis
1088 3982 1231 4034 testatur:
1278 3998 1293 4027 a

76 4078 114 4136 tta
129 4077 206 4136 seius
222 4077 357 4155 quomodo
380 4086 406 4134 te
423 4085 553 4153 oporteat
570 4078 599 4135 ἐκ
614 4078 696 4135 domo
716 4078 765 4134 dei
779 4075 939 4146 umbrrlore,
972 4095 1043 4155 quoe
1058 4087 1101 4136 ert
1113 4078 1231 4136 ecclesio
1245 4089 1331 4155 turp.
1341 4093 1373 4149 ta,

72 4182 121 4239 dei
138 4182 210 4250 cici,
243 4179 372 4239 adaman
395 4188 425 4237 et
432 4179 645 4256 firmamentum
663 4181 807 4236 ueritatis:
841 4181 928 4255 Quom
946 4181 1030 4239 rnuln'
1041 4181 1231 4260 relinquentes
1242 4146 1384 4246 antibat.

72 4285 112 4342 ud
126 4282 241 4362 subulas
263 4293 293 4341 et
309 4284 428 4360 ineptius
445 4284 637 4340 da'uerterunt:
668 4282 733 4340 Non
750 4283 939 4360 tirtelb'geutes
959 4304 1009 4342 nec
1031 4304 1102 4363 quoe
1119 4285 1226 4356 dz‘cunt,
1244 4294 1384 4348 t.'t'tm.1,r.

72 4404 124 4446 nec
138 4384 287 4465 dequibus
300 4383 460 4462 affirment.-
483 4382 646 4463 dequibus
660 4393 705 4444 est
716 4385 871 4463 Phygellus
887 4395 916 4444 et
929 4389 1128 4463 Hermogenes.
1169 4382 1229 4449 Sed
1238 4398 1386 4453 extimans.

74 4496 105 4550 et
125 4485 155 4548 iu
173 4485 302 4550 secunda
320 4484 442 4571 epistola
461 4482 664 4570 Hymettueum
687 4507 722 4547 nc
739 4482 882 4549 Pbiictum
901 4488 1049 4550 excidisse
1072 4510 1089 4549 u
1108 4487 1232 4549 veritate

109 4622 299 4675 cxr.V111.-
319 4623 341 4674 1.
358 4624 538 4675 describendum
555 4624 657 4674 arbitror
673 4616 736 4677 ἀλλὰ
754 4624 795 4677 δεῖ
809 4625 859 4690 τῆς
874 4625 918 4677 τοῦ
937 4622 1023 4690 κυρίου
1041 4630 1090 4674 cett.

959 4714 999 4777 35
1013 4711 1029 4750 *
