3046 5084
324 333 459 386 Pdelill
474 333 538 411 Uli.
549 335 570 387 l.
586 334 667 387 ΤΟΜ.
680 336 724 387 nt.
742 335 841 387 natu.
852 336 978 388 xxxta.
1163 324 1223 386 473

76 451 167 521 ulam
181 449 325 516 accedeus
331 457 418 537 jleoit
428 474 514 535 saper
526 475 597 530 mm,
621 465 652 516 et
661 458 745 530 daao't,
770 459 808 517 Si
818 459 994 536 cognovisses
1009 466 1038 516 et
1053 466 1094 530 tu,
1118 466 1149 517 et
1161 460 1222 537 qni·
1236 468 1290 512 tue
1300 467 1332 522 ts,
1343 467 1375 511 tt.

76 557 137 617 &aa
154 558 184 615 in
201 557 256 616 bac
270 558 332 628 dae,
364 559 487 636 quacod
497 578 594 638 pacem
609 568 677 619 sant
690 558 757 619 tibi.-
787 578 861 619 nnnc
876 569 967 618 antem
983 558 1225 619 absconditasrmt

77 659 138 731 tibi,
163 655 306 719 vocabulo
322 656 392 735 isto,
415 660 577 720 abscondito
593 670 671 734 sant,
695 659 838 721 occultam
856 655 944 743 Bythi
960 667 1091 721 naturam
1110 658 1225 721 abstru-

75 779 195 844 somque
210 758 431 823 demonstravit.
476 757 726 844 Quemadmodum
743 771 773 824 et
787 760 866 823 hisce
882 759 996 824 verbis:
1023 765 1119 822 tanate
1132 765 1171 822 od
1183 783 1224 822 ane
1236 774 1321 870 palatzup.

76 883 169 924 omnes
184 866 237 943 qui
249 863 385 924 atomos
392 908 401 936 ,
425 874 456 924 et
468 868 581 924 caman·
593 869 661 925 estis
668 909 676 938 ,
699 875 728 924 et
740 885 793 943 ego
807 865 932 943 reficiam
949 885 1014 937 nos,-
1048 873 1093 940 et,
1118 867 1223 924 Discite
1267 859 1274 882 ’
1314 855 1320 866 ’

76 986 151 1027 ene
163 973 221 1028 eto.
253 960 397 1027 Veritatis
412 976 561 1048 parentem
576 965 720 1028 indicasse
734 965 918 1028 coribrmant.
950 962 1036 1049 Quod
1051 964 1127 1027 enim
1142 964 1225 1047 iguo·

75 1065 196 1143 rabant,
226 1065 378 1150 inquiunt,
409 1065 464 1129 hoc
483 1087 516 1130 se
536 1067 601 1131 illos
623 1067 791 1130 educturum
811 1066 932 1152 recepit.
978 1063 1133 1129 Postremo
1152 1067 1224 1130 baua

75 1167 157 1232 velut
174 1188 270 1232 arcem
288 1168 467 1253 probationis
483 1189 554 1233 suac
572 1190 606 1232 aa
623 1168 768 1253 fastigium
788 1170 955 1253 proferunt,
986 1169 1061 1253 quod
1081 1169 1155 1231 idem
1175 1169 1225 1230 do·

76 1271 171 1335 miuus
189 1271 281 1334 dixit:
307 1274 449 1353 Confiteor
466 1272 519 1334 tobi
532 1277 618 1334 Pater
632 1276 741 1333 domnice
756 1274 830 1333 coeli
841 1293 875 1332 ae
893 1283 1002 1345 terrae,
1025 1275 1091 1352 queit
1107 1273 1223 1333 abscon·
1236 1287 1290 1331 tue.
1300 1286 1332 1341 tt,
1344 1283 1375 1328 tt.

76 1377 147 1435 disti
160 1395 179 1434 a
196 1375 368 1453 sapientibus
385 1385 414 1435 et
426 1376 626 1455 prudentibus,
657 1385 688 1435 et
701 1377 836 1435 revelasti
853 1395 886 1434 eo
899 1376 1044 1455 parvalis:
1077 1379 1116 1435 a'ta
1129 1386 1222 1455 pater,

75 1480 205 1558 qnoniam
225 1497 319 1538 coram
341 1488 368 1538 te
388 1476 587 1556 beneplocatam
609 1488 653 1538 est
670 1479 748 1538 matt.
796 1481 893 1538 Omnia
911 1480 984 1537 mibi
999 1480 1104 1538 tradita
1123 1489 1226 1538 enata

75 1581 162 1640 Patre
175 1599 250 1639 meo:
274 1589 304 1639 et
317 1600 396 1640 nemo
411 1583 491 1641 nom‘t
500 1584 612 1641 Putrem
628 1582 687 1640 nisi
696 1581 787 1640 Filias
795 1624 803 1653 ,
828 1590 857 1639 et
868 1582 972 1640 Fa'lt'am
988 1601 1066 1641 nemo
1081 1583 1160 1640 novit
1171 1584 1230 1640 nisi

76 1684 162 1743 Pater
179 1692 209 1742 et
224 1685 274 1742 cui
287 1683 501 1762 uolaeritfilins
518 1685 654 1743 revelare.
701 1678 816 1764 Quibus
833 1680 932 1744 verbis
947 1681 1099 1743 evidenter
1116 1681 1170 1743 ltoo
1189 1680 1225 1743 ab

76 1781 127 1846 illo
154 1782 332 1846 deciaratum
357 1782 543 1862 existimant,
577 1803 662 1866 quem
688 1782 743 1867 ipsi
767 1779 910 1846 Veritatis
934 1779 1089 1845 Parentum
1116 1793 1226 1845 temera

77 1884 233 1948 commenti
251 1895 337 1963 suut,
369 1885 444 1948 huno
464 1896 619 1970 antequam
638 1880 774 1948 Christus
794 1884 925 1948 venisset
943 1885 1050 1947 neaniai
1070 1884 1159 1949 luisse
1177 1906 1227 1947 oo·

77 1985 208 2070 guitum,
239 1996 341 2051 contra
362 2008 434 2051 vcro
450 1988 526 2051 istud
543 1986 657 2070 colligi,
690 1986 870 2049 conditorem
893 2007 927 2048 ac
946 1997 1106 2050 creatorem
1124 2009 1227 2073 perpe·

78 2101 128 2153 tuo
150 2088 334 2154 manifestum
357 2090 491 2153 omuibus
515 2089 617 2152 luisse.
661 2087 745 2152 Haec
771 2089 847 2150 enim
873 2087 970 2152 ortaria
994 2088 1028 2150 de
1052 2089 1151 2173 ignoto
1175 2092 1224 2152 illo

76 2189 223 2271 Parente,
247 2212 331 2276 quem
351 2190 405 2277 ipsi
423 2192 608 2277 praedicant,
632 2213 649 2254 a
667 2186 787 2254 Christo
805 2190 989 2276 pronuntiata
1007 2212 1064 2253 uon
1083 2191 1225 2256 dubitant.

162 2290 249 2377 Quod
268 2304 364 2357 antem
386 2295 421 2357 ad
441 2294 670 2379 redemptionem
690 2293 833 2377 pertinet,
865 2314 929 2356 eam
950 2314 1044 2377 neque
1064 2293 1154 2378 aspici
1174 2315 1225 2357 ne·
1240 2308 1299 2377 cap.
1315 2305 1377 2358 xx.

77 2416 134 2484 quc
151 2395 357 2481 comprehendi
372 2396 468 2459 auimo
486 2417 572 2481 posse
588 2396 744 2476 definiunt3
777 2405 894 2480 utpote,
927 2417 999 2480 quae
1017 2416 1117 2457 eorum
1136 2407 1229 2459 malet·

77 2499 117 2564 sit
139 2519 213 2584 quae
232 2518 376 2583 peraeque
395 2497 538 2562 contineri
558 2519 594 2562 ac
611 2499 703 2563 videri
726 2508 881 2584 nequeant.
928 2496 1028 2583 Quare
1045 2520 1109 2561 ouau
1127 2499 1227 2562 incon·

77 2613 161 2668 stans
177 2611 264 2686 atque
279 2600 424 2664 instabilis
440 2601 497 2679 sit,
529 2622 661 2665 oonuua
677 2601 755 2665 illam
773 2622 808 2664 ac
823 2587 1059 2686 simplexoratio
1076 2601 1227 2687 complecti

76 2714 191 2792 potest,
223 2701 359 2788 quoniam
382 2703 418 2766 ab
441 2724 615 2789 unoquoque
635 2703 750 2767 illorum
774 2724 825 2788 pro
850 2725 904 2767 sno
929 2714 998 2767 nutu
1022 2725 1057 2767 ac
1079 2703 1228 2770 voluntate

77 2806 212 2871 traditur.
257 2802 337 2888 Quot
354 2807 430 2868 euim
449 2816 518 2870 sunt
536 2806 614 2870 illius
631 2805 775 2890 dogmatis
794 2827 828 2869 ao
847 2808 1052 2892 mysteriorum
1070 2807 1226 2886 antistites,

78 2909 197 2973 totidem
214 2918 243 2970 et
258 2907 473 2992 redemptiones
489 2929 557 2973 esse
573 2909 683 2975 dicunt.
728 2907 891 2973 Enimvero
907 2920 996 2973 totam
1010 2910 1085 2973 illam
1101 2911 1227 2996 speeiem

78 3023 165 3096 atque
183 3031 315 3096 pompam
331 3011 463 3074 eiurandi
478 3010 658 3096 baptismatis
675 3013 856 3096 iterataeque
871 3013 947 3075 illius
961 3033 978 3075 a
994 3013 1049 3076 deo
1063 3013 1228 3097 generatio·

78 3113 125 3178 nis
139 3113 233 3198 gratia
249 3123 279 3175 et
291 3111 471 3176 abiiciendae
487 3112 552 3176 fidei
567 3135 583 3176 a
600 3109 711 3178 Satara
727 3115 878 3177 confictam
895 3135 973 3195 esse,
992 3135 1046 3179 suo
1063 3117 1139 3194 loco,
1164 3138 1227 3179 cum

78 3217 146 3281 illos
160 3214 362 3295 refutabimus,
381 3216 563 3279 ostendetur.
602 3213 664 3280 Sed
677 3216 755 3280 illam
771 3216 967 3281 necessariam
983 3218 1101 3281 omariuo
1117 3218 1229 3281 redem-

77 3320 206 3408 ptiouem
224 3317 260 3381 iis
278 3337 345 3381 essa
363 3327 495 3381 statuunt
510 3319 558 3402 qui
575 3319 734 3403 perlectam
751 3319 904 3384 seientiam
921 3321 1016 3406 adepti
1034 3333 1118 3397 suut,
1144 3330 1175 3382 ut
1193 3320 1228 3382 ad

78 3442 243 3509 supremam
266 3421 394 3484 omnium
413 3419 550 3483 virtutem
573 3420 668 3484 denuo
686 3422 855 3506 gignantur.
901 3423 999 3486 Aliter
1019 3423 1095 3486 euim
1114 3443 1228 3485 onlnem

78 3525 114 3590 ad
132 3523 268 3589 Pleroma
291 3522 399 3586 aditum
417 3522 590 3600 intercludi,
625 3545 690 3586 cum
709 3525 778 3588 baec
799 3524 846 3589 illa
866 3526 904 3588 sit
923 3547 997 3610 quae
1016 3546 1067 3588 eos
1086 3526 1122 3588 ad
1142 3522 1228 3610 Bythi

78 3627 219 3716 profunda
236 3627 384 3712 perducat.
415 3624 492 3690 Nam
510 3625 683 3711 baptismum
699 3630 865 3712 apparentis
879 3627 957 3692 illius
973 3625 1040 3690 lesu
1055 3628 1229 3692 condemua-

78 3731 188 3796 tiouem
203 3729 345 3793 duntaxat
360 3749 431 3815 prae
445 3749 478 3793 se
495 3729 574 3792 ierrc
590 3728 754 3808 criminum,
780 3731 1005 3816 redemptionem
1021 3751 1092 3795 vero
1105 3731 1227 3810 Christi,

78 3833 127 3919 qui
148 3853 181 3898 sc
204 3832 233 3895 in
258 3829 355 3896 lesum
382 3831 599 3912 insinuaverat,
635 3835 793 3918 perlectum
820 3834 854 3895 ad
881 3842 988 3896 statum
1009 3833 1230 3920 absolutumque

79 3947 225 4023 spectare.
271 3931 354 3998 litum
377 3935 530 3998 animalem
554 3951 639 4015 esse,
670 3936 744 4000 hauc
762 3957 835 3999 vero
852 3934 1022 4020 spiritalem.
1068 3934 1382 4012 Praetsraautnmars.
1451 3963 1454 3970 ·

78 4037 251 4126 baptismum
280 4057 297 4100 a
320 4034 430 4100 luanuc
452 4039 650 4122 capessendae
670 4037 868 4124 poenitentiae
891 4059 994 4102 caussa
1015 4040 1228 4120 denuntiatum,

113 4227 173 4278 Cea.
190 4226 254 4277 XX.
278 4254 312 4264 -
341 4225 362 4276 l.
387 4219 471 4279 ου’δενὶ
492 4221 560 4296 λόγῳ
585 4229 637 4279 cod.
671 4226 823 4295 profundum
848 4227 923 4294 Bythi
948 4227 1065 4290 deducit,
1095 4230 1228 4281 secundum

78 4297 175 4360 mdia·
672 4313 724 4356 eos,
741 4296 833 4347 videtur
846 4300 927 4382 teptsss
944 4295 972 4351 rb
988 4297 1073 4352 Boset
1089 4296 1169 4369 iidie<
1184 4317 1229 4354 aa·

110 4365 136 4417 2.
154 4365 220 4415 Libri
236 4365 364 4427 amotam
380 4365 464 4414 omen
481 4360 507 4416 la
527 4378 570 4427 pro
588 4361 638 4417 isar.
671 4358 796 4431 τάγουσα,
815 4383 863 4419 κατ
888 4359 987 4426 αὐτοὺς.
1086 4399 1088 4402 v

112 4431 137 4484 3.
152 4431 226 4486 τοῦτο
240 4427 287 4486 sind
302 4433 370 4484 codd.
384 4435 455 4483 latio.
466 4434 541 4483 tenet.
565 4434 639 4496 tatae
705 4435 729 4485 5.
743 4432 843 4500 spiritus
855 4436 921 4485 tabet
933 4437 1109 4500 Vettnterpres,
1121 4443 1147 4488 ut
1157 4434 1229 4490 amci-

79 4501 123 4558 rois
140 4495 199 4553 tat.
672 4517 808 4568 peroraro
822 4502 933 4570 Χριστοῦ
949 4506 1029 4567 kausa
1042 4507 1118 4558 videti
1131 4509 1211 4570 possit.

112 4564 138 4622 d.
156 4571 203 4621 tet
218 4571 332 4633 datantes
344 4584 398 4621 catat
410 4571 522 4632 mntem
534 4584 598 4637 quac
611 4567 637 4619 iu
