3046 5084
182 333 241 393 634
601 344 722 397 οιασιι
740 343 909 395 Ευιυιιισιι

180 466 314 543 γείρησας
335 461 451 548 κρύψαι
471 459 525 544 τὴν
544 460 669 546 μεγάλην
687 460 796 544 ταύτην
813 464 1028 548 πραγματείαν,
1057 460 1113 544 τὴυ
1129 459 1265 529 λύσασᾶν
1280 484 1334 529 σου

181 570 278 627 πᾶσαν
293 562 346 645 τὴν
363 567 392 640 ἐξ
410 562 501 647 ύρχὴς
518 565 757 646 μεμηχανημένην
774 567 989 645 κακοτροπίας
1012 566 1055 628 Et
1068 562 1124 650 γόρ
1139 564 1217 641 ὅλως
1235 567 1336 633 ἐσταυ-

180 665 285 749 ρώθη,
308 674 372 741 πῶς
388 664 425 733 ού
440 668 555 748 βλέπεις
571 664 623 731 τόν
641 669 859 752 ἐσταυρωμένον
875 663 957 746 ύφὴν
973 668 1091 747 έχοντα,
1113 669 1165 733 παλ
1182 667 1267 751 ἥλοις
1284 667 1337 746 τδς

177 778 276 854 χεῖρας
294 767 493 853 πηγνύμενον,
522 771 573 833 καί
594 766 706 846 πόδαςς
743 767 807 833 Ούιι
829 766 866 833 όν
890 768 922 831 δέ
943 766 1075 850 η’δύνατο
1099 768 1226 853 δόκησις
1249 778 1335 837 ταῦτα

178 868 268 950 εἶναι,
296 870 506 953 ἡφύντασμα,
536 868 576 946 τίς
593 869 630 935 σῦ
649 874 755 955 λε’γεις,
777 868 848 935 ιίλλιί
864 878 950 951 σῶμα
965 868 1102 953 οίληθῦς,
1125 870 1194 937 δέιι
1211 877 1337 959 Μαρίας

179 976 296 1055 είληφεν
318 970 335 1037 ύ
357 972 474 1057 κύριος,
503 972 614 1057 σύριια,
645 971 737 1052 φύσιν
758 972 812 1055 τὴν
833 970 990 1060 ἡμετέραν,
1020 976 1070 1038 καί
1092 971 1196 1053 σ’στέα,
1227 976 1281 1041 ιιαί
1301 974 1338 1041 τό

179 1074 264 1154 ἄλλα,
287 1074 389 1158 ἐπειδὴ
408 1072 591 1160 ὁμολογεῖται
612 1078 662 1141 καί
681 1073 761 1159 παρύ
784 1077 832 1140 σοί
850 1083 967 1164 σταυρῷ
985 1078 1163 1161 προςπαγείς
1185 1074 1204 1142 ό
1222 1074 1337 1164 ιιύριος.

261 1278 347 1362 Σγύλ.
365 1278 417 1361 οβ’.
454 1284 613 1365 Παρέκοψε
633 1278 683 1359 τό,
715 1278 852 1364 Σήμερον
874 1278 932 1363 μετ’
952 1282 1025 1362 ἐμοῦ
1044 1282 1096 1370 ἐση
1114 1282 1146 1347 ἐν
1165 1288 1206 1371 τῷ
1229 1288 1335 1369 Παρα-

177 1386 273 1470 δείσῷ.

252 1482 369 1569 Ἕλεγχ.
385 1483 437 1566 σῷ.
471 1490 576 1557 Καλῶς
590 1490 676 1548 τοῦτο
692 1485 743 1549 καὶ
758 1481 909 1568 ύρμοδίως
921 1486 1108 1570 παρέιιοψας,
1130 1478 1156 1551 ιύ
1172 1492 1337 1573 Μαρκίαν.

175 1585 298 1675 Έπῷρες
316 1586 370 1671 γῦρ
390 1584 448 1649 ύπό
468 1591 591 1649 σεαυτοῦ
609 1584 663 1667 τὴν
682 1589 794 1660 είςοδον
810 1594 862 1651 τοῦ
881 1592 1077 1672 Παραδείσου.
1126 1586 1203 1653 Οῦτε
1221 1589 1279 1675 γαίρ
1298 1589 1335 1655 σύ

177 1687 335 1777 εἰςελεύση,
365 1686 432 1753 ούτε
455 1687 523 1763 τοῦς
543 1686 595 1751 σῦν
618 1689 664 1752 σοὶ
688 1687 789 1763 ἐύσεις.
836 1688 928 1757 Φύσει
947 1688 1002 1777 γαίρ
1019 1696 1059 1779 τῷ
1079 1688 1142 1757 όντι
1161 1700 1284 1773 μισοῦσι
1301 1690 1334 1759 τό

177 1789 294 1875 ύγαθόυ
317 1794 348 1855 οἱ
368 1798 532 1866 πλανῶντες
553 1792 603 1854 καὶ
625 1792 849 1872 πεπλανημένοι.

264 1994 348 2078 Σχύλ.
367 1995 417 2082 ογ’.
452 1998 511 2060 Καὶ
533 1997 675 2077 φωνήσας
697 2002 785 2084 φωνῷ
807 1994 916 2085 μεγάλη
939 1996 1116 2073 ἐξέπνευσεν.

253 2097 369 2184 Ἔλεγχ.
387 2098 438 2185 ογ’.
472 2102 513 2163 Et
537 2101 722 2176 ἐξέπνευσεν,
756 2091 781 2163 τί
805 2102 971 2184 Μαρκίων,
1002 2100 1050 2165 ταί
1074 2098 1184 2183 φωνὴυ
1206 2100 1337 2189 μεγύληυ

176 2198 325 2279 α’πέδωκε,
348 2200 445 2267 πόθεν
459 2204 583 2278 ἐξέπνει,
605 2200 626 2283 ἡ
642 2205 670 2265 τί
686 2200 717 2265 τό
733 2203 873 2279 ἐιιπυὲονς
903 2208 1001 2285 Δῆλον
1018 2202 1052 2269 δέ
1067 2204 1143 2281 ἐστι,
1166 2202 1227 2269 νῦν
1243 2202 1282 2271 σύ
1294 2204 1336 2289 μὴ

54 2336 104 2379 ρης.
118 2324 161 2369 τευ.
176 2304 266 2388 λέγεις
281 2302 364 2387 ψυγὴ
381 2303 434 2369 σύν
451 2312 485 2393 τῷ
502 2302 621 2386 θεύτητι
640 2302 698 2369 ἀπό
715 2302 852 2384 σώματος
869 2306 1098 2389 ἐιιιιορευθεῑσα,
1126 2314 1181 2371 τοῦ
1198 2306 1336 2391 στόματος

178 2402 273 2471 ῦπνον
297 2410 462 2489 μείναντος,
486 2404 526 2481 ιύς
549 2409 603 2489 ἐγει
627 2403 646 2489 ἡ
667 2402 800 2487 ιῖλὴθεια.

260 2609 345 2694 Σχόλ.
364 2611 415 2677 ιδ’.
447 2610 539 2689 Ἰδού,
563 2609 653 2694 αὐὴρ,
676 2608 799 2693 οὐόματι
813 2608 937 2694 Ἰωσὴφ,
958 2608 1094 2677 καθελιόν
1115 2609 1148 2679 τό
1170 2602 1260 2697 στῦμα
1277 2616 1333 2683 ἐνε·

175 2711 267 2791 τύλιξε
293 2712 466 2791 62σινδόνι,
488 2716 537 2778 καί
561 2716 670 2797 έθηκεν
692 2716 724 2779 ἐν
748 2718 924 2802 οῦμνημείῷ
944 2716 1082 2801 λαξευτῷ.

250 2813 368 2901 Ἔλεγχ.
387 2814 439 2880 οδ.
473 2819 515 2879 El
534 2816 566 2881 τό
587 2814 747 2896 Καδελοίν,
777 2818 829 2881 καὶ
847 2813 1028 2893 Ἐυτυλίξας,
1049 2818 1102 2881 καί
1123 2814 1156 2882 τό
1177 2820 1282 2887 Θεῖναι
1302 2822 1334 2887 ίι

175 2917 300 3001 μνήματι
322 2922 466 3005 λαξευτῷ,
497 2915 534 2983 ού
556 2922 655 2983 πείθει
676 2940 722 2998 σε,
751 2910 960 3003 ιῦΜαρκίων,
987 2922 1031 2993 τίς
1047 2940 1102 2983 σου
1119 2916 1333 3007 ἡλιθιιίτεραςς

175 3027 202 3085 τί
221 3023 252 3085 δέ
269 3020 335 3085 ύλλο
354 3023 533 3105 σαφέστερον
549 3017 569 3102 ἡ
587 3018 687 3106 γραφὴ
706 3018 761 3103 εἶχε
775 3024 883 3098 δεῖξαι,
912 3016 1001 3085 όπότε
1016 3022 1066 3085 ιιαὶ
1086 3018 1119 3087 τό
1136 3028 1256 3105 μνῆμα,
1282 3026 1331 3092 καί

175 3122 226 3188 τόν
240 3122 347 3199 τύπον,
370 3125 420 3187 καὶ
436 3120 468 3188 τό
486 3119 563 3199 εἶδος
578 3125 683 3201 ἐδειξε,
704 3125 754 3187 καί
772 3130 825 3187 τοῦ
840 3120 975 3205 στόματος
991 3120 1046 3205 τὴν
1061 3120 1222 3212 τριὴμερον
1235 3128 1330 3207 δόσιν,

174 3229 224 3290 καί
244 3224 277 3291 τό
300 3229 404 3308 είλημα
424 3232 476 3307 τῆς
498 3223 649 3303 σινδόνος,
672 3229 722 3290 ἵνα
742 3229 822 3314 δείξη
845 3223 897 3308 τὴν
918 3232 1017 3291 πᾶσαν
1038 3222 1198 3309 &aiom

259 3534 345 3618 Σχόλ.
362 3533 410 3599 σε’.
445 3536 506 3598 Καὶ
521 3530 745 3618 ύιιοστρέψασαι
763 3540 797 3579 ⁶⁴
807 3536 841 3599 αί
854 3542 991 3618 γυναῖκες
1005 3530 1157 3617 ἡσύχασαν
1169 3534 1205 3603 τό
1220 3534 1333 3621 σάββα-

175 3664 225 3702 τον
248 3635 323 3700 κατιί
345 3635 395 3702 τόν
416 3636 518 3718 νόμον.

252 3736 368 3824 Ἔλεγχ.
384 3738 431 3803 οε’.
464 3740 570 3805 Πόθεν
589 3735 777 3824 ύπέστρεψαν
800 3741 833 3804 αί
852 3746 1001 3824 γυναῖκες,
1036 3736 1096 3804 Διό
1116 3742 1146 3805 τί
1167 3740 1202 3805 δί
1223 3743 1277 3807 ιιαί
1297 3740 1332 3809 τό

176 3840 323 3924 ἡσύχασαν
347 3844 518 3928 γέγραπται;
549 3838 607 3905 ἄλλ’
627 3844 677 3905 ἵνα
701 3844 780 3931 δείξη
802 3838 823 3923 ἡ
843 3838 944 3927 γραφὴ
964 3839 1020 3923 τὴν
1038 3838 1139 3907 αότιῦν
1155 3848 1334 3931 μαρτυρίαν,

175 3942 347 4027 ἐλέγγονσύν
368 3965 423 4009 σου
447 3942 500 4027 τὴν
522 3942 640 4023 ύνοιαν,
672 3936 872 4029 ὦΜαριιίων.
914 3940 998 4011 Ἰδού
1018 3939 1090 4029 γδρ,
1119 3945 1172 4009 καί
1194 3956 1335 4031 γυναῖαις

174 4053 365 4132 μαρτυροῦσι,
387 4049 438 4111 καὶ
457 4045 670 4127 05ύτιύστολοι,
692 4048 744 4112 καί
757 4043 912 4125 Ἰουδαῖοι,
933 4048 985 4111 καί
1001 4044 1125 4133 ῦγγελοι,
1147 4048 1201 4113 καί
1216 4044 1334 4137 Ἰασὴῃ

175 4145 388 4229 ύψηλαφητόν
408 4146 501 4225 ὅντως
516 4156 601 4232 σῶμα
617 4149 769 4229 ιιαθελοίν,
797 4151 847 4215 ιιαί
866 4148 1020 4233 ἐνειλὴσας.
1069 4152 1120 4225 sse
1136 4150 1171 4215 δέ
1188 4150 1335 4239 ιιιισγιὴιτι

176 4246 226 4312 τόν
248 4247 504 4334 αύτοκαταιιρίτως
525 4251 630 4317 ἑαυτόν
652 4254 879 4338 διαστρέφοντας
903 4250 944 4327 ύός
965 4254 1025 4318 ἐστι
1046 4254 1257 4339 γεγραμμίνσν.

260 4351 346 4434 Σχόλ.
364 4352 414 4429 ος’.
448 4350 550 4419 Εέιιαν
573 4358 605 4420 οί
628 4356 660 4421 ἐν
681 4358 785 4438 ἐσθῆτι
805 4361 943 4443 λαμπρῷ,
981 4360 1017 4421 Τί
1035 4362 1141 4439 ζητεῖτε
1161 4354 1216 4423 τόν
1237 4364 1335 4439 tim

209 4576 250 4630 6¹2.
268 4574 360 4632 σινδόνι
376 4582 440 4631 abest
454 4594 535 4644 ιυγτα.
801 4578 844 4635 63.
860 4576 975 4649 μνήματι
990 4584 1075 4647 huit!
1089 4594 1173 4647 m.
