3046 5084
449 353 495 404 ΔΙ)
511 351 699 405 Bttewtattt
714 350 825 405 sctctt
842 352 888 405 ΒΤ
901 351 1010 403 PAULI.

265 621 566 701 EPIPHANII
596 621 868 699 uulsoorr
898 621 1188 700 aursnoda

153 802 249 873 quem
274 779 316 854 ad
341 777 496 851 Acacium
522 781 556 848 et
579 774 720 849 Paulum
745 775 959 870 presbyteros
992 778 1033 850 ad
1059 778 1105 850 'ea
1130 777 1304 874 rescripsit

286 919 368 993 quae
394 893 445 967 illi
469 894 509 966 de
535 894 760 967 lucubratione
785 892 843 966 illa
869 901 984 967 contre
1009 894 1164 969 haereses

587 1012 864 1110 significaverant.

234 1179 371 1244 Dominis
387 1179 604 1245 venerabilibus
625 1201 661 1244 ac
675 1179 815 1245 iratribus
836 1189 867 1243 et
888 1179 1010 1264 collegis
1026 1179 1139 1245 Aeacio
1162 1189 1193 1244 et
1207 1177 1301 1245 Paulo

151 1281 362 1368 Epiphanius
352 1303 383 1345 ιι
406 1279 526 1346 Christo
548 1282 684 1347 salutem.

236 1380 484 1466 Quemadmodum
505 1383 616 1468 antiqui
639 1383 799 1469 scriptores
821 1395 1037 1448 consueveram
1059 1384 1088 1447 in
1114 1384 1304 1468 praelationi·

150 1485 206 1549 hus
222 1505 257 1548 ec
271 1484 429 1570 proloquiis
442 1496 470 1548 et
484 1484 722 1570 inscriptionibus
736 1486 827 1549 totius
841 1487 939 1570 operis
953 1485 1094 1570 propositi
1109 1485 1236 1568 speciem
1251 1486 1303 1548 ad·

151 1586 332 1651 umbratione
351 1588 473 1670 quedam
490 1585 677 1651 informatam
694 1588 871 1666 ostendere,
896 1588 938 1651 ita
955 1598 986 1651 et
1000 1608 1055 1650 nos
1073 1587 1176 1651 eodem
1192 1587 1303 1651 oratio-

150 1687 196 1752 nis
208 1688 253 1752 usi
269 1708 379 1772 genere
394 1687 573 1773 prooemiu-
590 1688 645 1751 hoc
658 1687 848 1768 instituimus,
873 1699 916 1767 ut,
939 1710 1014 1772 quae
1030 1689 1187 1773 postulatio
1202 1699 1302 1754 vestra

150 1788 220 1867 luit,
251 1809 353 1853 eorum
375 1810 450 1873 qnae
471 1789 614 1853 adversus
636 1789 775 1855 haereses
793 1790 963 1874 disputanda
983 1800 1052 1854 suut
1068 1812 1180 1854 sumana
1201 1790 1302 1876 paucis

147 1891 385 1975 complectemur.
430 1888 577 1973 Quoniam
595 1890 674 1954 euim
690 1891 852 1956 haerescon
871 1894 998 1956 omnium
1017 1893 1135 1956 nomina
1151 1892 1302 1956 declaran-

147 1991 184 2055 da'
201 1992 285 2058 vohis
299 1993 398 2055 hocin
412 1991 487 2055 libro
503 1992 702 2075 suscepimus,
726 2013 781 2055 uec
799 2014 856 2056 non
872 1995 1039 2058 execranda
1054 2014 1089 2056 ac
1107 1993 1221 2057 notaria
1238 1993 1302 2057 illn-

148 2114 212 2157 rum
234 2093 343 2177 flagitia
365 2093 409 2157 sic
428 2103 563 2177 tanquam
584 2091 823 2178 praesentissima
842 2096 982 2176 quaedam
1001 2115 1116 2158 venene
1136 2096 1302 2180 patefacere

147 2195 300 2275 volumus,
325 2205 411 2278 atque
429 2195 473 2258 his
488 2196 568 2258 velut
584 2194 713 2258 antidota
727 2194 868 2277 quaedem
886 2206 1084 2279 opponentes,
1108 2217 1183 2279 quae
1199 2195 1246 2259 vel
1265 2196 1301 2258 iis

148 2297 197 2381 qui
214 2318 314 2361 morsu
331 2297 413 2380 petiti
435 2306 503 2359 sunt
521 2296 651 2360 remedio
668 2315 735 2359 esse
751 2295 881 2378 possint,
914 2296 962 2358 vel
980 2317 1032 2359 cos
1051 2297 1154 2379 quibus
1173 2319 1211 2361 ne
1229 2298 1302 2360 inci·

147 2399 219 2462 daut
241 2398 399 2483 perieulum
422 2408 469 2462 cst
488 2396 690 2481 praemuniant
710 2418 745 2461 ιι
767 2406 962 2474 ιιιιιιιιιι,
994 2397 1182 2460 honestarum
1201 2420 1300 2462 rerum

147 2499 287 2565 studiosis
303 2498 508 2577 conscribere,
531 2496 700 2579 Panaenus,
723 2499 788 2563 sive
803 2498 944 2562 Areulam
957 2496 1117 2576 Medicam,
1142 2500 1176 2562 ad
1198 2520 1301 2563 eorum

147 2601 197 2685 qui
212 2623 230 2666 ι
248 2601 434 2687 serpentibus
449 2601 500 2665 icti
520 2612 590 2666 suut
604 2601 763 2666 remedium
779 2601 844 2664 iure
861 2621 934 2684 opus
950 2600 1020 2664 illud
1038 2621 1072 2665 ac
1088 2600 1193 2663 librum
1210 2601 1302 2663 inter·

146 2703 343 2788 pretehimur,
374 2702 424 2788 qui
440 2703 469 2766 in
488 2713 549 2767 tres
567 2714 665 2788 partes
682 2703 793 2767 divisos
811 2702 950 2766 haereses
967 2702 1117 2786 octoginta
1134 2702 1302 2787 complecti·

146 2816 206 2884 tor,
230 2825 305 2889 quae
319 2816 486 2890 serpentum
501 2825 535 2868 ac
551 2804 696 2889 reptilium
711 2805 821 2868 similes
836 2816 916 2868 sunt.
952 2801 1121 2869 Secundum
1136 2824 1208 2888 quas
1223 2803 1303 2867 veri·

146 2905 215 2971 tatis
232 2907 445 2971 firmamentum
463 2917 493 2969 et
509 2906 646 2970 salomnis
663 2906 794 2970 doctrine
811 2906 935 2990 lideique
952 2908 1075 2971 formula
1093 2906 1224 2970 subiecta
1243 2915 1300 2984 est,

146 3028 182 3070 ae
202 3003 313 3072 Christi
336 3028 463 3092 sponsa,
494 3020 598 3073 sancta
619 3008 756 3072 videlicet
777 3008 903 3071 ecclesia
923 3008 1080 3073 declarata.
1127 3006 1213 3091 Quae
1235 3028 1301 3071 cum

145 3109 204 3172 ism
220 3119 281 3173 tum
297 3109 333 3173 ab
350 3109 422 3173 orbe
436 3110 553 3174 condito
569 3130 637 3173 esse
654 3109 796 3195 eoeperit,
821 3120 920 3194 postea
938 3121 1035 3174 temen
1053 3132 1107 3195 per
1121 3107 1232 3174 Chlisti
1249 3110 1302 3172 do-

146 3210 216 3275 mini
231 3211 462 3275 incarnationem
477 3221 639 3296 temporum
654 3211 844 3275 successione
858 3223 926 3276 aute
940 3223 1184 3277 commemoratas
1198 3229 1300 3272 omnes

145 3313 285 3378 haerems
299 3314 417 3398 volgata
435 3323 522 3397 atque
538 3314 696 3399 patefacta,
719 3315 880 3398 eademque
896 3335 914 3377 ι
928 3315 1013 3392 nobis
1027 3316 1056 3377 in
1074 3312 1300 3377 commentarios

145 3435 186 3480 ex
204 3412 317 3481 Christi
336 3414 553 3501 praedieatione
572 3416 683 3494 relata,
715 3437 749 3479 ae
772 3437 888 3480 rursum
906 3426 973 3501 post
991 3415 1165 3500 explicatam
1183 3432 1299 3477 omnem

144 3515 266 3583 istarum
280 3519 442 3581 haereseon
457 3517 670 3602 improbitatem
684 3538 724 3581 ex
738 3519 936 3603 apostolorum
950 3517 1102 3601 disciplina
1115 3525 1250 3578 accurate
1265 3535 1300 3578 ae

144 3620 297 3704 perspicue
313 3618 396 3684 brevi
413 3621 537 3703 quodam
550 3631 596 3684 est
611 3620 783 3735 compendio
797 3621 940 3698 subiecta,
964 3618 1005 3682 uti
1022 3637 1058 3680 ea
1072 3636 1106 3680 re
1120 3616 1235 3680 illorum
1251 3637 1299 3680 re·

145 3730 282 3786 creentur
304 3742 341 3786 ac
361 3722 533 3787 reficiantur
556 3721 646 3786 animi
670 3723 718 3806 qui
745 3722 821 3785 huuc
846 3721 1009 3783 haereseon
1034 3720 1296 3803 percurrendamm

145 3816 274 3883 laborem
297 3823 499 3909 susceperint.

228 3915 324 3984 Porro
338 3945 393 3989 sos
407 3946 522 4005 omues,
545 3925 733 3991 honestarum
750 3943 848 3987 rerum
865 3921 987 3986 studiosi
1006 3922 1151 4004 lectores,
1174 3933 1295 4007 rogatos
1314 3938 1374 4005 cap.
1392 3939 1412 3987 t.

144 4020 292 4101 volumus,
314 4035 347 4086 nt
362 4035 393 4088 et
409 4027 589 4109 prooemium
606 4027 701 4112 ipsum
719 4035 749 4090 ιι
764 4023 979 4107 insequentium
1000 4026 1164 4090 haereseon
1179 4025 1298 4109 exposi-

144 4123 254 4188 tionem
272 4143 308 4187 ιι
325 4122 457 4191 veritatis
474 4127 687 4212 professionem
705 4138 736 4192 et
751 4125 911 4191 doctrinam
934 4148 968 4191 ac
986 4138 1105 4191 sanotae
1127 4139 1157 4190 et
1175 4125 1297 4190 catholi-

145 4294 198 4328 runr
216 4293 312 4328 morsus
330 4275 445 4328 erectam
462 4279 632 4345 appellantem
652 4279 704 4330 hoc
771 4275 796 4330 4.
813 4283 850 4332 ιιι
864 4283 918 4330 libri
932 4296 1025 4342 omncs,·
1043 4281 1145 4346 αἴνιγμα
1160 4286 1191 4330 ert
1208 4283 1294 4342 epure,

146 4357 185 4397 ast
201 4363 246 4413 per
263 4346 340 4397 libros
358 4353 426 4397 tres‘
445 4350 495 4397 ιιιι.
737 4351 874 4410 similitudo,
888 4355 913 4399 ιι
923 4320 1058 4413 pterouehue
1069 4365 1100 4411 up
1093 4351 1135 4397 soe
1148 4353 1295 4399 socrosanct-

178 4412 202 4467 3.
222 4417 276 4465 Voc
291 4413 417 4482 npeelprms
436 4416 528 4465 ιιιιιιιι
548 4416 638 4464 emovit
658 4417 702 4466 Pe·
735 4421 819 4479 ptores.
846 4386 923 4480 (thore
936 4434 982 4468 aon
996 4421 1098 4467 erotem
1110 4413 1294 4480 Ριιιυιιιιδήγ-

147 4485 232 4532 tocius
737 4500 805 4550 ματα
821 4487 978 4548 reponendum
995 4499 1042 4535 esse
1058 4490 1164 4535 censeret.
