3046 5084
405 340 544 392 rauseu
560 342 624 394 ura.
636 343 656 394 r.
672 344 753 395 rou.
769 345 799 394 n.
817 343 916 394 unsa.
931 343 1017 393 xxx.
1231 331 1292 393 295

136 479 201 523 nem
215 459 293 525 illam
309 481 377 525 esse
392 459 514 523 vitulam
530 459 687 542 sigrtilieat,
707 482 782 546 quae
795 463 959 545 nuptiarum
975 464 1044 545 iugc
1059 463 1203 527 cervicem
1217 485 1291 525 rruo-

136 563 200 626 dura
218 562 399 627 submiserit.
434 558 546 625 Verum
561 559 630 644 quial
647 560 694 624 hie
709 560 839 646 pluribus
853 563 1001 646 disputare
1017 584 1139 626 enecasse
1155 565 1219 626 est?
1242 574 1292 627 aut

134 665 203 729 illud
226 665 319 750 ipsnur
344 682 594 743 commemorare,
628 662 702 746 quod
726 662 779 726 aab
801 663 908 725 domiui
932 685 1056 748 persona
1079 665 1154 727 dixit
1176 663 1287 728 lsaias:

134 772 242 849 Aeetine
262 778 434 847 segmentum
456 768 572 827 abortae
594 769 717 827 recentis
736 786 771 826 ae
794 769 932 826 maiores?
976 763 1029 828 Ubi
1052 768 1194 848 segmenti
1219 788 1287 829 usus
1302 780 1364 824 Esar.
1376 783 1396 834 ε,
1411 782 1428 824 r.

135 881 181 933 εει
199 869 360 946 uocabulo,
391 866 468 951 quod
488 867 543 930 etsi
563 888 579 929 e
597 867 674 930 uirili
692 866 803 930 semitae
824 878 983 952 propagata
1002 868 1040 930 sit
1056 869 1158 950 virgo,
1190 869 1290 930 eadem

135 983 232 1035 tamen
257 971 297 1034 sit
319 970 355 1033 ab
378 971 502 1033 bumauo
524 968 680 1033 concubitu
704 970 887 1053 naturalique
910 969 1057 1033 bertuinum
1078 969 1289 1032 eorrsrretutline

133 1075 212 1137 relut
237 1083 332 1135 secta.
378 1068 516 1136 Universi
541 1071 646 1155 quippe
672 1071 803 1135 hemines
831 1093 848 1134 e
874 1072 951 1135 virili
976 1073 1087 1135 semine
1115 1071 1285 1155 gigrrurrtnr.

131 1176 175 1238 At
193 1171 304 1237 Christi
321 1172 473 1257 generatio
493 1173 534 1236 uti
553 1173 728 1237 staturaliter
749 1194 789 1237 ex
809 1174 948 1252 muliere,
979 1171 1076 1237 Maria
1097 1174 1211 1237 seilicet
1228 1174 1288 1237 vir-

133 1276 220 1361 gine,
246 1286 380 1339 naturam
395 1275 478 1339 duxit
494 1274 666 1354 humanam,
696 1277 737 1339 ita
753 1287 869 1361 praeter
887 1287 1020 1340 naturam
1038 1277 1073 1339 ab
1094 1276 1214 1360 originis
1234 1277 1286 1339 hu·

134 1398 239 1442 manae
260 1377 467 1441 consueturlioe
488 1389 685 1457 resectaes13
716 1379 744 1441 iu
766 1380 841 1463 quod
860 1376 983 1442 lacobus
1004 1381 1039 1442 de
1064 1400 1099 1442 eo
1119 1379 1286 1463 pronuntiat

134 1481 179 1545 his
191 1480 305 1545 verbis:
319 1482 368 1542 Ea·
375 1484 513 1560 germem,
522 1482 636 1561 filimi,
653 1486 814 1544 ascendisti.
847 1479 878 1544 N
880 1503 915 1544 un
930 1482 1016 1561 tlixit,
1031 1486 1059 1544 E
1070 1487 1174 1544 semim
1185 1504 1283 1544 oscen·
1298 1490 1395 1544 ocare,
1405 1491 1424 1534 ι.

133 1586 210 1645 dma‘.
255 1584 353 1665 Atque
373 1581 483 1645 idcireo
501 1579 596 1646 isaias
618 1583 778 1668 propheta,
809 1583 873 1646 sive
898 1584 992 1668 potius
1012 1581 1109 1648 Isaiae
1136 1584 1282 1662 dominus,

132 1685 206 1748 bunc
221 1684 251 1747 iu
265 1684 381 1747 medum
397 1684 511 1747 locutus
528 1693 591 1748 est:
616 1688 701 1746 Surae
714 1688 768 1747 ttbt'
782 1690 898 1747 elautae
910 1699 1091 1766 segmentum.
1140 1683 1206 1767 Quo
1221 1686 1283 1770 qui·

128 1787 192 1850 dem
223 1786 360 1851 usitatum
387 1785 552 1849 bominibus
578 1786 724 1849 scribendi
751 1809 861 1851 morem
893 1789 1095 1851 serationem
1123 1787 1281 1872 expressit.

129 1887 195 1971 Quo
209 1889 336 1975 pertinet
350 1889 420 1953 illutl
437 1909 454 1951 e
470 1888 581 1972 psalmo
595 1883 827 1951 CXXXVlll.:
851 1894 885 1950 In
901 1891 973 1950 libre
989 1904 1036 1951 tue
1051 1914 1143 1952 emeres
1156 1893 1281 1953 seribere·
1312 1899 1402 1994 {3¹¹¹st

128 2005 191 2054 tur.-
215 1994 504 2076 dr’essermabunter,
529 1994 757 2052 eleemosiniis.
803 1988 881 2053 Nam
900 2013 964 2054 cunr
980 1992 1054 2055 libro
1071 2003 1184 2055 uterum
1203 2014 1281 2055 com·
1357 1983 1364 2007 '
1404 1983 1408 1994 ¹

128 2093 253 2180 paravit.
298 2092 473 2179 Propterea,
496 2095 703 2173 Imperfectum,
728 2091 780 2169 ait,
804 2114 891 2153 meum
910 2098 1040 2154 uellerent
1055 2097 1132 2154 oculi
1145 2100 1202 2168 tut,-
1228 2094 1281 2156 boe

127 2207 173 2261 est
184 2196 411 2281 proseminatum
425 2217 472 2259 me
486 2206 639 2278 autequam
654 2195 781 2279 lingerer
794 2194 939 2278 cognosti,
957 2195 1014 2257 imo
1025 2195 1112 2257 etiam
1127 2206 1281 2278 autequam

128 2299 341 2384 proseminatus
366 2300 469 2361 loram.

211 2398 272 2467 seu
298 2399 446 2464 Hebraico
468 2421 529 2466 von
553 2400 724 2485 expressius
751 2400 885 2484 qrrildam
912 2409 1009 2463 senat.
1063 2397 1121 2462 Pro
1144 2421 1180 2461 eo
1203 2398 1279 2462 euim
1298 2395 1390 2514 XQ}

128 2504 202 2588 qued
227 2504 350 2587 legimus
367 2505 578 2587 Imperfectum,
611 2502 718 2566 lrabeat
739 2503 779 2567 illi
797 2507 907 2577 Golme,
942 2503 1016 2586 quotl
1035 2503 1111 2564 ilem
1131 2512 1280 2586 astatque
1392 2502 1399 2515 '

126 2606 216 2684 alica,
239 2606 305 2671 sive
319 2627 440 2690 gracum
456 2606 588 2686 similae,
613 2607 688 2690 quod
705 2606 840 2669 videlicet
857 2606 983 2669 ruendum
1001 2607 1030 2669 io
1050 2626 1153 2690 partem
1173 2604 1281 2667 coaluit

126 2730 161 2772 ac
178 2709 330 2773 subactum
350 2719 413 2789 est,
444 2710 495 2772 sed
513 2731 530 2772 ε
549 2720 674 2773 contuso
689 2709 825 2773 frumenti
844 2731 935 2792 grano
955 2709 1036 2772 velut
1051 2707 1174 2771 medulla
1193 2728 1280 2792 quae·

126 2814 191 2876 dam
213 2812 358 2890 crassior,
387 2832 422 2874 ae
445 2812 546 2875 minati
568 2812 673 2876 calculi
695 2812 790 2875 instar
812 2822 868 2874 est.
915 2809 966 2875 Sic
983 2810 1073 2894 igitur
1090 2832 1125 2874 ea
1145 2831 1218 2874 rece
1237 2810 1278 2874 iu-

124 2915 217 3000 ipsum
235 2914 309 2998 quod
325 2912 355 2976 in
373 2914 485 2977 semiue
503 2914 626 2978 beminis
644 2916 722 2979 inest
736 2913 912 2978 simillimum
932 2914 1096 2977 accuratius
1114 2914 1280 2998 exprimere

125 3017 233 3096 voluit,
267 3037 332 3080 cuna
354 3016 430 3079 lixit
450 3021 661 3100 Imperfectum,
693 3016 721 3079 id
745 3026 791 3080 est
812 3017 937 3080 interme
960 3016 1017 3079 iam
1041 3027 1098 3080 tum
1120 3038 1160 3080 ex
1181 3028 1277 3095 utere,

124 3120 183 3183 imo
199 3128 268 3183 aute
285 3128 417 3200 uterum,
442 3124 579 3183 liberunt
596 3124 674 3182 cenlt'
689 3124 741 3181 tur'.
787 3117 882 3183 Novit
898 3119 974 3182 enirn
994 3120 1090 3183 onrnia
1108 3120 1179 3183 deus
1196 3128 1277 3182 ante·
1292 3131 1348 3174 aaa.
1359 3132 1390 3186 1³,
1399 3133 1430 3175 tt.

126 3243 210 3308 quam
230 3223 315 3300 bant,
341 3232 372 3284 ut
390 3231 436 3285 εει
455 3223 606 3307 scriptum.
652 3226 697 3285 Ac
714 3221 779 3285 libri
795 3223 977 3306 segmentive
995 3222 1113 3284 nomine
1129 3233 1278 3285 maternus

125 3336 225 3389 uterus
241 3323 396 3388 iudicatur.
440 3322 547 3409 Neque
562 3344 634 3389 vero
651 3325 690 3386 ita
705 3324 820 3388 locutus
837 3336 897 3387 est:
923 3330 1007 3386 Seme
1025 3326 1078 3386 etz·
1093 3326 1205 3396 librum,
1231 3322 1279 3384 rel

125 3433 209 3490 Seme
225 3430 430 3501 trinobantum,
456 3447 558 3490 verum
577 3439 689 3501 tornum,
716 3426 770 3490 lroc
788 3437 834 3490 est
849 3437 1042 3510 segmentum,
1067 3435 1186 3510 irreptor
1201 3423 1278 3487 illam

125 3551 199 3616 quae
217 3531 247 3593 iu
265 3530 475 3594 consuetudine
495 3529 643 3593 homiuum
663 3541 783 3615 apparet
800 3529 1028 3594 simulitudinem.
1076 3526 1135 3592 Sed
1157 3528 1276 3606 allidit,

126 3638 257 3709 Chartae,
283 3634 406 3697 atillam
423 3634 451 3698 in
468 3643 551 3697 utere
568 3633 648 3697 velut
662 3633 808 3697 scribendi
825 3634 882 3695 vim
900 3633 1074 3695 declararet.
1108 3627 1276 3710 Postremo,

124 3742 237 3812 Nouae,
262 3736 403 3813 subiecit,
429 3736 465 3800 ob
480 3746 629 3801 recentem
647 3736 875 3819 inviolatumque
892 3735 1034 3798 eastitatis
1052 3733 1080 3796 in
1097 3732 1211 3816 virgine
1226 3735 1277 3797 llo·

126 3861 200 3904 rem.
231 3837 340 3923 Magna
358 3839 462 3924 quippe
477 3860 574 3903 eoram
591 3840 770 3924 deoperitur
788 3850 816 3901 et
832 3836 995 3901 bominibus
1008 3834 1105 3900 lllaria
1122 3836 1206 3920 virgo
1224 3858 1278 3900 ex-

127 3943 194 4007 titit.
240 3940 315 4026 Quis
341 3941 418 4004 enirn
442 3963 500 4005 non
526 3963 590 4005 eam
614 3963 748 4026 maguam
772 3939 921 4026 praedicet
945 3939 1117 4023 quasillum
1142 3940 1190 4024 qui
1214 3942 1276 4024 capi

126 4047 204 4111 uullo
221 4045 307 4109 modo
323 4054 420 4129 potest
436 4044 564 4128 ceperit,
593 4065 658 4108 eum
679 4045 795 4128 inquam
814 4042 861 4126 qni
881 4041 963 4104 coelo
982 4053 1116 4127 terraque
1134 4043 1277 4106 contineri

127 4150 246 4235 aequit?
289 4146 347 4231 Qui
365 4147 506 4229 eiusmodi
522 4158 698 4226 comesset,
723 4157 827 4231 sponte
842 4167 895 4208 sua
914 4166 947 4208 ac
961 4146 1128 4226 voluntate,
1153 4168 1211 4209 non
1227 4167 1277 4209 ne-

127 4253 266 4317 cessitate
288 4249 492 4335 comprehendi
515 4269 548 4312 se
570 4269 674 4333 pessus
697 4260 755 4312 εει.
799 4246 881 4332 Ergo
901 4269 1035 4334 maguum
1056 4250 1124 4314 illud
1141 4249 1276 4313 volumen

129 4366 175 4421 est
189 4376 224 4421 ac
240 4375 357 4419 recens.
402 4350 544 4434 Magnum
562 4352 598 4414 ob
613 4351 795 4429 miraculum,
815 4373 919 4415 recens
934 4353 1001 4436 quia
1016 4353 1100 4435 virge
1119 4352 1182 4415 luit.
1217 4350 1279 4415 De-

131 4458 214 4537 inde,
239 4459 353 4531 Sembe,
378 4454 488 4540 iuquit,
512 4461 541 4517 in
559 4477 591 4516 eo
607 4458 682 4535 stylo
699 4458 827 4517 homenis.
874 4453 943 4519 Nou
963 4455 1049 4534 dicit,
1074 4457 1188 4516 Sem'bct
1202 4461 1230 4516 in
1247 4479 1278 4515 eo

129 4566 265 4644 quisptam
284 4565 403 4623 beminis
428 4562 518 4640 stylo,
550 4578 662 4644 neque,
695 4561 810 4621 Scribat
825 4564 854 4622 in
874 4583 905 4621 ec
923 4563 1019 4635 bomo,
1053 4578 1090 4622 ue
1109 4580 1192 4645 quam
1212 4559 1278 4623 iude
