3046 5084
412 350 1025 407 nnnaaumnraossuennnmxx.
1230 338 1289 405 est

147 470 240 535 edum
257 469 324 535 idios
338 468 452 553 unguit,
482 468 559 553 quod
574 468 668 547 dixit,
695 476 730 533 In
742 476 884 553 membro
900 484 964 533 eret
977 473 1107 546 moeni,
1135 484 1167 533 et
1179 473 1293 535 aen-ban
1304 482 1381 526 ῑοιιι.
1394 482 1442 536 tt

146 584 210 633 eret
225 576 302 652 apud
318 576 415 644 deum,
449 581 479 631 et
492 574 562 631 deur
579 582 644 631 eret
659 573 787 643 uerbum
819 566 922 634 verum
940 573 1027 635 etiam
1045 572 1121 654 qood
1141 572 1245 654 quibus
1262 573 1294 635 iu

146 672 221 737 ineis
235 673 330 736 asueti
345 670 465 756 spiritus
477 670 618 734 instinots
633 691 707 754 quae
721 692 740 735 a
757 669 876 736 Cbristo
886 671 1003 735 domino
1019 674 1054 735 de
1067 671 1196 754 quolibet
1208 694 1294 756 urgu-

146 786 246 839 mento
268 774 382 858 proieta
403 782 489 849 sunt,
519 782 655 835 seeunte
673 772 877 857 prosequitur,
907 770 1070 835 divinorum
1093 773 1295 856 prophetarum

146 874 324 939 testimoniis
341 871 448 951 oritura
471 892 546 955 quos
561 872 602 935 iiii
617 894 635 936 e
649 875 756 958 seipsis
770 874 982 937 adiudiearunt.
1028 872 1093 937 Hos
1107 873 1183 936 enim
1197 873 1295 937 statim

147 976 233 1040 initio
250 976 448 1052 demonstrat,
471 970 610 1037 loanne-
627 975 781 1059 baptistam
795 974 832 1039 iis
850 996 924 1058 quos
940 976 976 1037 ad
992 994 1025 1038 se
1041 972 1192 1038 Pharisaei
1210 974 1297 1037 niss-

148 1087 218 1140 rnot
231 1074 430 1157 respondisse,
453 1078 518 1154 Ego
530 1097 586 1137 uer
599 1079 747 1139 chnentb
761 1082 791 1139 ιἰι
805 1081 932 1151 Μανιος
955 1081 1071 1156 da‘n'ga’te
1086 1081 1157 1137 ouban
1171 1080 1447 1151 domniut'510wo1221

149 1182 226 1238 subur
244 1180 316 1237 diot't
333 1179 424 1238 Iambe
437 1179 585 1257 prophete.
632 1176 748 1243 Deinde
769 1178 870 1241 iisdem
891 1198 931 1241 ex
950 1177 1098 1262 prophetis
1118 1177 1195 1240 atiud
1214 1177 1296 1239 testi·

150 1278 278 1342 monium
298 1273 423 1340 ioannes
439 1275 571 1356 adducit,
594 1278 729 1342 nimirum
745 1299 786 1343 ex
803 1276 935 1357 Dante,
957 1300 1022 1342 eum
1042 1280 1174 1343 dominus
1193 1299 1296 1342 numu-

149 1379 288 1443 lariorum
309 1397 425 1441 meusas
445 1379 569 1457 evertit,
599 1401 635 1443 eo
655 1381 748 1457 dixit,
777 1384 874 1442 Nolite
884 1384 988 1462 sonere
1007 1385 1115 1443 domtus
1130 1384 1225 1462 petris
1241 1387 1297 1442 mei
1306 1386 1404 1443 ima,
1415 1390 1445 1432 1⁸·

150 1486 258 1543 domun
280 1484 487 1560 negotmbbm’s.
535 1476 709 1544 Meminisse
728 1479 805 1545 enim
827 1483 867 1546 ait
882 1483 1031 1567 apostolos
1045 1484 1121 1567 quod
1141 1495 1206 1547 erat
1222 1483 1296 1546 seri-

151 1593 247 1667 ptum,
277 1584 365 1643 Zetus
381 1584 477 1643 domus
496 1593 561 1643 tune
576 1587 695 1645 eomedit
711 1606 764 1645 me.
810 1585 856 1647 Ae
875 1606 991 1649 rursum
1011 1583 1087 1647 iden
1106 1581 1232 1648 loannes
1252 1583 1296 1647 aie

148 1683 292 1767 loquiture
315 1685 503 1745 Viderimus
523 1687 557 1744 in·
572 1688 677 1762 eprrr'tu
696 1696 803 1747 meto.
1303 1690 1446 1748 innatast.

234 1986 396 2053 Praeterea
412 2007 477 2050 eum
495 1986 524 2051 io
542 1987 616 2051 Asia
632 1986 823 2072 praedicendo
842 1986 888 2051 dei
906 1988 997 2053 uerbo
1014 1989 1089 2052 idern
1107 1987 1234 2054 ioannes
1250 1990 1295 2053 in·
1331 1999 1390 2063 cen·

150 2090 281 2170 sisteret,
300 2101 334 2154 ut
347 2088 447 2173 quanti
459 2088 572 2153 veritas
584 2088 650 2151 fieri
665 2089 784 2151 deberet
799 2089 934 2172 exempla
948 2110 1002 2152 suo
1016 2091 1142 2171 posteris
1154 2092 1296 2176 praeseri·
1312 2066 1406 2116 xm·

149 2192 252 2271 beret,
283 2191 388 2255 miram
413 2190 547 2274 quiddam
569 2200 600 2253 et
621 2188 790 2253 inusitatum
817 2190 915 2272 egisse
936 2191 1078 2274 proditur.
1124 2188 1197 2254 Cum
1222 2191 1297 2255 enim

150 2295 229 2357 vitae
247 2292 411 2357 institutum
430 2302 544 2354 teneret
561 2293 646 2376 piane
665 2290 851 2368 admirabile,
883 2292 968 2374 eique
987 2312 1073 2375 quam
1093 2292 1215 2371 gerebat
1231 2314 1299 2376 apo-

149 2396 274 2459 stolieae
291 2392 426 2479 dignitati
444 2404 690 2470 consentaneum,
720 2393 794 2455 udeo
817 2403 849 2455 ut
867 2414 1012 2475 nunquam
1035 2393 1152 2455 omnino
1173 2394 1298 2471 lavaret,

150 2496 306 2581 aliquando
324 2505 419 2558 tamen
438 2495 531 2557 saneti
546 2495 666 2580 spiritus
680 2493 807 2578 impulsu
822 2494 856 2557 ad
875 2495 994 2557 balneas
1011 2494 1164 2578 prodiens,
1189 2499 1295 2574 Capite,

151 2597 247 2682 inquit
260 2598 295 2660 ad
310 2617 399 2672 suos,
421 2616 494 2677 quoe
508 2601 547 2658 ad
559 2599 687 2659 tamenn
702 2601 861 2685 nenegant-tir
875 2608 951 2658 sunt.
997 2594 1175 2659 Mirantibus
1191 2597 1247 2659 iilis
1263 2597 1298 2660 ad

153 2700 330 2763 iurationem
350 2698 495 2783 perrexit.
538 2696 614 2763 Tum
631 2699 667 2760 ed
685 2719 752 2762 eam
769 2698 815 2782 qui
834 2698 992 2761 lavantium
1008 2699 1182 2762 vestimenta
1197 2718 1299 2761 serua·

152 2801 204 2867 bat
217 2802 362 2865 secedens
375 2800 439 2884 quis
453 2800 530 2863 intra
542 2799 677 2863 balneum
690 2809 770 2863 esset
782 2799 986 2883 interrogavit.
1015 2800 1055 2863 m
1070 2800 1197 2864 olearias
1209 2800 1299 2863 idern·

152 2924 210 2988 que
226 2901 352 2965 uestium
366 2912 466 2965 eustos
480 2901 572 2980 (bane
587 2901 664 2965 enim
679 2922 796 2986 oporam
813 2900 942 2985 plerique
955 2903 1049 2965 vietus
1063 2902 1221 2986 quotidiani
1232 2922 1301 2986 gru-

153 3007 193 3070 tia
217 3003 248 3067 in
274 3003 434 3088 gymnasiis
461 3006 627 3087 praestent)
650 3000 755 3067 ioanni
778 3003 929 3087 respondit
948 3001 1092 3067 Ebionem
1118 3005 1196 3068 intus
1218 3024 1298 3066 esse.

154 3104 223 3190 Qun
238 3105 338 3169 audito
352 3103 450 3167 atatim
466 3102 614 3168 iuteiiexit
627 3125 766 3188 quorsum
783 3104 851 3169 iiiuo
869 3104 962 3190 ipsum
979 3104 1099 3189 spiritus
1117 3114 1236 3170 sanetus
1249 3105 1301 3167 ad-

153 3207 306 3285 duxisset,
331 3217 361 3269 et
379 3217 409 3268 ut
425 3205 546 3269 balneas
562 3206 658 3268 adiret
674 3216 758 3269 esset
772 3206 921 3285 hortatus,
946 3207 1079 3270 nimirum
1100 3207 1135 3269 ad
1153 3224 1301 3270 nominen-

154 3310 296 3386 daudam,
327 3319 357 3370 nt
380 3306 459 3385 dixi,
489 3307 553 3370 eius
574 3308 618 3371 rei
637 3308 824 3386 memoriam,
853 3329 889 3371 ae
908 3309 1091 3372 verissimum
1111 3308 1179 3371 ittet
1198 3308 1301 3388 dogma

153 3411 392 3495 relinquendum,
415 3419 448 3471 ut
462 3408 579 3492 quinam
596 3420 698 3473 essent
712 3405 822 3473 Cbristi
836 3409 918 3473 servi
934 3421 964 3474 et
978 3409 1102 3494 apostoli
1118 3429 1153 3471 ae
1168 3405 1301 3471 veritatis

154 3511 208 3576 filii
225 3514 394 3577 disseruere
413 3531 584 3597 possennus,
607 3511 723 3596 quinam
741 3528 758 3575 e
775 3514 923 3577 contrario
940 3511 1007 3574 mali
1024 3509 1174 3574 daemonis
1193 3509 1302 3573 insuu-

154 3604 263 3691 urenta‚
286 3616 494 3696 inferorumque
501 3626 613 3695 portae,
636 3636 708 3695 quae
721 3636 809 3695 aeque
820 3626 940 3695 petram,
964 3633 1052 3692 neque
1066 3616 1095 3672 in
1109 3632 1143 3673 eu
1148 3604 1301 3694 funderem
1314 3632 1396 3676 metm.

154 3739 190 3780 ne
203 3719 356 3780 eruditatem
368 3718 513 3778 medentium
528 3736 667 3801 superare
684 3726 815 3801 possent.
847 3712 939 3798 igitur
955 3711 1081 3777 ioannes
1096 3723 1216 3797 repente
1229 3735 1300 3777 eon·
1312 3686 1346 3742 η’
1360 3686 1390 3728 η’

154 3818 304 3898 turbatus,
334 3828 421 3901 atque
436 3817 633 3900 ingemiscens
649 3818 771 3898 leniter,
800 3829 833 3880 ut
850 3818 887 3880 ab
904 3814 1038 3879 omnibus
1056 3826 1152 3878 tamen
1168 3815 1302 3879 exaudiri

155 3930 274 4007 posset,
306 3921 393 4003 idque
413 3919 547 4001 integrae
568 3940 603 3982 ae
624 3919 759 3983 sineerae
781 3919 931 3982 doetrinae
953 3916 1150 3980 testimonium
1171 3926 1300 3997 extaret,

155 4026 316 4104 Properute,
332 4023 457 4105 fratres,
479 4019 584 4104 inquit,
600 4024 731 4085 adeamus
746 4025 823 4095 dubo,
842 4043 879 4082 ne
891 4022 1007 4081 balneae
1017 4024 1174 4093 concedant,
1198 4031 1227 4081 et
1239 4041 1302 4081 rum

154 4127 277 4199 Rhebae,
309 4128 533 4206 guidottum,
565 4125 681 4185 adeius
704 4127 870 4204 numeratam
891 4124 1052 4183 odrtmmur.
1098 4119 1204 4205 Neque
1229 4140 1302 4185 vero

154 4225 254 4289 mirari
276 4226 426 4310 quisquam
448 4225 550 4301 debet,
580 4224 647 4287 dum
666 4223 762 4288 Ebion
780 4224 944 4287 occurrisse
964 4221 1067 4287 loanni
1084 4223 1200 4287 dieitur.
1244 4220 1302 4285 ldie

156 4328 232 4391 enim
252 4326 302 4391 diu
316 4328 468 4391 admodum
486 4326 579 4405 vixit,
611 4326 692 4389 etad
708 4324 831 4390 Traiani
847 4327 982 4412 pervenit
997 4326 1160 4412 imperium.
1205 4321 1301 4388 Porro

154 4448 214 4493 nou
231 4426 358 4495 ioannes
375 4429 479 4510 modo,
503 4427 554 4494 sed
574 4439 603 4494 et
619 4448 721 4493 omnes
736 4449 857 4514 prorsus
871 4429 995 4516 apostoli
1012 4427 1135 4492 Ebionis
1152 4428 1238 4491 iidem
1254 4447 1301 4490 re·
