3046 5084
269 329 330 391 238
690 340 811 392 εεμοτι
829 340 996 392 εοινιιιαιι

269 454 357 522 οῦδὲν
376 458 481 540 ἕτερον.
528 461 667 540 Χρῶνται
689 456 722 520 δέ
746 448 830 521 οὗτοι
852 453 889 521 οῦ
909 454 1005 538 μόνον
1024 456 1078 544 νέα
1096 454 1244 545 διαθήκῃ,
1267 453 1337 522 άλλά
1359 462 1412 525 καλ

269 565 389 643 παλαιᾷ,
410 554 548 641 καθάπερ
565 559 615 622 καλ
633 560 665 622 οί
678 556 829 623 Ἰουδαῖοι.
875 555 921 622 Οιί
937 556 993 644 γάρ
1011 555 1207 642 ἀπηγόρευται
1224 556 1293 645 παρ’
1309 557 1413 638 αῦτοῖς

267 662 430 741 νομοθεσία
446 659 497 722 καί
515 665 667 743 προφῆται
688 661 740 723 καὶ
762 668 890 744 γραφεῖα
911 657 947 724 τά
967 657 1049 742 παρά
1065 657 1224 735 Ἰουδαίοις
1243 659 1412 744 καλοάμενα

267 765 375 843 βιβλία,
398 761 493 844 ὥςπερ
511 757 592 844 παρά
607 768 669 834 τοῖς
684 763 915 845 προειρημένοις,
938 759 1008 827 οάδέ
1024 788 1052 827 τι
1066 764 1164 845 ἕτερον
1180 754 1264 827 οὗτοι
1279 771 1409 847 φρονοῦ-

200 863 213 879 “
266 885 326 941 σιν,
349 860 418 928 α’λλά
435 860 508 927 κατά
523 860 556 927 τά
573 860 710 946 κήρυγμα
724 869 779 926 τοῦ
792 861 901 944 νόμον,
923 866 972 927 καὶ
989 860 1031 939 οίς
1045 866 1077 928 οί
1089 860 1231 928 Ἰουδαῖοι
1245 863 1342 929 πάντα
1355 893 1409 930 κα-

264 971 323 1039 λῶς
343 963 534 1050 ὁμολογοῦσι,
555 965 645 1047 χωρίς
665 971 719 1028 τοῦ
740 966 782 1038 είς
800 962 929 1049 Χριστάν
945 969 1039 1047 δῆθεν
1056 967 1285 1030 πεπιστευκέναι.
1330 965 1410 1053 Παρ’

266 1064 368 1141 αὐτοῖς
382 1062 437 1150 γάρ
455 1067 505 1130 καί
526 1049 638 1149 νεκρῶν
655 1063 812 1140 άνάστασις
832 1062 1027 1150 ὁμολογεῖται,
1048 1069 1099 1131 καὶ
1116 1069 1149 1131 έκ
1165 1074 1242 1133 θεοῦ
1257 1064 1295 1132 τά
1309 1066 1409 1133 πάντα

266 1174 447 1252 γεγενῆσθαι.
480 1165 559 1229 Ἕνα
574 1166 606 1230 δέ
627 1163 701 1230 θεάν
719 1169 956 1251 καταγγέλλουσι,
977 1169 1028 1232 καί
1047 1165 1099 1232 τδν
1115 1166 1222 1234 τούτου
1239 1174 1333 1234 παῖδα
1347 1167 1406 1254 Ἰη.

265 1276 339 1333 σοῦν
354 1265 497 1352 Χριστόν·
517 1265 677 1351 Ἑβραικην
692 1267 724 1331 δέ
737 1266 886 1334 διάλεκτον
900 1265 1031 1353 άκριβοῦς
1045 1272 1116 1334 είσιν
1129 1267 1298 1352 ἠσκημένοι.
1329 1271 1408 1354 Παρ’

266 1367 367 1444 αὐτοῖς
380 1368 436 1455 γάρ
451 1375 510 1444 πᾶς
525 1364 542 1433 δ
557 1367 664 1449 νόμος,
685 1371 735 1433 καί
752 1373 784 1434 οέ
802 1376 967 1454 προφῆται,
989 1373 1040 1435 καὶ
1055 1370 1091 1435 τά
1106 1379 1239 1456 Γραφεῖα
1253 1372 1407 1457 λεγόμενα,

145 1495 194 1538 νοτ·
210 1481 253 1525 123.
267 1474 346 1552 φημὶ
370 1472 401 1535 δὲ
421 1469 458 1535 τά
479 1468 612 1553 στιχήρη,
634 1471 684 1534 καί
705 1475 739 1535 αί
752 1478 913 1549 Βασιλείαι,
934 1474 985 1536 καί
1004 1472 1261 1557 Παραλειπόμενα,
1282 1477 1335 1539 καλ
1351 1479 1407 1540 Λί-

265 1571 359 1656 σθῆρ,
381 1575 432 1636 καὶ
452 1571 539 1637 τάλλα
558 1571 655 1636 πάντα
671 1569 835 1657 Ἑβραϊκοῖς
857 1571 1098 1657 άναγινοίσκεται,
1121 1573 1216 1657 άίςπερ
1237 1573 1335 1656 σίμέλει
1355 1580 1407 1641 καὶ

265 1674 345 1757 παρά
359 1673 526 1750 Ἰουδαίοις.
553 1670 603 1737 Ἐν
618 1673 711 1762 τούτῳ
727 1675 759 1738 δέ
776 1672 868 1756 μόνον
882 1674 957 1759 πρός
970 1672 1135 1750 Ἰουδαίους
1149 1678 1339 1761 διαφέρονται
1353 1681 1406 1743 καλ

268 1775 475 1861 Χριστιανοῦς,
496 1773 655 1850 Ἰουδαίοις
676 1776 729 1857 μέν
752 1775 794 1858 μή
816 1783 1058 1858 συμφανυῦντες,
1086 1775 1135 1841 διά
1157 1775 1191 1843 τδ
1214 1781 1255 1853 είς
1274 1778 1407 1864 Χριστδν

264 1880 494 1956 πεπιστευκέναι,
515 1885 703 1962 Χριστιανοῖς
718 1879 750 1944 δέ
763 1877 802 1961 μη
825 1876 1130 1963 ιόμογνιιιμονοῦντες,
1152 1877 1201 1944 διδ
1214 1879 1247 1945 τῦ
1264 1883 1305 1945 έτι
1318 1879 1404 1971 νόμρι

263 1985 457 2062 πεπεδησθαι,
479 1988 622 2069 περιτομῇ
636 2005 666 2044 τε
680 1982 731 2044 καί
746 1979 884 2068 σαββάτῳ
898 1983 949 2045 καί
963 1991 1024 2057 τοῖς
1036 1980 1140 2057 άλλοις.
1178 1984 1256 2066 Περλ
1271 1989 1404 2068 Χριστοῦ

263 2085 296 2148 δέ
313 2081 369 2149 οὐκ
385 2081 452 2149 οίδα
466 2086 572 2161 εἰπεῖν,
594 2085 621 2147 εἰ
632 2084 681 2147 καλ
698 2079 783 2146 αάτολ
800 2089 836 2171 τῇ
852 2090 912 2146 τῶν
926 2085 1146 2168 προειρημένων
1162 2087 1229 2170 περλ
1247 2083 1405 2171 Κήρινθον

261 2188 312 2251 καλ
326 2184 492 2268 Μήρινθον
506 2188 654 2271 μοχθηρίᾳ
670 2181 808 2266 άχθέντες
822 2183 912 2265 ψιλδν
925 2182 1089 2269 άνθροιπον
1102 2191 1278 2267 νομίζουσιν,
1298 2184 1330 2269 ἢ,
1351 2212 1404 2251 ιτα-

263 2287 329 2364 θοίς
344 2285 364 2369 ἦ
381 2286 503 2370 άλήθεια
516 2289 582 2368 έχει,
604 2283 655 2350 διά
670 2284 834 2367 πνεύματος
847 2283 933 2369 άγίου
947 2293 1137 2371 γεγεννῆσθαι
1155 2291 1187 2353 έκ
1201 2292 1326 2374 Μαρίας
1339 2291 1402 2353 δια·

263 2394 457 2474 βεβαιοῦνται.
491 2388 575 2453 Ἔστι
596 2389 628 2452 δέ
648 2386 722 2469 αὕτη
740 2384 760 2469 ἦ
779 2384 923 2471 α’ίρεσιςῆ
940 2395 1121 2473 Ναζωραίων
1140 2392 1172 2455 έν
1186 2397 1222 2479 τῇ
1239 2392 1403 2473 Βεροιαίοκ

262 2494 328 2576 περί
349 2490 402 2574 την
422 2495 531 2573 Κοίλην
547 2493 677 2573 Συρίαν,
702 2490 754 2552 καλ
776 2492 808 2554 έν
830 2496 866 2578 τῇ
884 2489 1047 2555 Δεκαπόλει
1067 2492 1135 2575 περλ
1158 2489 1194 2556 τά
1217 2498 1271 2574 τῆς
1288 2492 1402 2575 Πέλλης

262 2595 346 2679 μέρη,
365 2596 415 2658 καὶ
427 2595 458 2657 έν
473 2594 690 2681 τῄΒασανίτιδι
704 2597 740 2679 τῇ
754 2593 893 2680 λεγομένῃ
905 2590 1047 2680 Κακάβη,
1065 2591 1196 2682 Χαγάβη
1213 2588 1426 2677 δέἙβριίΙδλ

260 2697 406 2782 λεγομένη.
435 2692 567 2758 Ἐκεῖθεν
579 2691 635 2776 γάρ
652 2689 759 2776 ἡάρχή
771 2694 870 2777 γέγονε
885 2692 957 2775 μετά
972 2692 1025 2776 τήν
1041 2691 1099 2759 άπδ
1113 2702 1172 2759 τοῦν
1186 2691 1399 2781 Ἵεροσολάμτοτ

262 2795 449 2878 μετάστασιν,
471 2793 588 2859 πάντων
600 2802 658 2860 τῶν
677 2803 820 2877 μαθητῶν
836 2802 894 2860 τῶν
911 2798 943 2861 έν
960 2797 1057 2884 Πέλλη
1073 2794 1246 2884 μ’κηκάτοιν,
1271 2800 1402 2879 Χριστοῦ

262 2896 410 2978 φήσαντος
423 2905 598 2977 καταλεῖιμαι
611 2895 648 2961 τά
664 2893 869 2981 Ἰεροσόλυμα,
891 2899 943 2962 καλ
958 2894 1158 2982 άναχοορῆσαι,
1182 2899 1285 2983 έπειδή
1302 2896 1403 2982 ἤμελλε

261 2998 381 3082 πάσχειν
396 3004 574 3084 πολιορκίαν.
619 3001 679 3067 Καί
695 3002 727 3066 έκ
743 3006 795 3081 τῆς
809 2997 945 3081 τοιαύτης
958 2997 1131 3074 ὖποθέσεως
1142 2998 1197 3082 τὴν
1212 3004 1348 3085 Περαίαν
1360 3002 1403 3066 οί·

261 3100 403 3184 κησαντες
423 3104 528 3179 έκεῖσε,
551 3099 592 3177 ὥς
607 3104 698 3184 έφην,
721 3103 876 3189 διέτριβον.
917 3098 1071 3166 Ἐντεῦθεν
1087 3098 1108 3184 ἡ
1123 3101 1200 3167 κατά
1214 3099 1286 3178 τοῦς
1299 3108 1403 3180 Ναζω-

262 3208 366 3292 ραίους
387 3207 496 3289 αἵρεσις
517 3206 579 3286 έσχε
599 3202 653 3287 την
673 3201 772 3291 άρχήν.

128 3317 194 3383 Κεφ.
212 3312 247 3382 η’.
351 3305 558 3388 Πεπλάνηνται
583 3307 615 3371 δέ
640 3308 690 3371 καλ
718 3298 817 3385 οῦτοι,
845 3304 1004 3391 περιτομὴν
1030 3303 1187 3389 αὐχοῦντες
1193 3356 1203 3386 ,
1228 3306 1281 3370 καλ
1302 3304 1345 3369 ίτι
1369 3306 1403 3368 οέ

262 3418 391 3475 τοιοῦτοι
406 3408 465 3476 άπδ
483 3407 615 3494 κατάραν
633 3410 703 3488 εἰσί,
726 3406 768 3491 μὴ
784 3406 939 3489 δυνάμενοι
957 3404 1010 3473 τδν
1021 3407 1115 3491 νόμον
1129 3413 1286 3494 πληρῶσαι.
1325 3410 1401 3480 Πᾶς

262 3510 317 3597 γάρ
335 3513 510 3595 δυνήσονται
527 3518 660 3595 πληροῦν
676 3508 711 3576 τά
728 3513 760 3577 έν
777 3517 818 3599 τρῦ
833 3508 915 3599 νόμῳ
933 3512 1084 3595 ελρημένα,
1106 3510 1153 3576 ὅτι
1169 3510 1233 3595 τρὶς
1245 3514 1300 3575 τοῦ
1315 3508 1402 3584 έτοας

263 3610 386 3704 α’φθήση
402 3615 529 3682 ένάπιον
543 3618 648 3700 κυρίου
663 3621 716 3680 τοῦ
729 3620 806 3679 θεοῦ
821 3634 892 3693 σου,
913 3610 988 3678 κατά
1001 3637 1032 3678 τε
1046 3610 1206 3695 ιδ”Λζνμα
1218 3611 1269 3677 καλ
1285 3616 1401 3693 Σκηνο·

263 3720 373 3797 πηγίαν
393 3721 444 3782 καί
464 3716 518 3800 τὴν
536 3714 760 3799 Πεντηκοστὴν,
782 3717 815 3781 έν
836 3722 877 3805 τῷ
899 3713 981 3803 τόπηι
997 3711 1224 3799 Ἰεροσολάμιινς
1252 3709 1401 3778 Ἆποκλει·

263 3816 387 3891 σθένεος
407 3818 463 3904 γάρ
481 3826 535 3886 τοῦ
548 3819 659 3903 νόμον,
679 3820 731 3883 καλ
745 3826 804 3883 τοῦν
819 3820 851 3884 έν
864 3824 905 3907 τῷ
919 3815 1003 3906 νέμφ
1021 3813 1064 3899 μὴ
1080 3818 1253 3900 δυναμένων
1271 3820 1400 3900 κληροῦ·

261 3928 351 3996 σθαι,
372 3922 463 3984 παντί
477 3927 518 4007 τῷ
536 3929 608 3987 νοῦν
624 3924 718 4004 έχοντι
735 3920 827 4001 σαφές
842 3917 880 3985 δν
894 3922 940 4002 είη
954 3918 1000 3984 ὅτι
1016 3917 1144 4004 Χριστδς
1157 3911 1233 4001 ἦλθε
1245 3913 1402 4001 πληρωτὴς

261 4028 316 4087 τοῦ
331 4018 441 4104 νόμον,
463 4020 499 4086 οῦ
513 4021 565 4088 τδν
578 4022 672 4106 νόμον
685 4021 868 4103 καταλύσων,
891 4019 961 4086 άλλά
975 4021 1027 4087 τδν
1041 4021 1134 4103 νόμον
1148 4018 1328 4105 πληροίσειν,
1347 4019 1400 4081 καλ

189 4182 197 4198 ,
262 4121 380 4204 δφελεῖν
395 4121 450 4205 την
464 4122 596 4208 κατάραν
611 4124 664 4207 τὴν
679 4123 754 4190 κατά
769 4132 822 4207 τῆς
834 4122 1029 4209 παραβάσεως
1043 4130 1097 4188 τοῦ
1110 4121 1206 4206 νόμον
1219 4118 1400 4206 άρισθεῖσαν.

262 4224 350 4289 Μετὰ
370 4223 425 4311 γάρ
446 4221 479 4289 τδ
497 4227 679 4291 ἐντείλασθαι
699 4226 752 4292 τδν
767 4227 901 4292 Μωῦσέα
914 4231 1013 4290 πᾶσαν
1028 4224 1160 4308 έντολην,
1182 4217 1275 4308 ἦλθεν
1294 4222 1345 4289 έπλ
1362 4217 1398 4287 τδ

260 4326 350 4411 τέρμα
373 4333 426 4410 τῆς
448 4328 568 4410 βίβλου,
589 4328 641 4389 καὶ
657 4330 817 4393 συνέκλεισε
834 4326 867 4394 τδ
889 4335 950 4393 πᾶν
969 4330 1011 4403 εἰς
1028 4325 1174 4412 κατάραν,
1195 4329 1302 4412 λέγων,
1320 4320 1402 4388 Ἐλπι-

294 4498 354 4549 6ιε.
367 4499 420 4549 vn.
438 4529 471 4539 -
505 4497 528 4550 1.
544 4492 775 4564 ὁμογνωμονοῦντας
792 4501 846 4550 odit.
869 4496 1182 4617 fflffffflmm
1198 4501 1250 4551 εαλ
1267 4498 1365 4561 Μία
1378 4500 1402 4547 τί
1501 4484 1507 4493 ’
