3046 5084
265 343 322 404 126
683 350 802 404 SANCTI
820 349 985 401 EPIPHANH

130 469 197 537 Κεφ·
214 466 247 536 λ’·
342 461 398 532 Ἦν
414 467 446 532 δέ
464 466 538 548 αὕτη
555 464 618 531 τότε
633 464 654 548 ή
669 468 719 531 ἐπὶ
734 476 796 542 τοῖς
803 465 928 547 Ἕλλησί
944 490 975 529 τε
992 467 1043 528 καί
1063 465 1176 549 Τρωσί,
1197 466 1249 529 καί
1264 460 1407 530 άνωτάτω

262 569 350 657 πρινῆ
365 569 417 636 τόν
432 567 544 650 κόσμον
558 569 710 654 γενέσθαι,
742 571 792 633 καί
816 564 886 649 μετά
909 565 961 631 τόν
982 563 1093 646 κόσμον
1116 563 1165 629 διά
1188 571 1248 630 των
1271 562 1409 648 άοράτων

263 672 418 755 δυνάμεων
433 670 467 735 τά
483 676 531 736 ίσα
547 670 671 736 ἰσότυπα
683 679 869 752 πεποιηκυῖα.
912 668 998 750 Αὕτη
1012 669 1044 732 δέ
1060 669 1136 732 ἐστιν
1152 666 1173 750 ή
1187 675 1242 732 νῦν
1258 666 1313 732 σύν
1328 668 1407 750 ἐμοὶ,

263 778 314 840 καί
339 772 388 839 διά
414 773 522 855 ταύτην
542 771 739 854 κατελήλυθα,
769 775 820 837 καλ
842 770 916 852 αὕτη
938 771 969 834 δέ
994 768 1158 855 προςεδόκα
1179 768 1234 851 τήν
1256 767 1331 851 έμῆν
1352 795 1410 834 πα-

262 882 391 963 ρουσίαν.
413 875 499 958 Αότη
512 875 568 961 γάρ
583 879 658 940 ἐστιν
674 872 844 955 ῆἝννοια,
861 871 881 954 ή
894 870 963 956 παρ’
976 869 1094 959 Ὁμήρῳ
1106 868 1213 953 Ἑλένη
1229 872 1408 954 καλουμένη·

261 982 313 1045 καὶ
329 977 434 1044 τούτου
452 981 549 1043 ἕνεκεν
566 972 754 1060 ἀναγκάζεται
773 972 865 1055 αὐτήν
888 971 1204 1058 διαγράφειαὍμηρος
1221 975 1271 1038 ἐπλ
1289 972 1408 1058 πύργον

262 1082 426 1162 έστηκέναι,
448 1081 497 1143 καί
515 1077 565 1142 διά
586 1076 738 1158 λαμπάδος
757 1073 937 1154 ύποφαίυειν
958 1083 1020 1149 τοῖς
1030 1074 1157 1156 Ἕλλησι
1177 1073 1231 1157 τήν
1253 1073 1326 1139 κατά
1348 1081 1408 1139 τῶν

266 1187 395 1265 Φρυγῶν
408 1177 576 1261 ἐπιβουλήν.
618 1175 844 1262 Ἐχαρακτήριζε
859 1177 890 1241 δέ
904 1174 953 1241 διά
969 1184 1021 1257 τῆς
1035 1175 1239 1258 λαμπηδόνος,
1262 1173 1303 1252 ω’ς
1319 1178 1407 1258 έφην,

175 1323 180 1331 -
262 1280 316 1364 τῆν
332 1289 387 1345 τοῦ
409 1280 526 1345 άνωθεν
550 1278 649 1359 φωτός
674 1281 801 1355 ἔνδειξιν.
845 1277 901 1343 Διό
924 1281 974 1343 καὶ
997 1277 1048 1343 τόν
1066 1276 1135 1363 παρ’
1150 1276 1268 1367 Ὁμήρῳ
1286 1277 1409 1363 δούριον

261 1388 355 1448 ίππυν
380 1384 630 1463 μεμηχανημένον,
660 1379 694 1446 δυ
716 1386 881 1461 νομίζουσιν
894 1380 1040 1460 Ἕλληνες
1065 1383 1197 1462 ἐπίτηδες
1221 1387 1407 1465 γεγενῆσθαι,

263 1488 339 1570 έλεγε
355 1483 442 1548 πάλιν
461 1482 480 1548 ό
500 1483 572 1568 γόης
596 1482 641 1548 ότι
657 1479 760 1567 άγνοιά
777 1484 834 1546 ἐστι
853 1489 912 1546 τῶν
925 1485 1038 1560 ἐθνῶν,
1061 1485 1110 1547 καλ
1128 1480 1169 1558 σός
1183 1486 1214 1548 οἱ
1231 1479 1347 1568 Φρύγες
1366 1484 1410 1548 32-

264 1612 365 1662 κοντες
391 1583 481 1650 αύτόν
506 1584 608 1671 άγνοίγι
634 1583 685 1649 τόν
706 1588 783 1649 ίδιον
805 1582 931 1670 όλεθρον
954 1583 1170 1662 ἐπεσπάσαντο,
1198 1583 1277 1649 ούτω
1297 1585 1349 1649 καλ
1372 1582 1409 1648 τά

265 1691 351 1769 ἐθνη,
366 1689 512 1752 τουτέστιν
529 1691 561 1751 σί
573 1685 740 1771 άνθρωποι,
758 1683 841 1761 ἐκτός
854 1694 907 1767 τῆς
922 1688 994 1768 ἐμῆς
1007 1684 1142 1771 γνώσεως
1158 1684 1208 1750 διά
1222 1693 1275 1769 τῆς
1289 1683 1410 1772 άγνοίας

264 1793 397 1856 ἕλκουσιν
412 1791 526 1864 ἑαυτοῖς
540 1787 593 1870 τήν
613 1786 767 1853 άπολλειαν.
808 1785 892 1852 Ἀλλά
912 1791 964 1853 καλ
982 1786 1114 1870 Ἀθηνάν
1131 1787 1219 1854 πάλιν
1239 1787 1293 1871 τῆν
1315 1785 1410 1870 αύτῆν

265 1896 341 1977 έλεγε
356 1890 408 1973 τῆν
425 1889 493 1975 παρ’
509 1889 757 1956 αύτοῐνἜννοιαν
769 1891 968 1973 καλουμένην,
989 1889 1137 1975 χρώμενος
1151 1894 1245 1973 δῆθεν
1264 1887 1283 1955 ό
1298 1885 1411 1964 πλάνος

264 2005 329 2071 ταῖς
343 2001 396 2059 τοῦ
410 1991 496 2077 άγίου
507 1991 671 2057 άποστόλου
690 1991 812 2057 Παύλου
830 2002 954 2071 φωναῖς,
976 1999 1143 2074 μεταποιῶν
1154 2017 1184 2057 τε
1198 1991 1250 2075 τήν
1266 1988 1409 2073 άλήθειαν

266 2100 307 2173 εἰς
326 2095 359 2162 τό
378 2093 470 2160 αύτοῦ
488 2098 617 2175 ψεῦδος,
638 2092 688 2172 τό,
710 2092 900 2159 Ἐνδύσασθε
919 2093 970 2158 τόν
985 2091 1113 2178 θώρακα
1128 2101 1181 2175 τῆς
1198 2099 1335 2171 πίστεως,
1357 2093 1410 2158 καὶ

265 2197 319 2282 τῆν
337 2202 567 2283 περικεφαλαίαν
586 2203 639 2262 τοῦ
665 2201 825 2280 σωτηρίου,
853 2199 904 2260 καί
925 2198 1085 2277 κνημῖδας,
1114 2197 1164 2260 καί
1179 2195 1337 2280 μάχαιραν,
1359 2196 1411 2260 καλ

265 2300 394 2386 θυρεόν·
415 2306 507 2363 ταῦτα
521 2297 617 2363 πάντα
634 2299 684 2362 έπλ
700 2306 752 2380 τῆς
765 2305 819 2362 τοῦ
840 2302 1029 2371 Φιλιστίωνος
1043 2295 1247 2383 μιμσλογίαςό
1263 2294 1408 2375 άπατεσίν,

266 2401 302 2467 τά
315 2400 372 2468 ύπό
389 2410 443 2468 τοῦ
460 2398 623 2466 άποστόλου
640 2401 777 2485 εἰρημένα
795 2397 843 2462 διά
857 2399 972 2483 στερεόν
986 2397 1124 2483 λογισμόν
1138 2403 1187 2465 καλ
1207 2405 1303 2466 πίστιν
1318 2396 1411 2485 άγνῆς

267 2503 455 2589 άναστροφῆς
472 2504 521 2566 καλ
539 2500 664 2582 δύναμιν
680 2505 767 2565 θείου
782 2501 870 2585 λόγου
888 2503 937 2565 καί
954 2503 1150 2588 ἐπουρανίου,
1172 2504 1214 2578 εἰς
1228 2501 1332 2585 χλεύην
1351 2509 1411 2566 λοι-

156 2648 208 2692 1¹¹⁸·
220 2634 252 2678 ιε.
266 2606 324 2672 πόα
341 2607 392 2670 καὶ
415 2602 501 2669 οόδέν
522 2605 618 2684 ἕτερον
637 2603 850 2685 μεταστρέφων.
901 2608 958 2667 ιΤί
976 2601 1047 2688 γάρς
1077 2605 1168 2685 φησί,
1194 2611 1292 2669 Ταῦτα
1313 2601 1411 2668 πάντα

268 2712 309 2784 εἰς
325 2705 455 2787 Ἀθηνᾶς
478 2703 591 2779 τόπους
612 2708 822 2788 μυστηριωδῶς
844 2703 1018 2787 ἐσχημάτιζε.
1061 2705 1118 2770 Διό
1135 2703 1222 2770 πάλιν
1239 2709 1348 2792 ἰλεγεν,
1369 2702 1411 2782 σός

268 2817 428 2894 προεῖπον,
450 2803 627 2885 ὑποφαίνων
648 2808 761 2888 ἐκείνην
777 2806 831 2888 τήν
844 2804 903 2888 μετ’
918 2803 1010 2872 αύτοῦ
1022 2816 1148 2892 γυναῖκα
1162 2804 1213 2890 τῆν
1229 2805 1289 2874 άπδ
1311 2805 1411 2894 Τύρου

267 2917 434 2992 ληφθεῖσαν
453 2905 548 2996 αύτῷ,
570 2907 623 2991 τήν
641 2905 799 2991 όμοίνυμον
814 2916 867 2990 τῆς
887 2916 1013 2984 παλαιάς
1025 2906 1157 2991 Ἑλένης,
1178 2908 1215 2974 τά
1233 2908 1330 2976 πάντα
1342 2908 1413 2976 ταύ-

269 3038 323 3094 την
336 3017 449 3088 καλῶν,
476 3008 697 3088 καλἝννοιαν,
728 3013 778 3074 καί
793 3008 939 3093 Ἀθηνᾶν,
968 3013 1019 3076 καί
1036 3007 1176 3093 Ἑλένην,
1204 3014 1256 3078 καλ
1275 3011 1312 3078 τά
1332 3012 1411 3079 άλλα.

271 3115 330 3178 Καὶ
347 3110 397 3177 διά
411 3111 532 3194 ταύτην,
555 3115 644 3194 φησὶ,
667 3114 868 3195 καταβέβηκα·
898 3120 985 3178 τοῦτο
1001 3111 1057 3200 γάρ
1081 3113 1142 3177 ἐστι
1163 3111 1197 3180 τό
1212 3117 1413 3201 γεγραμμένον

269 3220 355 3305 ἐντῷ
370 3211 522 3302 εύαγγελίςο
537 3211 568 3279 τό
589 3212 738 3299 πρόβατον
753 3212 785 3278 τό
802 3217 1033 3297 πεπλανημένον.
1067 3212 1151 3279 Ἀλλά
1164 3216 1215 3281 καί
1229 3215 1331 3283 εἰκόνα
1345 3214 1412 3281 τινά

268 3319 459 3404 παραδέδωκε
479 3325 542 3391 τοῖς
564 3314 673 3393 αότοῦ,
704 3313 745 3391 οίς
760 3320 853 3399 δῆθεν
874 3315 966 3382 αὐτοῦ
985 3310 1092 3395 οὖσαν,
1121 3319 1174 3383 καλ
1196 3322 1411 3401 προςκυνοῦστν

270 3420 362 3504 αύτῆν
388 3422 419 3486 ἐν
440 3421 510 3483 είδει
526 3416 607 3493 Διός.
642 3416 750 3500 ’Ἀλλην
770 3420 802 3484 δέ
826 3415 963 3496 όςαύτως
980 3415 1102 3501 Ἑλένης
1125 3419 1225 3485 εἰκόνα
1240 3420 1411 3503 παρέδωκεν

270 3522 370 3599 αὐτοῖς
394 3526 426 3589 ἐν
448 3521 573 3604 σχήματι
589 3519 738 3603 Ἀθηνᾶς,
768 3522 820 3587 καλ
841 3528 1040 3608 προςκυνοῦσι
1053 3519 1162 3600 ταύτας
1181 3525 1213 3589 ολ
1224 3520 1301 3609 πρός
1320 3517 1415 3588 αύτοῧ

270 3621 459 3706 ἠπατημένοι.

140 3735 203 3802 Κεφ.
221 3725 253 3783 δ’.
358 3726 537 3812 ιΜυστήρνα
555 3727 587 3791 δέ
604 3722 731 3791 όπέθετο
748 3725 950 3813 αἰσχρότητος,
971 3724 1084 3811 βύσεός
1100 3752 1131 3792 τι
1150 3724 1309 3810 σωμάτων,
1331 3725 1415 3803 ὅπως

272 3825 444 3909 σεμνότερον
466 3825 673 3914 όφηγήσομαι,
701 3826 817 3916 άνδρῶν
840 3829 893 3911 μέν
918 3826 968 3894 διά
991 3836 1044 3910 τῆς
1065 3825 1245 3917 άπορροίας,
1267 3835 1416 3916 γυναικῶν

273 3928 305 3993 δέ
320 3923 370 3991 διά
387 3934 446 3992 τῶν
463 3929 525 3992 κατ’
544 3930 683 4013 ἐθισμόν,
704 3937 763 3997 τῶν
779 3925 942 4013 ἐμμηνίων,
964 3936 1088 4020 συλλογῆ
1106 3956 1163 3997 τινι
1178 3930 1353 4020 αἰσχροτάτη
1373 3932 1416 4006 εἰς

273 4027 417 4113 μυστήρια
443 4030 633 4116 συνάγεσθαι·
663 4034 712 4097 καλ
738 4038 830 4099 ταῦτα
850 4029 923 4097 εἰναι
946 4029 1091 4119 μυστήρια
1110 4039 1201 4117 ζωῆς,
1229 4029 1365 4120 γνοίσειός
1383 4052 1415 4094 τε

274 4139 325 4214 τῆς
339 4127 525 4212 τελειοτάτης.
544 4131 639 4217 Ὅπερ
653 4133 774 4215 μάλιστα
787 4131 910 4217 ύπάρχετ
924 4140 964 4221 τῷ
979 4132 1033 4216 τῆν
1048 4132 1164 4200 σύνεσιν
1177 4136 1210 4201 ἐκ
1224 4141 1300 4200 θεοῦ
1313 4155 1414 4213 κεκτη-

274 4236 351 4323 μένῳ
370 4236 523 4317 βδελυρίαν
546 4240 653 4315 μᾶλλον
673 4233 811 4320 ήγεῖσθαι
831 4237 883 4301 καλ
898 4233 1032 4301 θάνατον
1051 4234 1126 4322 ῆπερ
1141 4236 1225 4320 ζωήν.
1267 4229 1415 4315 Ὀνόματα

309 4388 367 4442 en.
383 4391 425 4439 ΙΙΙ.
450 4414 482 4427 -
518 4389 538 4440 l.
560 4391 631 4450 λἀίςσ
647 4388 672 4441 τί
687 4389 734 4458 γάρ
754 4407 828 4458 φησι,
861 4393 1003 4442 immid&
1024 4395 1062 4443 λίδ,
1077 4396 1117 4455 W,
1140 4406 1191 4454 σσφ.
1207 4389 1229 4442 l.
1250 4392 1279 4440 de
1301 4390 1417 4441 Gnostici·

274 4460 361 4509 ταῦτα.
861 4462 942 4522 refert:
967 4461 1049 4521 „Sunt
1070 4470 1152 4511 autem
1171 4474 1260 4509 uxores
1280 4455 1330 4508 ini·
1343 4474 1417 4509 com-

311 4524 476 4574 cn.1v.-
509 4523 530 4574 1.
549 4526 675 4586 Εμίμλσνλί
690 4529 760 4576 verba
774 4529 829 4577 λλίυ-
862 4543 962 4585 munes,
988 4527 1104 4596 quodque
1124 4524 1218 4577 nullm
1242 4541 1295 4578 non
1317 4523 1345 4578 in
1366 4524 1416 4577 illi·

272 4598 348 4644 αιαολ
362 4607 391 4643 εσ
406 4607 466 4654 φασι
481 4594 572 4644 Nicetes
580 4594 702 4644 Ολοκίαίττ
712 4596 828 4647 Thmor-
861 4593 1003 4662 spurcitiem
1012 4606 1038 4647 τε
1049 4592 1217 4664 impurium
1227 4592 1416 4663 αιςαληίσίρτσ
