<?xml version="1.0" encoding="UTF-8"?>
<!DOCTYPE html PUBLIC "-//W3C//DTD XHTML 1.0 Transitional//EN"
    "http://www.w3.org/TR/xhtml1/DTD/xhtml1-transitional.dtd">
<html xmlns="http://www.w3.org/1999/xhtml" xml:lang="en" lang="en">
 <head>
  <title>
</title>
<meta http-equiv="Content-Type" content="text/html;charset=utf-8" />
  <meta name='ocr-system' content='tesseract 3.04.00' />
  <meta name='ocr-capabilities' content='ocr_page ocr_carea ocr_par ocr_line ocrx_word'/>
</head>
<body>
  <div class='ocr_page' id='page_1' title='image "./corporishaerese01unkngoog_0655.png"; bbox 0 0 3046 5084; ppageno 0'>
   <div class='ocr_carea' id='block_1_1' title="bbox 343 363 1276 425">
    <p class='ocr_par' dir='ltr' id='par_1_1' title="bbox 343 363 1276 425">
     <span class='ocr_line' id='line_1_1' title="bbox 343 363 1276 425; baseline 0.01 -11"><span class='ocrx_word' id='word_1_1' title='bbox 343 401 346 405; x_wconf 91' lang='lat'>.</span> <span class='ocrx_word' id='word_1_2' title='bbox 397 363 532 416; x_wconf 79' lang='lat' dir='ltr'>ransart</span> <span class='ocrx_word' id='word_1_3' title='bbox 547 364 643 419; x_wconf 74' lang='lat' dir='ltr'>nter.</span> <span class='ocrx_word' id='word_1_4' title='bbox 661 365 743 420; x_wconf 80' lang='lat' dir='ltr'>root.</span> <span class='ocrx_word' id='word_1_5' title='bbox 757 368 803 419; x_wconf 86' lang='lat' dir='ltr'>tn.</span> <span class='ocrx_word' id='word_1_6' title='bbox 820 368 919 420; x_wconf 77' lang='lat' dir='ltr'>enen.</span> <span class='ocrx_word' id='word_1_7' title='bbox 934 369 1016 420; x_wconf 82' lang='lat' dir='ltr'>xnn.</span> <span class='ocrx_word' id='word_1_8' title='bbox 1219 363 1276 425; x_wconf 85' lang='lat'>651</span> 
     </span>
    </p>
   </div>
   <div class='ocr_carea' id='block_1_2' title="bbox 105 483 1432 2307">
    <p class='ocr_par' dir='ltr' id='par_1_2' title="bbox 105 483 1432 2307">
     <span class='ocr_line' id='line_1_2' title="bbox 132 483 1281 576; baseline 0.004 -26"><span class='ocrx_word' id='word_1_9' title='bbox 132 484 328 550; x_wconf 89' lang='lat' dir='ltr'>testimoninm</span> <span class='ocrx_word' id='word_1_10' title='bbox 344 483 516 564; x_wconf 76' lang='lat' dir='ltr'>obfirmasti,</span> <span class='ocrx_word' id='word_1_11' title='bbox 539 496 573 550; x_wconf 93' lang='lat' dir='ltr'>ut</span> <span class='ocrx_word' id='word_1_12' title='bbox 586 486 634 552; x_wconf 83' lang='lat' dir='ltr'>rel</span> <span class='ocrx_word' id='word_1_13' title='bbox 648 487 817 572; x_wconf 71' lang='lat' dir='ltr'>inprudens</span> <span class='ocrx_word' id='word_1_14' title='bbox 832 489 1006 552; x_wconf 81' lang='lat' dir='ltr'>confiterere</span> <span class='ocrx_word' id='word_1_15' title='bbox 1021 487 1138 576; x_wconf 84' lang='lat' dir='ltr'>Moysis</span> <span class='ocrx_word' id='word_1_16' title='bbox 1154 492 1246 576; x_wconf 88' lang='lat' dir='ltr'>legem</span> <span class='ocrx_word' id='word_1_17' title='bbox 1264 516 1281 555; x_wconf 88' lang='lat' dir='ltr'>n</span> 
     </span>
     <span class='ocr_line' id='line_1_3' title="bbox 131 587 1279 677; baseline 0.002 -24"><span class='ocrx_word' id='word_1_18' title='bbox 131 587 186 653; x_wconf 91' lang='lat' dir='ltr'>deo</span> <span class='ocrx_word' id='word_1_19' title='bbox 207 589 386 665; x_wconf 78' lang='lat' dir='ltr'><strong>derivatam,</strong></span> <span class='ocrx_word' id='word_1_20' title='bbox 420 587 949 673; x_wconf 77' lang='lat' dir='ltr'>booipsoqnod,-1a.tegeMosir,</span> <span class='ocrx_word' id='word_1_21' title='bbox 980 592 1147 677; x_wconf 78' lang='lat' dir='ltr'>scripseris.</span> <span class='ocrx_word' id='word_1_22' title='bbox 1194 590 1279 672; x_wconf 87' lang='lat' dir='ltr'>item,</span> 
     </span>
     <span class='ocr_line' id='line_1_4' title="bbox 129 689 1280 776; baseline 0.003 -23"><span class='ocrx_word' id='word_1_23' title='bbox 129 696 193 753; x_wconf 79' lang='lat' dir='ltr'>hee</span> <span class='ocrx_word' id='word_1_24' title='bbox 209 695 287 752; x_wconf 74' lang='lat' dir='ltr'>dreit.</span> <span class='ocrx_word' id='word_1_25' title='bbox 335 689 537 774; x_wconf 66' lang='lat' dir='ltr'>adstipulatur</span> <span class='ocrx_word' id='word_1_26' title='bbox 554 692 631 755; x_wconf 89' lang='lat' dir='ltr'>enim</span> <span class='ocrx_word' id='word_1_27' title='bbox 654 704 684 754; x_wconf 89' lang='lat' dir='ltr'>et</span> <span class='ocrx_word' id='word_1_28' title='bbox 701 692 851 776; x_wconf 84' lang='lat' dir='ltr'>apostolos</span> <span class='ocrx_word' id='word_1_29' title='bbox 871 700 973 776; x_wconf 83' lang='lat' dir='ltr'>postea</span> <span class='ocrx_word' id='word_1_30' title='bbox 991 693 1168 758; x_wconf 77' lang='lat' dir='ltr'>subiicieusr</span> <span class='ocrx_word' id='word_1_31' title='bbox 1191 699 1280 756; x_wconf 85' lang='lat' dir='ltr'>Num-</span> 
     </span>
     <span class='ocr_line' id='line_1_5' title="bbox 129 794 1279 880; baseline 0.003 -25"><span class='ocrx_word' id='word_1_32' title='bbox 129 797 199 876; x_wconf 77' lang='lat' dir='ltr'>quid</span> <span class='ocrx_word' id='word_1_33' title='bbox 220 798 254 854; x_wconf 86' lang='lat' dir='ltr'>de</span> <span class='ocrx_word' id='word_1_34' title='bbox 276 795 362 854; x_wconf 83' lang='lat' dir='ltr'>bobus</span> <span class='ocrx_word' id='word_1_35' title='bbox 383 814 453 854; x_wconf 85' lang='lat' dir='ltr'>earu</span> <span class='ocrx_word' id='word_1_36' title='bbox 474 805 518 854; x_wconf 84' lang='lat' dir='ltr'>est</span> <span class='ocrx_word' id='word_1_37' title='bbox 533 797 606 855; x_wconf 73' lang='lat' dir='ltr'>deo?</span> <span class='ocrx_word' id='word_1_38' title='bbox 647 799 697 856; x_wconf 80' lang='lat' dir='ltr'>Aa</span> <span class='ocrx_word' id='word_1_39' title='bbox 707 805 828 874; x_wconf 79' lang='lat' dir='ltr'>propter</span> <span class='ocrx_word' id='word_1_40' title='bbox 842 816 893 855; x_wconf 85' lang='lat' dir='ltr'>nos</span> <span class='ocrx_word' id='word_1_41' title='bbox 909 799 1005 875; x_wconf 71' lang='lat' dir='ltr'>rupae</span> <span class='ocrx_word' id='word_1_42' title='bbox 1019 796 1110 857; x_wconf 75' lang='lat' dir='ltr'>dr&#39;rr&#39;tt</span> <span class='ocrx_word' id='word_1_43' title='bbox 1152 794 1237 880; x_wconf 81' lang='lat' dir='ltr'>Quod</span> <span class='ocrx_word' id='word_1_44' title='bbox 1255 798 1279 861; x_wconf 89' lang='lat' dir='ltr'>si</span> 
     </span>
     <span class='ocr_line' id='line_1_6' title="bbox 129 894 1279 980; baseline 0.002 -22"><span class='ocrx_word' id='word_1_45' title='bbox 129 907 248 980; x_wconf 88' lang='lat' dir='ltr'>propter</span> <span class='ocrx_word' id='word_1_46' title='bbox 266 895 414 980; x_wconf 88' lang='lat' dir='ltr'>apostolos</span> <span class='ocrx_word' id='word_1_47' title='bbox 432 905 489 957; x_wconf 80' lang='lat' dir='ltr'>tam</span> <span class='ocrx_word' id='word_1_48' title='bbox 504 894 555 957; x_wconf 84' lang='lat' dir='ltr'>lex</span> <span class='ocrx_word' id='word_1_49' title='bbox 573 915 658 978; x_wconf 88' lang='lat' dir='ltr'>quam</span> <span class='ocrx_word' id='word_1_50' title='bbox 681 894 730 979; x_wconf 87' lang='lat' dir='ltr'>qui</span> <span class='ocrx_word' id='word_1_51' title='bbox 752 896 781 958; x_wconf 91' lang='lat' dir='ltr'>in</span> <span class='ocrx_word' id='word_1_52' title='bbox 799 896 864 979; x_wconf 89' lang='lat' dir='ltr'>lege</span> <span class='ocrx_word' id='word_1_53' title='bbox 882 896 995 960; x_wconf 84' lang='lat' dir='ltr'>loeutus</span> <span class='ocrx_word' id='word_1_54' title='bbox 1012 908 1058 959; x_wconf 86' lang='lat' dir='ltr'>est</span> <span class='ocrx_word' id='word_1_55' title='bbox 1073 899 1145 961; x_wconf 89' lang='lat' dir='ltr'>deus</span> <span class='ocrx_word' id='word_1_56' title='bbox 1163 900 1219 961; x_wconf 88' lang='lat' dir='ltr'>ista</span> <span class='ocrx_word' id='word_1_57' title='bbox 1238 898 1279 960; x_wconf 91' lang='lat' dir='ltr'>di-</span> 
     </span>
     <span class='ocr_line' id='line_1_7' title="bbox 127 994 1280 1086; baseline 0.001 -23"><span class='ocrx_word' id='word_1_58' title='bbox 127 1007 255 1076; x_wconf 77' lang='lat' dir='ltr'>seront,</span> <span class='ocrx_word' id='word_1_59' title='bbox 288 1008 410 1080; x_wconf 89' lang='lat' dir='ltr'>uterque</span> <span class='ocrx_word' id='word_1_60' title='bbox 431 997 564 1081; x_wconf 88' lang='lat' dir='ltr'>proiecto</span> <span class='ocrx_word' id='word_1_61' title='bbox 582 997 780 1082; x_wconf 89' lang='lat' dir='ltr'>apostolorum</span> <span class='ocrx_word' id='word_1_62' title='bbox 799 994 909 1062; x_wconf 78' lang='lat' dir='ltr'><strong>Christi</strong></span> <span class='ocrx_word' id='word_1_63' title='bbox 927 1019 1025 1061; x_wconf 90' lang='lat' dir='ltr'>curam</span> <span class='ocrx_word' id='word_1_64' title='bbox 1044 1000 1182 1086; x_wconf 76' lang='lat' dir='ltr'>suscipit,</span> <span class='ocrx_word' id='word_1_65' title='bbox 1214 1005 1280 1064; x_wconf 89' lang='lat' dir='ltr'>dum</span> 
     </span>
     <span class='ocr_line' id='line_1_8' title="bbox 128 1096 1279 1186; baseline 0.003 -23"><span class='ocrx_word' id='word_1_66' title='bbox 128 1100 187 1164; x_wconf 84' lang='lat' dir='ltr'>iltis</span> <span class='ocrx_word' id='word_1_67' title='bbox 203 1121 237 1162; x_wconf 89' lang='lat' dir='ltr'>os</span> <span class='ocrx_word' id='word_1_68' title='bbox 254 1099 365 1183; x_wconf 86' lang='lat' dir='ltr'>alligari</span> <span class='ocrx_word' id='word_1_69' title='bbox 381 1098 531 1183; x_wconf 90' lang='lat' dir='ltr'>probibet,</span> <span class='ocrx_word' id='word_1_70' title='bbox 556 1099 650 1164; x_wconf 82' lang='lat' dir='ltr'>sires</span> <span class='ocrx_word' id='word_1_71' title='bbox 669 1101 860 1186; x_wconf 86' lang='lat' dir='ltr'>praedicanda</span> <span class='ocrx_word' id='word_1_72' title='bbox 875 1096 986 1163; x_wconf 89' lang='lat' dir='ltr'>Cbristi</span> <span class='ocrx_word' id='word_1_73' title='bbox 1001 1101 1131 1165; x_wconf 88' lang='lat' dir='ltr'>doctrina</span> <span class='ocrx_word' id='word_1_74' title='bbox 1149 1103 1279 1186; x_wconf 90' lang='lat' dir='ltr'>impediri</span> 
     </span>
     <span class='ocr_line' id='line_1_9' title="bbox 129 1200 1279 1289; baseline 0.003 -24"><span class='ocrx_word' id='word_1_75' title='bbox 129 1212 226 1281; x_wconf 82' lang='lat' dir='ltr'>vetet,</span> <span class='ocrx_word' id='word_1_76' title='bbox 259 1203 324 1265; x_wconf 85' lang='lat' dir='ltr'>siro</span> <span class='ocrx_word' id='word_1_77' title='bbox 342 1200 509 1285; x_wconf 87' lang='lat' dir='ltr'>quotidiana</span> <span class='ocrx_word' id='word_1_78' title='bbox 525 1202 596 1286; x_wconf 89' lang='lat' dir='ltr'>ipsis</span> <span class='ocrx_word' id='word_1_79' title='bbox 614 1202 752 1266; x_wconf 83' lang='lat' dir='ltr'>alimenta</span> <span class='ocrx_word' id='word_1_80' title='bbox 769 1202 948 1287; x_wconf 89' lang='lat' dir='ltr'>suppeditari</span> <span class='ocrx_word' id='word_1_81' title='bbox 966 1203 1135 1289; x_wconf 90' lang='lat' dir='ltr'>populorum</span> <span class='ocrx_word' id='word_1_82' title='bbox 1154 1205 1279 1268; x_wconf 89' lang='lat' dir='ltr'>liberali-</span> 
     </span>
     <span class='ocr_line' id='line_1_10' title="bbox 129 1300 1279 1392; baseline 0.003 -25"><span class='ocrx_word' id='word_1_83' title='bbox 129 1314 189 1367; x_wconf 83' lang='lat' dir='ltr'>tote</span> <span class='ocrx_word' id='word_1_84' title='bbox 204 1303 355 1389; x_wconf 77' lang='lat' dir='ltr'>praecipit.</span> <span class='ocrx_word' id='word_1_85' title='bbox 402 1300 503 1388; x_wconf 86' lang='lat' dir='ltr'>ltaque</span> <span class='ocrx_word' id='word_1_86' title='bbox 521 1324 576 1368; x_wconf 88' lang='lat' dir='ltr'>nec</span> <span class='ocrx_word' id='word_1_87' title='bbox 591 1304 704 1368; x_wconf 85' lang='lat' dir='ltr'>alienos</span> <span class='ocrx_word' id='word_1_88' title='bbox 721 1326 737 1367; x_wconf 89' lang='lat' dir='ltr'>o</span> <span class='ocrx_word' id='word_1_89' title='bbox 756 1305 907 1368; x_wconf 85' lang='lat' dir='ltr'>diuinitate</span> <span class='ocrx_word' id='word_1_90' title='bbox 926 1326 979 1368; x_wconf 88' lang='lat' dir='ltr'>sua</span> <span class='ocrx_word' id='word_1_91' title='bbox 996 1306 1145 1391; x_wconf 87' lang='lat' dir='ltr'>apostolos</span> <span class='ocrx_word' id='word_1_92' title='bbox 1163 1308 1211 1370; x_wconf 93' lang='lat' dir='ltr'>ille</span> <span class='ocrx_word' id='word_1_93' title='bbox 1227 1329 1279 1392; x_wconf 91' lang='lat' dir='ltr'>pu-</span> 
     </span>
     <span class='ocr_line' id='line_1_11' title="bbox 129 1404 1279 1491; baseline 0.002 -22"><span class='ocrx_word' id='word_1_94' title='bbox 129 1416 187 1486; x_wconf 87' lang='lat' dir='ltr'>tat,</span> <span class='ocrx_word' id='word_1_95' title='bbox 221 1427 274 1468; x_wconf 90' lang='lat' dir='ltr'>nee</span> <span class='ocrx_word' id='word_1_96' title='bbox 298 1406 344 1469; x_wconf 92' lang='lat' dir='ltr'>isti</span> <span class='ocrx_word' id='word_1_97' title='bbox 363 1404 488 1468; x_wconf 84' lang='lat' dir='ltr'>alienum</span> <span class='ocrx_word' id='word_1_98' title='bbox 505 1406 597 1491; x_wconf 88' lang='lat' dir='ltr'>ipsum</span> <span class='ocrx_word' id='word_1_99' title='bbox 622 1427 689 1470; x_wconf 89' lang='lat' dir='ltr'>esse</span> <span class='ocrx_word' id='word_1_100' title='bbox 706 1417 849 1470; x_wconf 88' lang='lat' dir='ltr'>statuunt.</span> <span class='ocrx_word' id='word_1_101' title='bbox 896 1407 945 1469; x_wconf 83' lang='lat' dir='ltr'>Ex</span> <span class='ocrx_word' id='word_1_102' title='bbox 968 1407 1022 1471; x_wconf 89' lang='lat' dir='ltr'>hoo</span> <span class='ocrx_word' id='word_1_103' title='bbox 1044 1428 1116 1472; x_wconf 83' lang='lat' dir='ltr'>vero</span> <span class='ocrx_word' id='word_1_104' title='bbox 1135 1411 1279 1473; x_wconf 84' lang='lat' dir='ltr'>communi</span> 
     </span>
     <span class='ocr_line' id='line_1_12' title="bbox 105 1508 1282 1594; baseline 0.003 -23"><span class='ocrx_word' id='word_1_105' title='bbox 105 1523 108 1528; x_wconf 88' lang='grc'><strong>’</strong></span> <span class='ocrx_word' id='word_1_106' title='bbox 128 1509 263 1572; x_wconf 86' lang='lat' dir='ltr'>omnibus</span> <span class='ocrx_word' id='word_1_107' title='bbox 281 1508 450 1571; x_wconf 89' lang='lat' dir='ltr'>testimonio</span> <span class='ocrx_word' id='word_1_108' title='bbox 466 1509 509 1572; x_wconf 90' lang='lat' dir='ltr'>sio</span> <span class='ocrx_word' id='word_1_109' title='bbox 526 1509 635 1593; x_wconf 84' lang='lat' dir='ltr'>colligit</span> <span class='ocrx_word' id='word_1_110' title='bbox 652 1510 819 1594; x_wconf 86' lang='lat' dir='ltr'>apostolos:</span> <span class='ocrx_word' id='word_1_111' title='bbox 843 1513 988 1591; x_wconf 79' lang='lat' dir='ltr'>Numquid</span> <span class='ocrx_word' id='word_1_112' title='bbox 1002 1514 1036 1571; x_wconf 83' lang='lat' dir='ltr'>de</span> <span class='ocrx_word' id='word_1_113' title='bbox 1053 1513 1138 1572; x_wconf 83' lang='lat' dir='ltr'>bobus</span> <span class='ocrx_word' id='word_1_114' title='bbox 1153 1534 1223 1574; x_wconf 81' lang='lat' dir='ltr'>coro</span> <span class='ocrx_word' id='word_1_115' title='bbox 1239 1525 1282 1573; x_wconf 84' lang='lat' dir='ltr'>est</span> 
     </span>
     <span class='ocr_line' id='line_1_13' title="bbox 126 1608 1280 1698; baseline 0.001 -24"><span class='ocrx_word' id='word_1_116' title='bbox 126 1616 200 1674; x_wconf 81' lang='lat' dir='ltr'>tect</span> <span class='ocrx_word' id='word_1_117' title='bbox 242 1608 302 1674; x_wconf 85' lang='lat' dir='ltr'>Sed</span> <span class='ocrx_word' id='word_1_118' title='bbox 318 1621 437 1696; x_wconf 90' lang='lat' dir='ltr'>propter</span> <span class='ocrx_word' id='word_1_119' title='bbox 452 1612 600 1695; x_wconf 88' lang='lat' dir='ltr'>apostolos</span> <span class='ocrx_word' id='word_1_120' title='bbox 618 1612 703 1674; x_wconf 80' lang='lat' dir='ltr'>dixit.</span> <span class='ocrx_word' id='word_1_121' title='bbox 745 1609 846 1694; x_wconf 83' lang='lat' dir='ltr'>Quare</span> <span class='ocrx_word' id='word_1_122' title='bbox 861 1612 886 1675; x_wconf 87' lang='lat' dir='ltr'>si</span> <span class='ocrx_word' id='word_1_123' title='bbox 901 1624 1020 1696; x_wconf 87' lang='lat' dir='ltr'>propter</span> <span class='ocrx_word' id='word_1_124' title='bbox 1033 1613 1181 1698; x_wconf 87' lang='lat' dir='ltr'>apostolos</span> <span class='ocrx_word' id='word_1_125' title='bbox 1197 1635 1280 1677; x_wconf 90' lang='lat' dir='ltr'>usur-</span> 
     </span>
     <span class='ocr_line' id='line_1_14' title="bbox 128 1712 1281 1800; baseline 0.002 -24"><span class='ocrx_word' id='word_1_126' title='bbox 128 1714 218 1800; x_wconf 84' lang='lat' dir='ltr'>pavit,</span> <span class='ocrx_word' id='word_1_127' title='bbox 242 1712 388 1776; x_wconf 90' lang='lat' dir='ltr'>bominum</span> <span class='ocrx_word' id='word_1_128' title='bbox 405 1734 492 1797; x_wconf 95' lang='lat' dir='ltr'>porro</span> <span class='ocrx_word' id='word_1_129' title='bbox 509 1715 708 1798; x_wconf 75' lang='lat' dir='ltr'>pecudumque</span> <span class='ocrx_word' id='word_1_130' title='bbox 725 1714 858 1776; x_wconf 89' lang='lat' dir='ltr'>conditor</span> <span class='ocrx_word' id='word_1_131' title='bbox 872 1725 929 1791; x_wconf 90' lang='lat' dir='ltr'>est,</span> <span class='ocrx_word' id='word_1_132' title='bbox 954 1735 970 1776; x_wconf 90' lang='lat' dir='ltr'>e</span> <span class='ocrx_word' id='word_1_133' title='bbox 988 1714 1090 1797; x_wconf 89' lang='lat' dir='ltr'>quibus</span> <span class='ocrx_word' id='word_1_134' title='bbox 1107 1715 1198 1779; x_wconf 85' lang='lat' dir='ltr'>bores</span> <span class='ocrx_word' id='word_1_135' title='bbox 1213 1729 1281 1780; x_wconf 89' lang='lat' dir='ltr'>sunt</span> 
     </span>
     <span class='ocr_line' id='line_1_15' title="bbox 128 1815 1279 1901; baseline 0 -20"><span class='ocrx_word' id='word_1_136' title='bbox 128 1839 163 1882; x_wconf 84' lang='lat' dir='ltr'>ao</span> <span class='ocrx_word' id='word_1_137' title='bbox 179 1837 332 1901; x_wconf 73' lang='lat' dir='ltr'>passeres,</span> <span class='ocrx_word' id='word_1_138' title='bbox 356 1825 525 1899; x_wconf 77' lang='lat' dir='ltr'>serpentes,</span> <span class='ocrx_word' id='word_1_139' title='bbox 550 1815 673 1893; x_wconf 83' lang='lat' dir='ltr'>bestiae,</span> <span class='ocrx_word' id='word_1_140' title='bbox 697 1815 804 1899; x_wconf 86' lang='lat' dir='ltr'>pisces,</span> <span class='ocrx_word' id='word_1_141' title='bbox 829 1816 1045 1899; x_wconf 88' lang='lat' dir='ltr'>animantiaque</span> <span class='ocrx_word' id='word_1_142' title='bbox 1064 1816 1186 1901; x_wconf 89' lang='lat' dir='ltr'>reliqua,</span> <span class='ocrx_word' id='word_1_143' title='bbox 1212 1840 1279 1882; x_wconf 92' lang='lat' dir='ltr'>con-</span> 
     </span>
     <span class='ocr_line' id='line_1_16' title="bbox 129 1916 1278 2004; baseline -0.001 -21"><span class='ocrx_word' id='word_1_144' title='bbox 129 1941 256 2003; x_wconf 88' lang='lat' dir='ltr'>sequens</span> <span class='ocrx_word' id='word_1_145' title='bbox 281 1929 327 1981; x_wconf 91' lang='lat' dir='ltr'>est</span> <span class='ocrx_word' id='word_1_146' title='bbox 353 1938 450 1980; x_wconf 87' lang='lat' dir='ltr'>euram</span> <span class='ocrx_word' id='word_1_147' title='bbox 476 1918 555 1980; x_wconf 92' lang='lat' dir='ltr'>illum</span> <span class='ocrx_word' id='word_1_148' title='bbox 580 1916 706 1980; x_wconf 88' lang='lat' dir='ltr'>ornnium</span> <span class='ocrx_word' id='word_1_149' title='bbox 732 1917 946 2001; x_wconf 84' lang='lat' dir='ltr'>proculusque</span> <span class='ocrx_word' id='word_1_150' title='bbox 974 1918 1087 1982; x_wconf 88' lang='lat' dir='ltr'>ratione</span> <span class='ocrx_word' id='word_1_151' title='bbox 1112 1941 1278 2004; x_wconf 85' lang='lat' dir='ltr'>capessere.</span> 
     </span>
     <span class='ocr_line' id='line_1_17' title="bbox 127 2017 1279 2106; baseline -0.001 -22"><span class='ocrx_word' id='word_1_152' title='bbox 127 2020 206 2085; x_wconf 84' lang='lat' dir='ltr'>Nam</span> <span class='ocrx_word' id='word_1_153' title='bbox 228 2032 257 2084; x_wconf 93' lang='lat' dir='ltr'>et</span> <span class='ocrx_word' id='word_1_154' title='bbox 280 2021 483 2085; x_wconf 86' lang='lat' dir='ltr'>universorum</span> <span class='ocrx_word' id='word_1_155' title='bbox 507 2021 533 2083; x_wconf 87' lang='lat' dir='ltr'>ei</span> <span class='ocrx_word' id='word_1_156' title='bbox 553 2040 653 2082; x_wconf 86' lang='lat' dir='ltr'>euram</span> <span class='ocrx_word' id='word_1_157' title='bbox 675 2039 743 2083; x_wconf 90' lang='lat' dir='ltr'>esse</span> <span class='ocrx_word' id='word_1_158' title='bbox 761 2017 833 2082; x_wconf 88' lang='lat' dir='ltr'>satis</span> <span class='ocrx_word' id='word_1_159' title='bbox 856 2040 895 2082; x_wconf 82' lang='lat' dir='ltr'>ex</span> <span class='ocrx_word' id='word_1_160' title='bbox 917 2040 953 2082; x_wconf 89' lang='lat' dir='ltr'>eo</span> <span class='ocrx_word' id='word_1_161' title='bbox 976 2022 1050 2104; x_wconf 93' lang='lat' dir='ltr'>quod</span> <span class='ocrx_word' id='word_1_162' title='bbox 1073 2023 1211 2106; x_wconf 86' lang='lat' dir='ltr'>seriptum</span> <span class='ocrx_word' id='word_1_163' title='bbox 1235 2034 1279 2086; x_wconf 88' lang='lat' dir='ltr'>ost</span> 
     </span>
     <span class='ocr_line' id='line_1_18' title="bbox 130 2120 1432 2202; baseline -0.003 -14"><span class='ocrx_word' id='word_1_164' title='bbox 130 2123 311 2188; x_wconf 80' lang='lat' dir='ltr'>ostenditur:</span> <span class='ocrx_word' id='word_1_165' title='bbox 334 2128 466 2185; x_wconf 82' lang='lat' dir='ltr'>Homrires</span> <span class='ocrx_word' id='word_1_166' title='bbox 479 2134 509 2183; x_wconf 90' lang='lat' dir='ltr'>et</span> <span class='ocrx_word' id='word_1_167' title='bbox 522 2128 643 2185; x_wconf 83' lang='lat' dir='ltr'>iumento</span> <span class='ocrx_word' id='word_1_168' title='bbox 658 2124 796 2196; x_wconf 72' lang='lat' dir='ltr'>suduodis,</span> <span class='ocrx_word' id='word_1_169' title='bbox 822 2126 939 2183; x_wconf 83' lang='lat' dir='ltr'>domrire.</span> <span class='ocrx_word' id='word_1_170' title='bbox 989 2120 1060 2185; x_wconf 90' lang='lat' dir='ltr'>ltem</span> <span class='ocrx_word' id='word_1_171' title='bbox 1078 2145 1116 2185; x_wconf 79' lang='lat' dir='ltr'>on</span> <span class='ocrx_word' id='word_1_172' title='bbox 1132 2145 1185 2186; x_wconf 88' lang='lat' dir='ltr'>eo:</span> <span class='ocrx_word' id='word_1_173' title='bbox 1211 2128 1432 2202; x_wconf 73' lang='lat' dir='ltr'>Orrrsnaarmaaa.</span> 
     </span>
     <span class='ocr_line' id='line_1_19' title="bbox 127 2209 1419 2307; baseline 0 -19"><span class='ocrx_word' id='word_1_174' title='bbox 127 2231 204 2289; x_wconf 80' lang='lat' dir='ltr'>dedit</span> <span class='ocrx_word' id='word_1_175' title='bbox 214 2247 297 2287; x_wconf 82' lang='lat' dir='ltr'>eoruo</span> <span class='ocrx_word' id='word_1_176' title='bbox 311 2229 425 2287; x_wconf 78' lang='lat' dir='ltr'>erbum?</span> <span class='ocrx_word' id='word_1_177' title='bbox 446 2236 491 2288; x_wconf 87' lang='lat' dir='ltr'>et:</span> <span class='ocrx_word' id='word_1_178' title='bbox 508 2228 588 2286; x_wconf 80' lang='lat' dir='ltr'>Puta·</span> <span class='ocrx_word' id='word_1_179' title='bbox 597 2246 743 2286; x_wconf 80' lang='lat' dir='ltr'>corvorum</span> <span class='ocrx_word' id='word_1_180' title='bbox 754 2228 794 2286; x_wconf 84' lang='lat' dir='ltr'>ud</span> <span class='ocrx_word' id='word_1_181' title='bbox 804 2228 942 2286; x_wconf 80' lang='lat' dir='ltr'>dominum</span> <span class='ocrx_word' id='word_1_182' title='bbox 958 2228 1169 2288; x_wconf 73' lang='lat' dir='ltr'>elementarios</span> <span class='ocrx_word' id='word_1_183' title='bbox 1179 2239 1277 2307; x_wconf 85' lang='lat' dir='ltr'>portu-</span> <span class='ocrx_word' id='word_1_184' title='bbox 1291 2209 1337 2253; x_wconf 76' lang='lat'>¹⁰¹³·</span> <span class='ocrx_word' id='word_1_185' title='bbox 1352 2211 1385 2262; x_wconf 77' lang='lat'>³⁹³</span> <span class='ocrx_word' id='word_1_186' title='bbox 1399 2210 1419 2252; x_wconf 77' lang='lat'>³·</span> 
     </span>
    </p>
   </div>
   <div class='ocr_carea' id='block_1_3' title="bbox 127 2278 1381 2411">
    <p class='ocr_par' dir='ltr' id='par_1_3' title="bbox 127 2278 1381 2411">
     <span class='ocr_line' id='line_1_20' title="bbox 127 2278 1381 2411; baseline -0.002 -19"><span class='ocrx_word' id='word_1_187' title='bbox 127 2334 236 2404; x_wconf 72' lang='lat' dir='ltr'>hstes,-</span> <span class='ocrx_word' id='word_1_188' title='bbox 261 2339 308 2392; x_wconf 84' lang='lat' dir='ltr'>et:</span> <span class='ocrx_word' id='word_1_189' title='bbox 332 2331 420 2390; x_wconf 79' lang='lat' dir='ltr'>Dodir</span> <span class='ocrx_word' id='word_1_190' title='bbox 434 2340 616 2409; x_wconf 82' lang='lat' dir='ltr'>opportunum</span> <span class='ocrx_word' id='word_1_191' title='bbox 631 2350 721 2389; x_wconf 83' lang='lat' dir='ltr'>eseam</span> <span class='ocrx_word' id='word_1_192' title='bbox 737 2329 872 2388; x_wconf 79' lang='lat' dir='ltr'>omnebus.</span> <span class='ocrx_word' id='word_1_193' title='bbox 919 2326 1024 2411; x_wconf 87' lang='lat' dir='ltr'>Neque</span> <span class='ocrx_word' id='word_1_194' title='bbox 1040 2349 1112 2392; x_wconf 86' lang='lat' dir='ltr'>vero</span> <span class='ocrx_word' id='word_1_195' title='bbox 1129 2328 1233 2392; x_wconf 87' lang='lat' dir='ltr'>bovum</span> <span class='ocrx_word' id='word_1_196' title='bbox 1249 2329 1278 2391; x_wconf 90' lang='lat' dir='ltr'>in</span> <span class='ocrx_word' id='word_1_197' title='bbox 1294 2278 1381 2383; x_wconf 38' lang='lat' dir='ltr'>Sillii·</span> 
     </span>
    </p>
   </div>
   <div class='ocr_carea' id='block_1_4' title="bbox 119 2396 1416 4162">
    <p class='ocr_par' dir='ltr' id='par_1_4' title="bbox 127 2396 1381 2824">
     <span class='ocr_line' id='line_1_21' title="bbox 130 2396 1381 2515; baseline -0.003 -20"><span class='ocrx_word' id='word_1_198' title='bbox 130 2431 299 2495; x_wconf 83' lang='lat' dir='ltr'>obterendis</span> <span class='ocrx_word' id='word_1_199' title='bbox 316 2430 446 2515; x_wconf 82' lang='lat' dir='ltr'>frugibus</span> <span class='ocrx_word' id='word_1_200' title='bbox 461 2429 603 2514; x_wconf 80' lang='lat' dir='ltr'>obstringi</span> <span class='ocrx_word' id='word_1_201' title='bbox 618 2429 753 2515; x_wconf 81' lang='lat' dir='ltr'>capistris</span> <span class='ocrx_word' id='word_1_202' title='bbox 770 2451 821 2492; x_wconf 85' lang='lat' dir='ltr'>ore</span> <span class='ocrx_word' id='word_1_203' title='bbox 836 2430 1006 2514; x_wconf 88' lang='lat' dir='ltr'>simpliciter</span> <span class='ocrx_word' id='word_1_204' title='bbox 1018 2431 1162 2515; x_wconf 90' lang='lat' dir='ltr'>probibet.</span> <span class='ocrx_word' id='word_1_205' title='bbox 1195 2431 1278 2494; x_wconf 79' lang='lat' dir='ltr'>Alio·</span> <span class='ocrx_word' id='word_1_206' title='bbox 1292 2396 1381 2506; x_wconf 55' lang='lat' dir='ltr'>libbi.</span> 
     </span>
     <span class='ocr_line' id='line_1_22' title="bbox 129 2531 1281 2620; baseline -0.001 -23"><span class='ocrx_word' id='word_1_207' title='bbox 129 2534 177 2620; x_wconf 85' lang='lat' dir='ltr'>qui</span> <span class='ocrx_word' id='word_1_208' title='bbox 192 2534 278 2597; x_wconf 88' lang='lat' dir='ltr'>deum</span> <span class='ocrx_word' id='word_1_209' title='bbox 292 2534 416 2597; x_wconf 91' lang='lat' dir='ltr'>conditis</span> <span class='ocrx_word' id='word_1_210' title='bbox 431 2554 448 2596; x_wconf 85' lang='lat' dir='ltr'>a</span> <span class='ocrx_word' id='word_1_211' title='bbox 464 2553 497 2596; x_wconf 90' lang='lat' dir='ltr'>se</span> <span class='ocrx_word' id='word_1_212' title='bbox 510 2531 704 2596; x_wconf 89' lang='lat' dir='ltr'>animantibus</span> <span class='ocrx_word' id='word_1_213' title='bbox 719 2532 860 2619; x_wconf 87' lang='lat' dir='ltr'>praebere</span> <span class='ocrx_word' id='word_1_214' title='bbox 875 2532 1009 2596; x_wconf 89' lang='lat' dir='ltr'>alimenta</span> <span class='ocrx_word' id='word_1_215' title='bbox 1027 2555 1084 2595; x_wconf 92' lang='lat' dir='ltr'>non</span> <span class='ocrx_word' id='word_1_216' title='bbox 1100 2555 1186 2618; x_wconf 88' lang='lat' dir='ltr'>posse</span> <span class='ocrx_word' id='word_1_217' title='bbox 1200 2556 1281 2597; x_wconf 91' lang='lat' dir='ltr'>mon-</span> 
     </span>
     <span class='ocr_line' id='line_1_23' title="bbox 127 2635 1279 2721; baseline -0.003 -20"><span class='ocrx_word' id='word_1_218' title='bbox 127 2647 253 2714; x_wconf 87' lang='lat' dir='ltr'>straret,</span> <span class='ocrx_word' id='word_1_219' title='bbox 287 2656 381 2720; x_wconf 89' lang='lat' dir='ltr'>neque</span> <span class='ocrx_word' id='word_1_220' title='bbox 399 2635 484 2699; x_wconf 87' lang='lat' dir='ltr'>aliter</span> <span class='ocrx_word' id='word_1_221' title='bbox 502 2656 587 2720; x_wconf 86' lang='lat' dir='ltr'>quam</span> <span class='ocrx_word' id='word_1_222' title='bbox 606 2657 661 2721; x_wconf 92' lang='lat' dir='ltr'>ope</span> <span class='ocrx_word' id='word_1_223' title='bbox 679 2635 825 2699; x_wconf 91' lang='lat' dir='ltr'>bominum</span> <span class='ocrx_word' id='word_1_224' title='bbox 843 2646 873 2698; x_wconf 91' lang='lat' dir='ltr'>et</span> <span class='ocrx_word' id='word_1_225' title='bbox 890 2635 1000 2698; x_wconf 85' lang='lat' dir='ltr'>auxilio</span> <span class='ocrx_word' id='word_1_226' title='bbox 1018 2656 1155 2720; x_wconf 84' lang='lat' dir='ltr'>pecorum</span> <span class='ocrx_word' id='word_1_227' title='bbox 1175 2636 1279 2721; x_wconf 85' lang='lat' dir='ltr'>pabulo</span> 
     </span>
     <span class='ocr_line' id='line_1_24' title="bbox 129 2735 1276 2824; baseline -0.003 -21"><span class='ocrx_word' id='word_1_228' title='bbox 129 2739 295 2824; x_wconf 83' lang='lat' dir='ltr'>providere.</span> <span class='ocrx_word' id='word_1_229' title='bbox 332 2735 391 2802; x_wconf 88' lang='lat' dir='ltr'>Sed</span> <span class='ocrx_word' id='word_1_230' title='bbox 407 2739 476 2802; x_wconf 92' lang='lat' dir='ltr'>illud</span> <span class='ocrx_word' id='word_1_231' title='bbox 491 2739 640 2824; x_wconf 84' lang='lat' dir='ltr'>apostolus</span> <span class='ocrx_word' id='word_1_232' title='bbox 654 2738 794 2815; x_wconf 87' lang='lat' dir='ltr'>declarat,</span> <span class='ocrx_word' id='word_1_233' title='bbox 815 2760 873 2800; x_wconf 90' lang='lat' dir='ltr'>non</span> <span class='ocrx_word' id='word_1_234' title='bbox 890 2738 1063 2801; x_wconf 81' lang='lat' dir='ltr'>cibariorum</span> <span class='ocrx_word' id='word_1_235' title='bbox 1079 2738 1177 2823; x_wconf 90' lang='lat' dir='ltr'>inopia</span> <span class='ocrx_word' id='word_1_236' title='bbox 1193 2740 1276 2801; x_wconf 85' lang='lat' dir='ltr'>deum</span> 
     </span>
    </p>

    <p class='ocr_par' dir='ltr' id='par_1_5' title="bbox 127 2840 1276 2926">
     <span class='ocr_line' id='line_1_25' title="bbox 127 2840 1276 2926; baseline -0.002 -21"><span class='ocrx_word' id='word_1_237' title='bbox 127 2842 220 2905; x_wconf 89' lang='lat' dir='ltr'>bubus</span> <span class='ocrx_word' id='word_1_238' title='bbox 242 2841 364 2905; x_wconf 90' lang='lat' dir='ltr'>triturae</span> <span class='ocrx_word' id='word_1_239' title='bbox 388 2852 519 2926; x_wconf 89' lang='lat' dir='ltr'>tempore</span> <span class='ocrx_word' id='word_1_240' title='bbox 542 2841 704 2906; x_wconf 86' lang='lat' dir='ltr'>consultum</span> <span class='ocrx_word' id='word_1_241' title='bbox 728 2840 856 2904; x_wconf 86' lang='lat' dir='ltr'>voluisse</span> <span class='ocrx_word' id='word_1_242' title='bbox 881 2851 967 2924; x_wconf 83' lang='lat' dir='ltr'>atque</span> <span class='ocrx_word' id='word_1_243' title='bbox 989 2841 1110 2925; x_wconf 86' lang='lat' dir='ltr'>obligari</span> <span class='ocrx_word' id='word_1_244' title='bbox 1135 2842 1276 2920; x_wconf 89' lang='lat' dir='ltr'>vetuisse,</span> 
     </span>
    </p>

    <p class='ocr_par' dir='ltr' id='par_1_6' title="bbox 128 2943 1278 3029">
     <span class='ocr_line' id='line_1_26' title="bbox 128 2943 1278 3029; baseline -0.003 -20"><span class='ocrx_word' id='word_1_245' title='bbox 128 2965 230 3009; x_wconf 87' lang='lat' dir='ltr'>verum</span> <span class='ocrx_word' id='word_1_246' title='bbox 253 2944 308 3007; x_wconf 87' lang='lat' dir='ltr'>boe</span> <span class='ocrx_word' id='word_1_247' title='bbox 330 2945 462 3029; x_wconf 86' lang='lat' dir='ltr'>aenigma</span> <span class='ocrx_word' id='word_1_248' title='bbox 485 2955 577 3007; x_wconf 86' lang='lat' dir='ltr'>toturn</span> <span class='ocrx_word' id='word_1_249' title='bbox 600 2944 634 3007; x_wconf 83' lang='lat' dir='ltr'>ad</span> <span class='ocrx_word' id='word_1_250' title='bbox 654 2943 801 3028; x_wconf 87' lang='lat' dir='ltr'>apostolos</span> <span class='ocrx_word' id='word_1_251' title='bbox 820 2943 940 3027; x_wconf 87' lang='lat' dir='ltr'>quadarn</span> <span class='ocrx_word' id='word_1_252' title='bbox 961 2943 1127 3007; x_wconf 86' lang='lat' dir='ltr'>habitudine</span> <span class='ocrx_word' id='word_1_253' title='bbox 1147 2946 1278 3007; x_wconf 84' lang='lat' dir='ltr'>referen-</span> 
     </span>
    </p>

    <p class='ocr_par' dir='ltr' id='par_1_7' title="bbox 126 3046 1279 3235">
     <span class='ocr_line' id='line_1_27' title="bbox 128 3046 1279 3132; baseline -0.001 -22"><span class='ocrx_word' id='word_1_254' title='bbox 128 3048 208 3111; x_wconf 86' lang='lat' dir='ltr'>dum.</span> <span class='ocrx_word' id='word_1_255' title='bbox 252 3047 295 3110; x_wconf 87' lang='grc' dir='ltr'>Αι</span> <span class='ocrx_word' id='word_1_256' title='bbox 311 3069 383 3111; x_wconf 86' lang='lat' dir='ltr'>vero</span> <span class='ocrx_word' id='word_1_257' title='bbox 399 3047 495 3110; x_wconf 83' lang='lat' dir='ltr'>intima</span> <span class='ocrx_word' id='word_1_258' title='bbox 509 3046 617 3126; x_wconf 88' lang='lat' dir='ltr'>omnia,</span> <span class='ocrx_word' id='word_1_259' title='bbox 642 3067 717 3131; x_wconf 90' lang='lat' dir='ltr'>quae</span> <span class='ocrx_word' id='word_1_260' title='bbox 733 3067 822 3109; x_wconf 88' lang='lat' dir='ltr'>sensu</span> <span class='ocrx_word' id='word_1_261' title='bbox 838 3046 946 3131; x_wconf 84' lang='lat' dir='ltr'>percipi</span> <span class='ocrx_word' id='word_1_262' title='bbox 962 3057 1100 3131; x_wconf 89' lang='lat' dir='ltr'>possunt,</span> <span class='ocrx_word' id='word_1_263' title='bbox 1125 3047 1196 3111; x_wconf 90' lang='lat' dir='ltr'>deus</span> <span class='ocrx_word' id='word_1_264' title='bbox 1213 3069 1279 3132; x_wconf 94' lang='lat' dir='ltr'>pro-</span> 
     </span>
     <span class='ocr_line' id='line_1_28' title="bbox 126 3149 1275 3235; baseline -0.003 -20"><span class='ocrx_word' id='word_1_265' title='bbox 126 3152 255 3215; x_wconf 79' lang='lat' dir='ltr'>videntia</span> <span class='ocrx_word' id='word_1_266' title='bbox 280 3171 334 3215; x_wconf 89' lang='lat' dir='ltr'>sua</span> <span class='ocrx_word' id='word_1_267' title='bbox 356 3150 575 3235; x_wconf 85' lang='lat' dir='ltr'>complectitur,</span> <span class='ocrx_word' id='word_1_268' title='bbox 605 3161 635 3212; x_wconf 92' lang='lat' dir='ltr'>et</span> <span class='ocrx_word' id='word_1_269' title='bbox 657 3149 860 3213; x_wconf 87' lang='lat' dir='ltr'>universorum</span> <span class='ocrx_word' id='word_1_270' title='bbox 887 3171 986 3213; x_wconf 89' lang='lat' dir='ltr'>curam</span> <span class='ocrx_word' id='word_1_271' title='bbox 1012 3150 1123 3234; x_wconf 91' lang='lat' dir='ltr'>pariter</span> <span class='ocrx_word' id='word_1_272' title='bbox 1144 3150 1275 3232; x_wconf 84' lang='lat' dir='ltr'>suscipit.</span> 
     </span>
    </p>

    <p class='ocr_par' dir='ltr' id='par_1_8' title="bbox 119 3251 1416 4059">
     <span class='ocr_line' id='line_1_29' title="bbox 127 3251 1278 3338; baseline -0.003 -21"><span class='ocrx_word' id='word_1_273' title='bbox 127 3251 198 3317; x_wconf 88' lang='lat' dir='ltr'>Nou</span> <span class='ocrx_word' id='word_1_274' title='bbox 213 3253 289 3317; x_wconf 86' lang='lat' dir='ltr'>enim</span> <span class='ocrx_word' id='word_1_275' title='bbox 306 3253 445 3317; x_wconf 80' lang='lat' dir='ltr'>salvatori</span> <span class='ocrx_word' id='word_1_276' title='bbox 460 3251 606 3316; x_wconf 87' lang='lat' dir='ltr'>contraria</span> <span class='ocrx_word' id='word_1_277' title='bbox 624 3252 742 3338; x_wconf 86' lang='lat' dir='ltr'>scripsit</span> <span class='ocrx_word' id='word_1_278' title='bbox 756 3252 916 3336; x_wconf 89' lang='lat' dir='ltr'>apostolus,</span> <span class='ocrx_word' id='word_1_279' title='bbox 942 3263 971 3314; x_wconf 93' lang='lat' dir='ltr'>ut</span> <span class='ocrx_word' id='word_1_280' title='bbox 989 3253 1062 3315; x_wconf 86' lang='lat' dir='ltr'>banc</span> <span class='ocrx_word' id='word_1_281' title='bbox 1078 3251 1132 3314; x_wconf 90' lang='lat' dir='ltr'>sibi</span> <span class='ocrx_word' id='word_1_282' title='bbox 1150 3252 1278 3336; x_wconf 89' lang='lat' dir='ltr'>plerique</span> 
     </span>
     <span class='ocr_line' id='line_1_30' title="bbox 128 3353 1277 3440; baseline -0.002 -21"><span class='ocrx_word' id='word_1_283' title='bbox 128 3357 330 3421; x_wconf 81' lang='lat' dir='ltr'>excusationis</span> <span class='ocrx_word' id='word_1_284' title='bbox 349 3355 489 3418; x_wconf 87' lang='lat' dir='ltr'>latebram</span> <span class='ocrx_word' id='word_1_285' title='bbox 509 3367 662 3440; x_wconf 85' lang='lat' dir='ltr'>quaerant.</span> <span class='ocrx_word' id='word_1_286' title='bbox 707 3353 824 3419; x_wconf 82' lang='lat' dir='ltr'>Etenim</span> <span class='ocrx_word' id='word_1_287' title='bbox 845 3356 930 3438; x_wconf 86' lang='lat' dir='ltr'>longe</span> <span class='ocrx_word' id='word_1_288' title='bbox 949 3355 1040 3418; x_wconf 90' lang='lat' dir='ltr'>bubus</span> <span class='ocrx_word' id='word_1_289' title='bbox 1059 3355 1187 3417; x_wconf 87' lang='lat' dir='ltr'>minores</span> <span class='ocrx_word' id='word_1_290' title='bbox 1209 3364 1277 3417; x_wconf 88' lang='lat' dir='ltr'>sunt</span> 
     </span>
     <span class='ocr_line' id='line_1_31' title="bbox 128 3456 1416 3545; baseline -0.005 -22"><span class='ocrx_word' id='word_1_291' title='bbox 128 3479 282 3545; x_wconf 88' lang='lat' dir='ltr'>passeres,</span> <span class='ocrx_word' id='word_1_292' title='bbox 315 3459 350 3521; x_wconf 91' lang='lat' dir='ltr'>de</span> <span class='ocrx_word' id='word_1_293' title='bbox 373 3456 477 3542; x_wconf 88' lang='lat' dir='ltr'>quibus</span> <span class='ocrx_word' id='word_1_294' title='bbox 499 3478 515 3519; x_wconf 88' lang='lat' dir='ltr'>a</span> <span class='ocrx_word' id='word_1_295' title='bbox 538 3458 687 3522; x_wconf 84' lang='lat' dir='ltr'>salvatore</span> <span class='ocrx_word' id='word_1_296' title='bbox 711 3458 817 3521; x_wconf 90' lang='lat' dir='ltr'>dietum</span> <span class='ocrx_word' id='word_1_297' title='bbox 840 3469 902 3520; x_wconf 83' lang='lat' dir='ltr'>est:</span> <span class='ocrx_word' id='word_1_298' title='bbox 936 3460 1062 3538; x_wconf 69' lang='lat' dir='ltr'>Quasque</span> <span class='ocrx_word' id='word_1_299' title='bbox 1078 3478 1209 3537; x_wconf 83' lang='lat' dir='ltr'>passeres</span> <span class='ocrx_word' id='word_1_300' title='bbox 1232 3481 1277 3519; x_wconf 87' lang='lat' dir='ltr'>ve-</span> <span class='ocrx_word' id='word_1_301' title='bbox 1290 3474 1385 3529; x_wconf 67' lang='lat' dir='ltr'>nnaa,</span> <span class='ocrx_word' id='word_1_302' title='bbox 1398 3475 1416 3516; x_wconf 87' lang='lat' dir='ltr'>a.</span> 
     </span>
     <span class='ocr_line' id='line_1_32' title="bbox 128 3559 1373 3643; baseline -0.004 -18"><span class='ocrx_word' id='word_1_303' title='bbox 128 3574 217 3625; x_wconf 83' lang='lat' dir='ltr'>neunt</span> <span class='ocrx_word' id='word_1_304' title='bbox 233 3564 382 3643; x_wconf 82' lang='lat' dir='ltr'>dupondio.</span> <span class='ocrx_word' id='word_1_305' title='bbox 428 3559 469 3624; x_wconf 86' lang='grc' dir='ltr'>Ει</span> <span class='ocrx_word' id='word_1_306' title='bbox 495 3581 627 3625; x_wconf 80' lang='lat' dir='ltr'>rursum:</span> <span class='ocrx_word' id='word_1_307' title='bbox 658 3565 759 3623; x_wconf 85' lang='lat' dir='ltr'>Nonne</span> <span class='ocrx_word' id='word_1_308' title='bbox 778 3565 833 3622; x_wconf 84' lang='lat' dir='ltr'>duo</span> <span class='ocrx_word' id='word_1_309' title='bbox 851 3583 981 3641; x_wconf 83' lang='lat' dir='ltr'>passeres</span> <span class='ocrx_word' id='word_1_310' title='bbox 1001 3582 1065 3622; x_wconf 88' lang='lat' dir='ltr'>usse</span> <span class='ocrx_word' id='word_1_311' title='bbox 1086 3573 1218 3636; x_wconf 81' lang='lat' dir='ltr'>venenat,</span> <span class='ocrx_word' id='word_1_312' title='bbox 1249 3575 1278 3623; x_wconf 89' lang='lat' dir='ltr'>et</span> <span class='ocrx_word' id='word_1_313' title='bbox 1291 3576 1373 3621; x_wconf 72' lang='lat' dir='ltr'>Marte.</span> 
     </span>
     <span class='ocr_line' id='line_1_33' title="bbox 119 3629 1373 3746; baseline -0.003 -15"><span class='ocrx_word' id='word_1_314' title='bbox 119 3688 201 3732; x_wconf 79' lang='lat' dir='ltr'>‚anas</span> <span class='ocrx_word' id='word_1_315' title='bbox 221 3689 259 3727; x_wconf 77' lang='lat' dir='ltr'>ear</span> <span class='ocrx_word' id='word_1_316' title='bbox 273 3669 342 3745; x_wconf 75' lang='lat' dir='ltr'>ipsis</span> <span class='ocrx_word' id='word_1_317' title='bbox 359 3686 415 3725; x_wconf 87' lang='lat' dir='ltr'>rrorr</span> <span class='ocrx_word' id='word_1_318' title='bbox 429 3669 510 3725; x_wconf 76' lang='lat' dir='ltr'>cadet</span> <span class='ocrx_word' id='word_1_319' title='bbox 531 3669 560 3726; x_wconf 88' lang='lat' dir='ltr'>r&#39;rr</span> <span class='ocrx_word' id='word_1_320' title='bbox 577 3669 704 3746; x_wconf 82' lang='lat' dir='ltr'>loqueum</span> <span class='ocrx_word' id='word_1_321' title='bbox 718 3669 780 3727; x_wconf 85' lang='lat' dir='ltr'>sr&#39;rre</span> <span class='ocrx_word' id='word_1_322' title='bbox 788 3676 873 3744; x_wconf 84' lang='lat' dir='ltr'>patre</span> <span class='ocrx_word' id='word_1_323' title='bbox 889 3675 981 3724; x_wconf 84' lang='lat' dir='ltr'>cestro</span> <span class='ocrx_word' id='word_1_324' title='bbox 1003 3669 1095 3745; x_wconf 82' lang='lat' dir='ltr'>quiin</span> <span class='ocrx_word' id='word_1_325' title='bbox 1111 3667 1197 3725; x_wconf 80' lang='lat' dir='ltr'>coelis</span> <span class='ocrx_word' id='word_1_326' title='bbox 1213 3673 1277 3727; x_wconf 78' lang='lat' dir='ltr'>est?</span> <span class='ocrx_word' id='word_1_327' title='bbox 1295 3631 1327 3682; x_wconf 59' lang='grc' dir='ltr'>ω’</span> <span class='ocrx_word' id='word_1_328' title='bbox 1339 3629 1373 3672; x_wconf 61' lang='lat'>²⁹⁸</span> 
     </span>
     <span class='ocr_line' id='line_1_34' title="bbox 127 3763 1277 3854; baseline -0.003 -20"><span class='ocrx_word' id='word_1_329' title='bbox 127 3767 180 3835; x_wconf 85' lang='lat' dir='ltr'>sic</span> <span class='ocrx_word' id='word_1_330' title='bbox 192 3768 283 3854; x_wconf 85' lang='lat' dir='ltr'>igitur</span> <span class='ocrx_word' id='word_1_331' title='bbox 298 3767 434 3831; x_wconf 88' lang='lat' dir='ltr'>universa</span> <span class='ocrx_word' id='word_1_332' title='bbox 450 3767 522 3830; x_wconf 89' lang='lat' dir='ltr'>deus</span> <span class='ocrx_word' id='word_1_333' title='bbox 537 3768 718 3853; x_wconf 86' lang='lat' dir='ltr'>providentia</span> <span class='ocrx_word' id='word_1_334' title='bbox 733 3788 786 3832; x_wconf 84' lang='lat' dir='ltr'>sua</span> <span class='ocrx_word' id='word_1_335' title='bbox 799 3767 953 3852; x_wconf 82' lang='lat' dir='ltr'>gubernat.</span> <span class='ocrx_word' id='word_1_336' title='bbox 984 3763 1069 3848; x_wconf 78' lang='lat' dir='ltr'>Quae</span> <span class='ocrx_word' id='word_1_337' title='bbox 1084 3787 1156 3829; x_wconf 89' lang='lat' dir='ltr'>vero</span> <span class='ocrx_word' id='word_1_338' title='bbox 1168 3768 1277 3830; x_wconf 88' lang='lat' dir='ltr'>maiora</span> 
     </span>
     <span class='ocr_line' id='line_1_35' title="bbox 127 3869 1276 3956; baseline -0.002 -22"><span class='ocrx_word' id='word_1_339' title='bbox 127 3880 211 3951; x_wconf 89' lang='lat' dir='ltr'>sunt,</span> <span class='ocrx_word' id='word_1_340' title='bbox 241 3870 345 3934; x_wconf 84' lang='lat' dir='ltr'>altiore</span> <span class='ocrx_word' id='word_1_341' title='bbox 361 3870 482 3954; x_wconf 87' lang='lat' dir='ltr'>quadam</span> <span class='ocrx_word' id='word_1_342' title='bbox 498 3892 567 3934; x_wconf 86' lang='lat' dir='ltr'>cura</span> <span class='ocrx_word' id='word_1_343' title='bbox 585 3881 619 3934; x_wconf 88' lang='lat' dir='ltr'>et·</span> <span class='ocrx_word' id='word_1_344' title='bbox 630 3871 770 3956; x_wconf 89' lang='lat' dir='ltr'>spiritali,</span> <span class='ocrx_word' id='word_1_345' title='bbox 802 3892 876 3955; x_wconf 88' lang='lat' dir='ltr'>quae</span> <span class='ocrx_word' id='word_1_346' title='bbox 893 3869 1007 3933; x_wconf 88' lang='lat' dir='ltr'>illorum</span> <span class='ocrx_word' id='word_1_347' title='bbox 1025 3880 1156 3932; x_wconf 86' lang='lat' dir='ltr'>naturam</span> <span class='ocrx_word' id='word_1_348' title='bbox 1173 3892 1276 3933; x_wconf 89' lang='lat' dir='ltr'>eonse-</span> 
     </span>
     <span class='ocr_line' id='line_1_36' title="bbox 126 3969 1276 4059; baseline -0.003 -21"><span class='ocrx_word' id='word_1_349' title='bbox 126 3974 242 4059; x_wconf 86' lang='lat' dir='ltr'>quitur,</span> <span class='ocrx_word' id='word_1_350' title='bbox 274 3973 468 4037; x_wconf 85' lang='lat' dir='ltr'>administrat.</span> <span class='ocrx_word' id='word_1_351' title='bbox 516 3969 754 4037; x_wconf 75' lang='lat' dir='ltr'>concludendum</span> <span class='ocrx_word' id='word_1_352' title='bbox 777 3973 865 4057; x_wconf 87' lang='lat' dir='ltr'>igitur</span> <span class='ocrx_word' id='word_1_353' title='bbox 887 3982 933 4036; x_wconf 87' lang='lat' dir='ltr'>est</span> <span class='ocrx_word' id='word_1_354' title='bbox 954 3973 1077 4036; x_wconf 90' lang='lat' dir='ltr'>eundem</span> <span class='ocrx_word' id='word_1_355' title='bbox 1096 3972 1276 4035; x_wconf 87' lang='lat' dir='ltr'>conditorem</span> 
     </span>
    </p>

    <p class='ocr_par' dir='ltr' id='par_1_9' title="bbox 127 4075 1275 4162">
     <span class='ocr_line' id='line_1_37' title="bbox 127 4075 1275 4162; baseline -0.001 -22"><span class='ocrx_word' id='word_1_356' title='bbox 127 4087 157 4140; x_wconf 90' lang='lat' dir='ltr'>et</span> <span class='ocrx_word' id='word_1_357' title='bbox 179 4076 311 4162; x_wconf 83' lang='lat' dir='ltr'>opificem</span> <span class='ocrx_word' id='word_1_358' title='bbox 332 4097 365 4138; x_wconf 90' lang='lat' dir='ltr'>ac</span> <span class='ocrx_word' id='word_1_359' title='bbox 387 4075 583 4160; x_wconf 75' lang='lat' dir='ltr'>legislatorem</span> <span class='ocrx_word' id='word_1_360' title='bbox 606 4097 673 4140; x_wconf 90' lang='lat' dir='ltr'>esse</span> <span class='ocrx_word' id='word_1_361' title='bbox 696 4076 806 4140; x_wconf 88' lang='lat' dir='ltr'>veteris</span> <span class='ocrx_word' id='word_1_362' title='bbox 829 4096 862 4138; x_wconf 87' lang='lat' dir='ltr'>ac</span> <span class='ocrx_word' id='word_1_363' title='bbox 885 4075 952 4139; x_wconf 83' lang='lat' dir='ltr'>novi</span> <span class='ocrx_word' id='word_1_364' title='bbox 976 4075 1159 4155; x_wconf 86' lang='lat' dir='ltr'>testamenti,</span> <span class='ocrx_word' id='word_1_365' title='bbox 1191 4076 1275 4139; x_wconf 89' lang='lat' dir='ltr'>deum</span> 
     </span>
    </p>
   </div>
   <div class='ocr_carea' id='block_1_5' title="bbox 127 4179 922 4264">
    <p class='ocr_par' dir='ltr' id='par_1_10' title="bbox 127 4179 922 4264">
     <span class='ocr_line' id='line_1_38' title="bbox 127 4179 922 4264; baseline -0.001 -21"><span class='ocrx_word' id='word_1_366' title='bbox 127 4180 252 4258; x_wconf 89' lang='lat' dir='ltr'>bonum,</span> <span class='ocrx_word' id='word_1_367' title='bbox 280 4189 310 4242; x_wconf 90' lang='lat' dir='ltr'>et</span> <span class='ocrx_word' id='word_1_368' title='bbox 330 4179 455 4256; x_wconf 85' lang='lat' dir='ltr'>iustum,</span> <span class='ocrx_word' id='word_1_369' title='bbox 481 4179 740 4264; x_wconf 77' lang='lat' dir='ltr'>universorumque</span> <span class='ocrx_word' id='word_1_370' title='bbox 763 4179 922 4242; x_wconf 88' lang='lat' dir='ltr'>dominum.</span> 
     </span>
    </p>
   </div>
   <div class='ocr_carea' id='block_1_6' title="bbox 124 4321 1277 4679">
    <p class='ocr_par' dir='ltr' id='par_1_11' title="bbox 124 4321 1277 4533">
     <span class='ocr_line' id='line_1_39' title="bbox 159 4321 1275 4399; baseline 0.002 -13"><span class='ocrx_word' id='word_1_371' title='bbox 159 4333 200 4386; x_wconf 78' lang='lat'>22.</span> <span class='ocrx_word' id='word_1_372' title='bbox 216 4336 282 4384; x_wconf 81' lang='lat' dir='ltr'>Libri</span> <span class='ocrx_word' id='word_1_373' title='bbox 304 4335 387 4384; x_wconf 84' lang='lat' dir='ltr'>babent</span> <span class='ocrx_word' id='word_1_374' title='bbox 409 4329 634 4399; x_wconf 74' lang='grc' dir='ltr'><strong>ἐπικουρουμένους.</strong></span> <span class='ocrx_word' id='word_1_375' title='bbox 652 4361 684 4371; x_wconf 93' lang='lat'>-</span> <span class='ocrx_word' id='word_1_376' title='bbox 751 4329 793 4386; x_wconf 73' lang='lat'>24.</span> <span class='ocrx_word' id='word_1_377' title='bbox 812 4337 886 4384; x_wconf 80' lang='lat' dir='ltr'>Verbo</span> <span class='ocrx_word' id='word_1_378' title='bbox 907 4332 942 4386; x_wconf 86' lang='lat' dir='ltr'>El</span> <span class='ocrx_word' id='word_1_379' title='bbox 964 4321 1006 4386; x_wconf 79' lang='lat' dir='ltr'>erio</span> <span class='ocrx_word' id='word_1_380' title='bbox 1023 4329 1070 4387; x_wconf 78' lang='grc' dir='ltr'>δύο</span> <span class='ocrx_word' id='word_1_381' title='bbox 1088 4332 1207 4399; x_wconf 76' lang='lat' dir='ltr'>otpoublor</span> <span class='ocrx_word' id='word_1_382' title='bbox 1223 4352 1275 4388; x_wconf 81' lang='lat' dir='ltr'>nor·</span> 
     </span>
     <span class='ocr_line' id='line_1_40' title="bbox 124 4397 1277 4471; baseline -0.003 -16"><span class='ocrx_word' id='word_1_383' title='bbox 124 4405 172 4455; x_wconf 84' lang='lat' dir='ltr'>Pro</span> <span class='ocrx_word' id='word_1_384' title='bbox 187 4399 303 4471; x_wconf 71' lang='grc' dir='ltr'>κτήνεσιν</span> <span class='ocrx_word' id='word_1_385' title='bbox 319 4407 344 4452; x_wconf 85' lang='lat' dir='ltr'>in</span> <span class='ocrx_word' id='word_1_386' title='bbox 361 4402 410 4452; x_wconf 77' lang='lat' dir='ltr'>roci</span> <span class='ocrx_word' id='word_1_387' title='bbox 426 4402 523 4465; x_wconf 78' lang='lat' dir='ltr'>ltbedip.</span> <span class='ocrx_word' id='word_1_388' title='bbox 546 4407 610 4452; x_wconf 75' lang='lat' dir='ltr'>estut</span> <span class='ocrx_word' id='word_1_389' title='bbox 631 4401 683 4454; x_wconf 84' lang='grc' dir='ltr'>κτι-</span> <span class='ocrx_word' id='word_1_390' title='bbox 718 4406 796 4456; x_wconf 76' lang='lat' dir='ltr'>leison</span> <span class='ocrx_word' id='word_1_391' title='bbox 813 4397 933 4470; x_wconf 74' lang='grc' dir='ltr'><strong>ἀσσαρίου</strong></span> <span class='ocrx_word' id='word_1_392' title='bbox 952 4399 1023 4464; x_wconf 71' lang='lat' dir='ltr'>bric,</span> <span class='ocrx_word' id='word_1_393' title='bbox 1040 4415 1100 4465; x_wconf 78' lang='lat' dir='ltr'>quoe</span> <span class='ocrx_word' id='word_1_394' title='bbox 1117 4404 1277 4454; x_wconf 80' lang='lat' dir='ltr'>desiderentur</span> 
     </span>
     <span class='ocr_line' id='line_1_41' title="bbox 128 4472 1276 4533; baseline -0.003 -8"><span class='ocrx_word' id='word_1_395' title='bbox 128 4488 204 4525; x_wconf 80' lang='grc' dir='ltr'><strong>σεσιν.</strong></span> <span class='ocrx_word' id='word_1_396' title='bbox 716 4475 742 4522; x_wconf 84' lang='lat' dir='ltr'>in</span> <span class='ocrx_word' id='word_1_397' title='bbox 765 4474 833 4523; x_wconf 86' lang='lat' dir='ltr'>editis</span> <span class='ocrx_word' id='word_1_398' title='bbox 852 4477 873 4521; x_wconf 86' lang='lat' dir='ltr'>et</span> <span class='ocrx_word' id='word_1_399' title='bbox 896 4475 920 4522; x_wconf 85' lang='lat' dir='ltr'>in</span> <span class='ocrx_word' id='word_1_400' title='bbox 942 4473 992 4521; x_wconf 85' lang='lat' dir='ltr'>eod.</span> <span class='ocrx_word' id='word_1_401' title='bbox 1006 4472 1118 4533; x_wconf 66' lang='lat' dir='ltr'>amota,</span> <span class='ocrx_word' id='word_1_402' title='bbox 1141 4475 1276 4522; x_wconf 75' lang='lat' dir='ltr'>restituam</span> 
     </span>
    </p>

    <p class='ocr_par' dir='ltr' id='par_1_12' title="bbox 159 4536 1050 4603">
     <span class='ocr_line' id='line_1_42' title="bbox 159 4536 1050 4603; baseline -0.007 -9"><span class='ocrx_word' id='word_1_403' title='bbox 159 4539 201 4593; x_wconf 77' lang='lat'>23.</span> <span class='ocrx_word' id='word_1_404' title='bbox 216 4536 289 4594; x_wconf 78' lang='grc' dir='ltr'><strong>κάτω</strong></span> <span class='ocrx_word' id='word_1_405' title='bbox 298 4542 406 4602; x_wconf 76' lang='grc' dir='ltr'>ηεαιρεί</span> <span class='ocrx_word' id='word_1_406' title='bbox 417 4541 681 4603; x_wconf 79' lang='lat' dir='ltr'>onarPetooioproaor-</span> <span class='ocrx_word' id='word_1_407' title='bbox 716 4544 852 4592; x_wconf 80' lang='lat' dir='ltr'>ooetorttote</span> <span class='ocrx_word' id='word_1_408' title='bbox 868 4542 918 4592; x_wconf 83' lang='lat' dir='ltr'>cod.</span> <span class='ocrx_word' id='word_1_409' title='bbox 935 4542 1050 4590; x_wconf 68' lang='lat' dir='ltr'>Votienus.</span> 
     </span>
    </p>

    <p class='ocr_par' dir='ltr' id='par_1_13' title="bbox 124 4603 487 4679">
     <span class='ocr_line' id='line_1_43' title="bbox 124 4603 487 4679; baseline -0.017 -17"><span class='ocrx_word' id='word_1_410' title='bbox 124 4603 158 4679; x_wconf 77' lang='lat' dir='ltr'>‘ml</span> <span class='ocrx_word' id='word_1_411' title='bbox 173 4605 219 4672; x_wconf 76' lang='lat' dir='ltr'>ad,</span> <span class='ocrx_word' id='word_1_412' title='bbox 236 4610 298 4671; x_wconf 75' lang='lat' dir='ltr'>quod</span> <span class='ocrx_word' id='word_1_413' title='bbox 314 4611 367 4658; x_wconf 67' lang='lat' dir='ltr'>tue</span> <span class='ocrx_word' id='word_1_414' title='bbox 382 4611 487 4660; x_wconf 80' lang='lat' dir='ltr'>retineat.</span> 
     </span>
    </p>
   </div>
   <div class='ocr_carea' id='block_1_7' title="bbox 0 0 1528 5084">
    <p class='ocr_par' dir='ltr' id='par_1_14' title="bbox 0 0 1528 5084">
     <span class='ocr_line' id='line_1_44' title="bbox 0 0 1528 5084; baseline 0 1"><span class='ocrx_word' id='word_1_415' title='bbox 0 0 1528 5084; x_wconf 95' lang='lat' dir='ltr'> </span> 
     </span>
    </p>
   </div>
  </div>
 </body>
</html>
