3046 5084
379 308 512 359 ransart
530 307 592 360 ΗΒ.
605 309 625 360 l.
641 310 722 361 TObl.
734 311 766 361 11.
783 310 881 361 naun.
896 309 991 361 xxm.
1196 297 1254 359 173

117 426 247 490 nonnulli
270 426 318 511 qui
343 426 535 490 adulterinum
556 426 697 508 quoddam
720 437 751 490 et
772 427 945 491 adscititium
968 449 1071 514 poema
1093 429 1254 506 venditant,

119 530 193 612 qnod
208 549 279 613 opus
293 525 488 591 Perlectionis
501 523 693 606 Evangelium
707 526 879 607 inscribunt,
896 550 959 591 cum
976 549 1081 591 revera
1095 550 1152 591 noo
1165 551 1255 593 even·

117 632 240 714 gelium,
270 632 321 693 sed
344 629 453 692 doloris
475 628 515 690 sit
535 647 570 687 ac
592 624 686 688 luctus
705 627 856 710 perfectio.
903 627 1047 691 Universa
1066 628 1169 712 quippo
1187 652 1257 693 con·

117 743 315 815 summotaque
339 730 443 793 mortis
469 727 612 790 acerbitas
641 726 670 788 in
700 746 735 788 eo
760 726 863 788 diaboli
888 729 947 789 letu
971 728 1147 790 continetur.
1197 729 1258 792 Alii

116 832 309 916 Evangeliuur
329 829 413 892 Evae
439 829 503 891 siue
527 828 585 890 ullo
606 827 715 912 pudore
737 827 880 890 iactitant.
925 825 987 892 Sub
1010 829 1093 891 buius
1112 830 1188 891 enim
1207 851 1259 892 no-

116 936 212 1011 mine,
244 941 343 1016 ntpote
367 950 439 1014 quae
462 929 635 1013 cognitionis
657 949 763 992 nomeu
784 951 801 991 a
823 940 958 1013 serpente
976 952 1099 1014 quocum
1118 931 1259 993 collocuta

116 1048 173 1114 est,
197 1033 342 1111 didicerit,
366 1030 504 1116 perlidiao
517 1051 587 1093 snae
603 1031 713 1094 semina
728 1042 909 1115 sparserunt.
955 1033 1001 1094 Ao
1020 1033 1258 1115 quemadmodum

117 1137 208 1214 ebrii,
240 1155 362 1217 quorum
384 1133 549 1196 inconstans
570 1131 683 1194 animus
704 1143 734 1195 et
749 1133 979 1196 inconsideratus
997 1145 1042 1196 est
1059 1155 1173 1214 sermo,
1207 1155 1258 1198 ne-

117 1257 261 1320 quaquam
279 1235 334 1297 sibi
349 1244 543 1296 consentanea
558 1232 730 1316 loquuntur,
752 1235 803 1296 sed
822 1234 894 1296 alias
911 1236 1030 1298 ridicula
1045 1236 1153 1313 verba,
1184 1236 1256 1299 alias

117 1337 261 1401 moeroris
277 1358 312 1399 ac
328 1335 434 1398 doloris
454 1335 537 1419 plena
555 1336 723 1419 proterunt,
755 1337 857 1398 eodem
877 1358 997 1419 prorsus
1015 1338 1100 1400 modo
1119 1357 1186 1401 sese
1205 1338 1256 1400 ba·

117 1441 167 1503 bet
187 1439 223 1501 ab
243 1438 299 1502 illis
320 1437 523 1520 impostoribus
545 1449 609 1499 orta
635 1458 670 1498 ac
692 1448 848 1521 propagata
872 1438 1010 1521 nequitia.

201 1537 258 1622 Qui
274 1539 385 1622 quidem
401 1537 514 1600 stolidis
531 1537 705 1600 testimoniis
723 1560 757 1601 ac
772 1539 844 1602 visis
860 1539 889 1601 in
908 1539 957 1602 illo
973 1560 1027 1603 suo
1044 1541 1119 1623 quod
1136 1561 1204 1624 prae
1223 1562 1255 1604 se
1275 1555 1333 1624 esp.
1346 1559 1388 1609 111.

119 1644 214 1705 lerunt
231 1639 391 1725 Evangelio
411 1641 551 1702 nituntur.
598 1636 641 1701 lta
657 1640 734 1702 euim
750 1640 899 1723 inquiunt:
931 1646 964 1702 In
978 1646 1069 1702 crdno
1084 1655 1176 1703 monte
1190 1665 1255 1705 con·

115 1749 252 1815 steteram,
277 1764 337 1802 sum
356 1764 418 1803 ecce
436 1745 513 1802 mileo
527 1762 676 1818 procerum
693 1744 843 1814 demonem,
868 1755 897 1803 et
913 1747 1039 1804 mutr'lum
1056 1748 1160 1804 ulium.-
1192 1748 1255 1805 riade

114 1867 203 1906 vocem
217 1849 337 1905 tonitrui
352 1849 444 1904 uitetur
457 1845 594 1903 exacuet.-
610 1846 726 1920 propaits
738 1847 828 1920 egitur
841 1847 879 1902 cd
889 1848 1054 1905 audiendum
1067 1850 1177 1919 curedo,
1198 1858 1255 1906 tum

113 1968 155 2007 me
170 1951 243 2007 buno
259 1952 287 2007 r'n
304 1950 413 2006 modum
428 1958 471 2005 est
483 1947 640 2003 allocutus:
663 1946 726 2020 Ego
742 1946 811 2002 ruem
829 1965 889 2003 snm
907 1964 940 2003 ce
963 1958 992 2004 tn
1001 1990 1010 2017 ‚
1035 1958 1064 2005 et
1078 1958 1108 2006 tu
1123 1952 1193 2006 silem
1211 1959 1255 2007 ut·

113 2070 166 2128 pue
181 2070 249 2128 ego,
273 2060 303 2108 et
317 2049 481 2126 ubr'cnmque
495 2057 526 2105 tu
541 2066 587 2116 es,
611 2046 671 2103 illic
687 2065 739 2122 ego
753 2065 830 2115 snm,
854 2065 888 2103 uc
899 2067 953 2123 per
968 2050 1058 2105 omniu
1071 2069 1131 2106 sum
1149 2052 1255 2126 desper-

112 2172 176 2223 sns‚·
200 2162 229 2210 et
243 2154 431 2228 tendentemque
445 2149 565 2207 colueris
579 2167 621 2206 me
634 2148 756 2224 collegas,
782 2166 824 2204 me
837 2167 901 2204 uero
917 2149 1073 2223 colligendo
1087 2152 1255 2227 temetipsum

112 2254 233 2330 colliges.
281 2246 308 2313 0
327 2249 487 2311 doctrinam
504 2269 521 2308 a
539 2245 715 2329 nequissimo
730 2245 870 2308 doemone
890 2247 1063 2330 prolectaml
1104 2245 1256 2310 Undenam

112 2352 226 2414 humaui
249 2349 367 2434 generis
389 2349 506 2431 ingenia
529 2347 684 2432 pervertit,
717 2348 798 2410 etad
819 2348 922 2410 stolida
941 2347 1114 2430 minimeque
1132 2371 1256 2413 consco-

112 2464 197 2516 tanea
220 2474 237 2515 a
258 2452 351 2514 verbo
372 2449 504 2513 veritatis
527 2450 671 2534 abripuit?
712 2447 793 2512 Nibil
813 2450 888 2511 enim
909 2451 1112 2534 propemodum
1132 2451 1177 2528 ei,
1209 2453 1257 2534 qui

112 2564 208 2618 mente
230 2565 315 2636 atque
337 2552 489 2638 prudentia
513 2552 658 2636 praeditus
680 2562 741 2630 est,
775 2550 918 2635 scriptura
941 2553 988 2614 vel
1013 2551 1174 2636 exemplis,
1207 2564 1257 2616 aut

111 2655 169 2718 ulla
187 2656 311 2733 realia,
335 2655 371 2717 ad
387 2675 439 2716 eos
456 2654 629 2716 refellendos
648 2652 688 2715 uti
705 2674 826 2716 necesse
844 2664 899 2716 est.
945 2651 1094 2736 Siquidem
1112 2665 1193 2717 rocta
1208 2677 1256 2718 ra-

111 2756 153 2818 tio
179 2756 299 2820 stolidas
320 2756 434 2820 illorum
458 2756 569 2818 labulas
592 2765 623 2818 et
640 2743 848 2818 =adulteriorum
871 2776 905 2818 ac
929 2755 1100 2839 flagitiorum
1122 2755 1256 2820 libidines

113 2857 198 2920 lacilc
215 2878 267 2942 per
285 2878 318 2921 se
334 2857 396 2942 ipsa
413 2857 568 2940 dignoscit.
613 2855 696 2920 Haeo
711 2857 799 2941 igitur
815 2867 900 2940 atque
918 2857 962 2920 bis
979 2858 1084 2921 similia
1100 2859 1256 2922 commenti

113 2955 265 3035 Gnostici,
297 2958 426 3042 quicum
443 2956 560 3022 Nicolai
578 2970 659 3022 secta
679 2959 824 3021 coniuncti
844 2968 926 3036 suot,
959 2960 1118 3023 averitate
1137 2962 1256 3024 excide·

110 3071 199 3139 runt3
223 3079 277 3122 nec
296 3080 395 3122 eorum
414 3061 571 3136 duntaxat,
596 3059 698 3143 quibus
718 3080 846 3122 errorem
866 3073 1091 3144 persuaserunt,
1114 3063 1256 3148 deprava·

111 3171 180 3225 runt
195 3161 330 3245 ingenia,
361 3160 412 3224 sed
430 3172 459 3224 et
475 3163 588 3224 animos
605 3182 785 3245 corporaque
803 3161 911 3244 pariter
927 3164 1076 3226 adulteriis
1095 3186 1130 3227 ac
1148 3163 1255 3247 promi-

110 3283 199 3327 scuae
220 3263 331 3326 libidini
353 3263 491 3326 servilem
511 3264 540 3326 in
565 3263 680 3325 modum
702 3261 900 3326 subiecerunt.
945 3263 1061 3327 Etenim
1085 3286 1154 3328 suos
1176 3265 1255 3346 ipsos

110 3377 271 3432 conventos
289 3363 455 3447 multiplicis
474 3385 508 3427 ac
526 3364 681 3449 promiscui
700 3364 871 3427 concubitus
890 3365 1026 3429 loeditate
1044 3365 1254 3442 contaminant,

112 3467 160 3531 ubi
185 3478 216 3531 et
239 3466 373 3531 humanis
397 3465 532 3530 carnibus
554 3477 585 3529 et
607 3466 778 3551 turpissimis
801 3467 935 3531 sordibus
958 3477 1128 3530 vescuntur.
1175 3462 1258 3546 Quae

112 3569 230 3632 omniuo
247 3589 476 3632 commemorare
492 3589 550 3631 uon
569 3569 679 3647 audeo,
702 3568 758 3631 nisi
775 3589 821 3631 me
838 3568 933 3651 aliqua
952 3569 1076 3630 lortasse
1095 3567 1255 3632 necessitas

109 3669 272 3756 impuleritq
303 3670 345 3733 ita
360 3691 408 3733 me
426 3670 514 3733 animi
531 3669 586 3732 mei
605 3669 762 3732 vehemens
781 3670 894 3752 quidam
912 3669 993 3731 dolor
1011 3667 1047 3729 ob
1064 3688 1098 3730 ea
1116 3689 1189 3751 quae
1206 3668 1254 3734 isti

108 3791 261 3856 perperam
276 3782 384 3854 gerunt
397 3783 516 3857 stupore
530 3771 657 3835 defixum
671 3772 792 3849 detinet,
816 3771 884 3832 illud
900 3789 1075 3853 magnopere
1088 3770 1252 3851 mirantem,

110 3883 245 3957 quautam
268 3872 299 3936 io
322 3875 463 3937 malorum
485 3872 658 3956 gravitatem
681 3894 716 3936 ac
737 3872 906 3958 profundam
930 3871 1098 3954 uoraginem
1123 3872 1253 3936 diabolus

109 3973 176 4038 illos
200 3974 335 4039 immittat
357 3975 405 4060 qui
429 3974 484 4038 sibi
507 3974 615 4037 luerint
636 3974 785 4051 obsecuti,
812 3974 892 4035 adeo
915 3983 1067 4036 uteorum
1090 3987 1202 4038 mentes
1225 3987 1255 4038 et

109 4076 216 4154 corda,
240 4097 360 4154 mouns,
385 4098 436 4139 oro
455 4096 635 4160 corporaque
651 4076 761 4161 pariter
777 4085 863 4157 atque
880 4074 993 4138 animos
1008 4076 1156 4160 inquinet,
1181 4098 1254 4159 qnos

107 4176 137 4239 iu
162 4178 251 4242 tantis
274 4178 403 4241 tenebris
425 4177 556 4240 irretitos
582 4187 682 4239 tenere
704 4178 840 4260 potuerit.
887 4173 946 4240 Sed
969 4177 1036 4240 illud
1058 4199 1181 4255 vereor,
1216 4199 1253 4240 ue

109 4277 153 4340 sic
174 4289 263 4344 totam
285 4280 363 4343 illam
386 4279 614 4363 pestilentissimi
631 4277 738 4339 veneni
759 4277 816 4340 vim
834 4279 915 4361 quasi
934 4281 1026 4364 reguli
1045 4281 1194 4344 cuiusdam
1211 4282 1252 4341 la-

109 4431 213 4493 omo,
228 4433 340 4484 renum
349 4435 434 4494 recepit
444 4445 473 4481 es
483 4432 533 4481 cod.
546 4431 664 4479 Vottcono.
698 4432 819 4480 emendotc
842 4434 891 4482 eod.
915 4435 986 4484 Votis.
1009 4426 1106 4500 ἤδηὸεν
1129 4429 1175 4498 τήν
1197 4435 1253 4483 sort·

145 4495 204 4548 Cu.
217 4498 261 4549 nr.
276 4527 312 4541 -
329 4501 353 4551 1.
369 4501 449 4565 triber
465 4495 511 4566 τὴν
527 4499 620 4560 reposui
635 4512 665 4548 oc
696 4503 776 4560 ptura.
811 4502 883 4564 Vutpo
899 4507 962 4552 estut
976 4504 1111 4564 simpliciter
1127 4497 1180 4565 τήν.
