3046 5084
185 373 246 434 564
609 381 728 431 εενστι
746 382 912 433 τεινωλαιι

183 503 234 565 καί
256 499 354 582 ήσσων
376 504 410 587 τή
429 497 551 580 δυνάμει
574 500 666 576 ἐστὶν,
697 495 794 562 οάκέτι
813 495 1005 581 εὑρεθήσεται
1024 498 1045 582 ή
1062 504 1242 589 δημιουργία
1256 526 1334 569 ουνε-

182 610 292 681 στῦσα,
316 599 374 665 άλλ’
391 603 517 677 ἐξέλιπεν
535 602 658 665 ἔκπαλαι
675 598 898 686 άναρπαζομένη
914 599 984 667 καθ’
1002 602 1129 685 ἑκάστην
1145 602 1260 689 ήμέραν
1276 605 1335 673 ῦπό

180 731 210 768 τε
232 713 284 770 τοῦ
301 712 433 789 πονηροῦ
454 706 495 779 είς
514 704 546 769 τό
564 707 641 768 ίδιον
658 705 762 787 μέρος,
793 706 844 767 καὶ
859 701 918 768 δπό
937 712 991 769 τοῦ
1007 703 1129 790 άγαθοῦ
1145 710 1189 783 είς
1209 706 1246 773 τά
1264 708 1332 777 άνω.

181 811 241 871 Καὶ
264 815 322 873 ποῦ
340 810 382 872 ἔτι
400 805 611 891 ήδημιουργία
629 805 822 888 σταθήσεταις
856 809 899 870 Et
913 808 945 871 δέ
962 807 1006 871 ὅτι
1022 807 1118 897 χρόνῳ
1137 809 1217 892 λήξει
1234 813 1332 897 λέγεις,

178 914 229 975 καί
242 908 368 975 δυνατόν
382 910 490 991 ταύτην
504 909 579 984 ὅλως
591 908 690 994 λήγειν
703 908 753 972 διά
768 916 819 989 τής
831 916 886 973 τοῦ
900 907 1020 995 άγαθοῦ
1034 914 1208 993 ἐπιμελείας,
1224 912 1333 981 οῦκοῦν

179 1010 197 1077 δ
213 1010 329 1098 άγαθός
349 1018 442 1089 αἴτιος
456 1020 508 1094 τῆς
525 1011 639 1094 βλάβης
655 1015 749 1092 ἔσται,
781 1009 799 1075 ό
815 1010 855 1094 μή
871 1010 962 1077 πάλαι
978 1012 1105 1096 ποιήσας
1120 1013 1196 1101 ὅπερ
1212 1016 1332 1103 ὕστερον

178 1113 295 1201 άγαθόν
309 1119 407 1193 έδοξεν
421 1119 569 1193 ἐπιτελεῖν,
592 1113 662 1196 μήτε
679 1113 736 1196 μήν
750 1113 919 1196 πεποιηκός
933 1113 992 1179 άπό
1009 1122 1067 1181 τῶν
1079 1114 1240 1198 άνέκαθεν,
1262 1124 1331 1207 πρίν

176 1215 197 1299 ή
210 1216 281 1294 τοῦς
298 1223 416 1293 πλείους
430 1216 627 1299 άδικηθήναι,
648 1219 700 1281 καὶ
716 1218 773 1280 έέν
789 1219 906 1294 καθέξει
923 1216 1033 1295 αῦτοῦς
1049 1222 1187 1304 γενέσθαι
1202 1230 1257 1289 τοῦ
1271 1252 1329 1309 κρι·

175 1328 230 1385 τοῦ
251 1323 301 1385 καί
323 1320 402 1385 κάτω
424 1322 621 1402 μεμενηκέναι.

261 1527 357 1592 Πάλιν
380 1528 412 1591 δὲ
431 1526 466 1590 τά
486 1534 539 1608 τῆς
555 1529 641 1600 θείας
659 1533 775 1610 γραφῆς
794 1524 849 1590 οῦκ
870 1522 973 1609 σ’ρθῦς
990 1534 1067 1592 νοοῦν
1083 1533 1248 1617 προφέρει,
1278 1538 1327 1600 καί

174 1629 244 1705 τοῦς
257 1628 411 1715 ἀκεραίους
428 1632 556 1716 ἐξαπατᾷ
572 1630 757 1711 διαστρέφων
770 1626 802 1693 τό
819 1636 873 1692 τοῦ
887 1625 1052 1695 άπσστόλον
1067 1632 1161 1715 ῥητόν
1175 1634 1232 1714 ὅτι,
1257 1644 1325 1723 Χρι-

173 1731 241 1809 στός
254 1730 332 1815 ήμάς
347 1731 520 1818 ἐξηγόρασεν
535 1733 566 1795 ἐκ
581 1738 633 1813 τῆς
647 1729 776 1815 κατάρας
789 1739 842 1796 τοῦ
856 1730 961 1813 νόμον,
983 1735 1140 1817 γενόμενος
1153 1734 1232 1824 ὖπέρ
1246 1736 1326 1823 ήμῶν

172 1834 292 1921 κατάρα.
338 1840 397 1899 Καί
410 1856 508 1917 φησιν,
532 1836 574 1897 Εἰ
585 1826 659 1915 ήμεν
675 1831 776 1911 αὐτοῦ,
796 1832 850 1899 οῦκ
865 1833 903 1899 άν
915 1833 947 1901 τό
963 1836 1070 1901 ἑαυτοῦ
1085 1835 1240 1924 ήγάραζεν,
1260 1840 1324 1929 ἆγο-

172 1937 264 2023 ράσας
286 1939 317 2003 δὲ
339 1941 381 2013 εἰς
400 1936 549 2022 άλλότριον
566 1934 678 2017 κόσμον
696 1929 788 2018 ήλθεν
808 1934 886 2020 ήμῦς
907 1936 1051 2023 άγοράσαι
1070 1939 1141 2017 τοῦς
1163 1940 1221 2008 οῦκ
1240 1942 1325 2023 ὄντας

172 2037 277 2106 αὐτοῦ·
307 2045 420 2122 ποίημα
437 2037 493 2125 γάρ
510 2032 583 2122 ἦμεν
601 2041 717 2124 ἑτέρον,
747 2042 796 2103 καί
815 2040 864 2104 διά
880 2046 966 2106 τοῦτο
982 2040 1062 2125 ήμῦς
1080 2041 1172 2121 αάτός
1187 2044 1324 2133 ἠγόραζεν

171 2146 212 2220 είς
228 2144 280 2227 τήν
297 2146 404 2208 ἑαυτοῦ
421 2144 505 2224 ζωήν.
549 2139 664 2226 Ἀγνοεῖ
676 2143 708 2206 δὲ
723 2141 798 2218 ὅλως
814 2139 831 2207 ό
845 2140 964 2225 ήλίθιος
979 2143 1025 2209 ότι
1043 2144 1109 2211 οὔτε
1127 2148 1261 2233 Χριστός
1274 2178 1322 2217 ιτα·

170 2245 245 2331 τάρα
263 2249 445 2332 γεγέννηται,
468 2242 508 2326 μή
523 2246 651 2328 γε’νοιτο,
675 2242 744 2307 άλλά
760 2244 815 2326 τήν
831 2244 962 2331 κατάραν
978 2245 1032 2330 τήν
1045 2247 1097 2313 διά
1109 2256 1165 2333 τῆς
1179 2248 1322 2339 άμαρτίας

53 2370 156 2429 μησεν.
170 2346 255 2432 ήμῶν
273 2346 391 2430 άφεῖλεν
406 2345 511 2413 ἑαυτόν
527 2344 713 2431 σταυριόσας,
742 2349 792 2411 καὶ
812 2344 967 2433 γενόμενος
982 2349 1114 2428 θάνατος
1130 2354 1257 2445 θανάτῳ
1273 2354 1320 2421 διδ

169 2450 222 2528 τάς
238 2449 380 2535 άμαρτίας
395 2448 489 2534 ήμῶν,
511 2452 561 2513 καὶ
575 2448 687 2534 κατάρα
701 2446 791 2525 αάτός
804 2458 840 2540 τῇ
855 2450 969 2541 κατάρμ
983 2452 1148 2539 γενόμενος.
1192 2458 1251 2525 Διό
1267 2456 1318 2525 οῦτ

169 2558 228 2621 ἐστι
247 2553 376 2637 Χριστός
396 2551 525 2637 κατάρα,
553 2549 625 2615 άλλά
642 2558 694 2634 τῆς
710 2550 840 2635 κατάρας
854 2552 951 2633 λάσις,
980 2552 1096 2641 εὐλογία
1117 2558 1152 2623 δέ
1169 2566 1246 2627 πᾶσι
1262 2570 1321 2639 τοῖς

169 2661 211 2733 είς
226 2655 318 2722 αὐτόν
333 2654 453 2739 άληθῶς
468 2652 698 2720 πεπιστευκόσιν.
742 2653 829 2720 Οῦτω
843 2658 893 2721 καὶ
905 2656 938 2721 τό
951 2654 1156 2745 Ἐξηγόρασεν,
1170 2660 1230 2729 οῦκ
1243 2660 1320 2731 τίκτεν

167 2758 332 2846 Ἠγάρασεν.
379 2756 454 2823 Οὔτε
475 2756 531 2843 γάρ
554 2760 596 2834 είς
614 2754 764 2841 άλλότριον
782 2748 875 2840 ήίθεν
892 2756 1024 2844 άρπάσαι
1044 2758 1238 2850 ήάγοράσαι.
1281 2768 1321 2833 El

169 2862 223 2949 γάρ
241 2861 397 2948 ήγόρασεν,
420 2859 461 2943 μή
478 2864 551 2945 ίχων
569 2858 708 2945 ήγόρασε,
731 2862 780 2925 καὶ
799 2857 841 2935 τίς
856 2860 971 2945 πτωχός
985 2862 1005 2928 δ
1019 2862 1059 2947 μή
1076 2862 1152 2949 είχεν
1166 2868 1317 2955 ἐκτήσατο,

167 2968 217 3030 καὶ
245 2965 300 3041 1δς
316 2968 491 3047 κεκτημένος
507 2961 585 3047 ήμῦς
601 2964 767 3047 πέπρακεν,
797 2961 951 3049 άπσρήσας
964 2968 1132 3055 πέπρακεν,
1162 2966 1226 3039 άπό
1241 2998 1319 3049 τινος

167 3066 225 3153 άρα
246 3072 398 3134 δανειστοῦ
420 3066 620 3150 ἐλαυνόμενος.
662 3062 735 3129 Ἀλλ’
756 3063 811 3132 οῦκ
831 3068 884 3149 ἔχει
907 3066 1009 3145 σῦτως.
1056 3068 1134 3139 Οὔτε
1155 3074 1214 3161 γάρ
1239 3072 1318 3141 τίκτεν

165 3169 336 3257 Ἠγόρασεν,
359 3169 417 3236 άλλ’
431 3168 633 3255 Ἐξηγάρασεν·
663 3166 769 3251 ὅμοιον
788 3171 820 3235 δέ
836 3168 929 3260 τούτῳ
947 3168 965 3237 ό
982 3169 1073 3249 αῦτός
1090 3172 1178 3261 ῦγιος
1194 3174 1317 3247 άπδστο-

165 3273 215 3350 λός
236 3296 341 3357 φησιν,
371 3271 628 3363 ἘξαγοραζόμενοιΙ
648 3269 699 3335 τόν
719 3270 837 3355 καιρόν,
867 3274 912 3337 δτι
929 3278 963 3338 αί
978 3272 1084 3361 ήμέραι
1102 3285 1236 3367 πονηραί
1252 3284 1315 3363 είαι,

165 3379 216 3441 καί
234 3375 286 3459 οάη
302 3375 414 3461 ήμίρας
430 3373 622 3460 άγοράζομεν,
652 3371 723 3439 οῦδὲ
739 3373 827 3457 τιμήν
843 3372 960 3461 ήμερῶν
976 3380 1111 3461 δίδομεν,
1140 3378 1315 3451 όλλάτόδί

165 3477 320 3562 ὑπομονήν
345 3482 396 3544 καὶ
421 3476 453 3543 τό
478 3476 645 3559 μελλητικόν
669 3502 699 3541 τε
725 3484 935 3562 μακροθυμίας
958 3486 1110 3563 σημαίνων
1134 3492 1226 3553 τοῦτο
1248 3490 1313 3571 [φη.

154 3580 245 3657 Ὥςτε
258 3582 291 3647 τό
304 3580 479 3667 Ἐξηγόρασε
492 3580 546 3664 τήν
559 3578 706 3646 άπόθεσιν
718 3577 853 3663 άπέφηνε
867 3589 920 3665 τῆς
933 3580 1007 3668 ῦπέρ
1021 3580 1108 3667 ήμῶν
1120 3584 1314 3675 άναδοχῦγςδτ

165 3684 267 3774 κόσμφ
286 3687 429 3770 ένσάρκου
447 3688 625 3769 παρουσίας,
656 3675 693 3764 ής
709 3681 862 3761 άνεδέξατο
879 3682 954 3771 όπέρ
971 3683 1058 3769 ήμῶν
1074 3698 1189 3757 παθεῖν
1206 3690 1309 3761 όόττι·

163 3787 225 3870 θής
247 3787 288 3852 σίν
306 3787 392 3867 θεός,
423 3790 519 3869 μένων
541 3789 572 3852 έν
593 3793 629 3875 τῇ
652 3788 713 3873 ίδίηι
734 3782 868 3875 άπαθείρι
888 3796 942 3871 τῆς
959 3786 1054 3855 ατίτοῦ
1073 3790 1236 3879 θεότητος,
1263 3796 1310 3863 ωδ

164 3888 280 3979 θαάτῷ,
296 3890 314 3955 δ
331 3890 483 3969 άνεδέξατο
500 3887 575 3975 ῦπέρ
592 3886 676 3972 ήμῶν
690 3898 812 3969 παθεῖν,
834 3888 890 3955 οῦκ
905 3888 1056 3977 άγοράζων
1071 3890 1153 3979 ήμῦς
1166 3894 1219 3965 τίτί
1232 3896 1309 3967 ἄλλο.

196 4076 220 4130 4.
239 4078 370 4146 ἐγκαθέξει
385 4086 468 4133 habent
483 4087 544 4133 ίίλιτλ
785 4082 810 4133 2.
826 4076 898 4151 αῦτῷ
910 4086 1010 4147 corrui,
1023 4084 1307 4147 σειααεοετιιίιῌιῦτδ

197 4149 256 4199 Cn.
272 4151 337 4200 Vlll.
350 4178 384 4189 -
403 4154 424 4201 l.
442 4142 472 4209 δς
487 4155 579 4214 στείρα,
595 4154 717 4201 Ρτίανλιιιιι
750 4156 856 4202 teneram

162 4222 268 4280 τιτυλυτ,
282 4233 326 4281 pro
344 4210 373 4279 ὃ,
390 4218 453 4281 quod
469 4221 522 4269 libri
537 4223 641 4271 ττίίιιιιιί.
