3046 5084
281 373 342 434 356
604 366 616 385 ⁰
700 382 820 433 εκυοτι
841 381 1007 432 τεινειιειιι

282 505 422 582 Σωτῆρος
437 500 489 563 καί
504 504 557 580 τῆς
573 501 691 577 Σοφίας
706 505 759 579 τῆς
776 495 931 580 Ἀχαμούθ,
961 499 1012 562 καί
1028 504 1114 563 τούτο
1135 493 1209 562 εῖναι
1224 501 1355 580 νυμφίον
1376 498 1432 562 καί

282 599 417 681 νύμφην,
439 606 583 681 νυμφῶνα
598 599 630 663 δὲ
646 598 678 664 τύ
697 605 757 664 πᾶν
775 597 936 683 Πλῆρωμα.
984 595 1062 676 Τούς
1073 599 1106 664 δέ
1120 597 1336 681 πνευματικούς
1354 596 1430 664 οῖπο-

284 702 466 783 θυσαμένους
482 699 535 775 τύς
548 699 646 783 ψυχαῖς
663 703 714 766 καὶ
729 699 880 784 πνεύματα
897 698 983 786 νοεροῖ
1000 703 1174 786 γενομένους
1190 698 1360 787 ύκρατῆτως
1376 702 1430 767 καί

283 801 416 888 ύορύτως
442 801 525 879 ἐντός
548 801 752 889 Πληροίματος
781 800 1008 880 1θείςελθύντας
1033 803 1152 887 νύμφας
1179 800 1431 887 οἶποθοθῆσεσθαι

283 913 344 981 τοῖς
366 908 430 990 περί
450 903 502 971 τύν
519 912 646 989 Σωτῆρα
663 902 811 990 Ἀγγέλοις
860 903 918 971 Τύν
940 907 971 971 δέ
988 903 1179 991 Δημιουργύν
1196 909 1355 989 μεταβῆναι
1376 906 1429 969 καί

282 1005 373 1073 αύτύν
397 1010 439 1083 είς
460 1005 511 1072 τύν
534 1015 586 1090 τῆς
603 1006 729 1091 Μητρὸς
747 1012 865 1088 Σοφίας
885 1006 991 1088 τύπον,
1020 1010 1167 1074 τουτέστιν
1183 1010 1214 1074 ἐν
1231 1014 1267 1097 τῆ
1282 1005 1430 1090 μεσότητι.

159 1148 210 1193 μσς.
225 1135 269 1180 ιιι.
287 1107 347 1186 Τύς
360 1135 391 1175 τι
403 1114 462 1174 τῶν
476 1112 598 1175 δικαίων
613 1107 712 1192 ψυχύς
724 1106 948 1175 ἀναπαύσεσθαι
962 1113 1012 1177 καί
1026 1108 1117 1188 αύτᾶς
1134 1113 1166 1177 ἐν
1182 1117 1222 1199 τῷ
1239 1116 1292 1193 τῆς
1306 1106 1429 1192 μεσύτη-

283 1237 333 1287 τος
353 1209 444 1300 τύπῳ.
489 1212 596 1294 Μηδὲν
616 1210 671 1297 γύρ
693 1209 821 1295 ψυχικύν
843 1209 924 1288 έντύς
947 1211 1151 1300 Πληρύματος
1171 1220 1282 1298 χωρεῖν.

133 1531 199 1598 Κεφ.
217 1527 264 1584 κδ’.
373 1516 491 1584 Τούτων
506 1518 538 1583 δέ
552 1519 712 1603 γενομένων
730 1517 825 1594 οὕτως
836 1517 869 1584 τύ
885 1521 1054 1601 ἐμφωλεῦον
1070 1527 1111 1609 τῷ
1128 1518 1228 1609 κόσμῳ
1243 1524 1304 1604 πῦρ
1324 1517 1430 1602 ἐκλύμ·

284 1637 348 1703 ψαν
369 1623 421 1685 καί
440 1620 569 1701 ἐξαφθὲν
591 1623 639 1685 καί
658 1620 908 1707 κατεργασάμενον
926 1630 1023 1687 πᾶσαν
1040 1621 1113 1705 ύλην
1129 1619 1433 1704 σνναναλωθῆσεσθαι

286 1720 370 1812 αύτῆ,
393 1724 443 1788 καί
459 1725 501 1798 είς
516 1720 548 1788 τύ
568 1721 665 1806 μηκέτ’
681 1720 752 1788 είναι
768 1722 907 1807 χωρήσειν
923 1723 1103 1792 διδάσκουσι.
1152 1722 1211 1790 Τύν
1226 1723 1259 1790 δέ
1278 1732 1432 1812 Δημιουρ-

283 1824 338 1910 γύν
356 1826 447 1908 μηδὲν
463 1824 576 1890 τούτων
593 1828 749 1911 ἐγνωκέναι
768 1823 983 1907 α’ποφαίνονται
1000 1826 1058 1913 πρύ
1075 1834 1127 1910 τῆς
1144 1833 1198 1892 τοῦ
1215 1833 1356 1909 Σωτῆρος
1372 1852 1431 1892 πα·

286 1933 416 2013 ρουσίας.
460 1929 530 1993 Εἰσὶ
554 1928 586 1993 δέ
608 1931 640 1993 οῖ
657 1930 786 2015 λέγοντες
806 1932 1009 2014 προβαλέσθαι
1030 1925 1120 1995 αύτύν
1142 1930 1193 1994 καί
1211 1925 1339 2015 Χριστύν
1362 1926 1432 1995 υίύν

284 2032 376 2109 ίιίιον,
406 2027 476 2095 dud
497 2032 568 2096 1καί
585 2029 727 2113 ψυχικόν·
759 2034 852 2115 Βπερί
869 2029 976 2097 τούτου
994 2030 1045 2097 θιύ
1061 2038 1120 2097 τοῖν
1136 2037 1298 2117 προφητῶν
1313 2037 1432 2114 λελαλη-

283 2133 373 2197 κέναι.
417 2129 506 2197 Είναι
522 2133 554 2198 δέ
567 2138 671 2199 τοῦτον
685 2131 736 2198 τύν
752 2131 802 2198 διαί
820 2137 942 2219 Μαρίας
954 2132 1159 2214 θιοδεύσαντα,
1189 2131 1327 2217 καθάπερ
1344 2130 1431 2219 ὕδωρ

285 2232 334 2300 διύ
348 2241 475 2317 σωλῆνος
487 2231 594 2314 ύδεύει,
611 2237 662 2301 καί
675 2238 717 2311 είς
729 2242 832 2301 τοῦτον
847 2237 897 2301 ἐπί
910 2242 963 2301 τοῦ
975 2239 1174 2319 βαπτίσματος
1187 2244 1339 2303 κατελθεῖν
1355 2236 1430 2303 ἐκεῖ·

284 2364 335 2403 νον
349 2335 400 2404 τὸν
418 2336 477 2404 οῖπύ
495 2346 549 2405 τοῦ
567 2336 770 2421 Πληρύματος
788 2339 820 2404 ἐκ
837 2337 957 2404 πάντων
973 2345 1100 2425 Σωτῆρα
1116 2341 1148 2404 ἐν
1165 2341 1236 2405 εῖδει
1249 2342 1430 2423 περιστερᾶς.

286 2443 440 2524 Γεγονέναι
459 2443 491 2507 δέ
508 2443 539 2506 ἐν
557 2437 637 2528 αύτῷ
656 2441 707 2505 καί
727 2437 759 2505 τύ
779 2437 850 2506 αύτύ
867 2447 921 2524 τῆς
934 2437 1074 2525 Ἀχαμοίθ
1089 2442 1204 2527 σπέρμα
1218 2436 1426 2525 πνευματικόν.

290 2540 348 2608 Τύν
361 2535 416 2608 οὖν
430 2542 534 2628 κύριον
547 2540 631 2626 ῆμοῖν
647 2544 680 2609 ἐκ
695 2540 841 2628 τεσσάρων
855 2541 966 2609 τούτων
978 2542 1122 2610 σύνθετον
1135 2545 1283 2630 γεγονέναι
1293 2538 1427 2625 φύσκου-

285 2665 347 2723 σιν,
370 2642 556 2724 ύποσύζοντα
570 2643 621 2710 τύν
638 2643 732 2710 τύπον
746 2653 800 2728 τῆς
816 2643 974 2731 α’ρχεγύνου
990 2648 1040 2713 καί
1054 2644 1173 2733 πριύτης
1188 2642 1370 2734 τετρακτύος,
1391 2644 1429 2711 ἐκ

284 2770 313 2810 τε
329 2753 382 2811 τοῦ
398 2754 611 2830 πνευματικοῦ,
641 2745 659 2812 3
675 2739 713 2830 ῆν
728 2744 787 2813 duo*
805 2755 859 2831 τῆς
870 2745 1025 2832 Ἀχαμοίθ,
1052 2751 1102 2816 καί
1119 2751 1152 2814 ἐκ
1166 2756 1220 2816 τοῦ
1233 2754 1381 2833 ψυχικοῦ,
1410 2744 1431 2813 3

284 2840 322 2931 ῆν
340 2845 399 2914 οῖπύ
415 2855 469 2915 τού
483 2856 689 2936 Δημιουργοῦ,
719 2852 771 2915 καί
787 2851 819 2916 ἐκ
835 2857 887 2934 τῆς
902 2853 1086 2935 οἰκονομίας,
1114 2851 1133 2918 3
1147 2845 1186 2936 ῆν
1202 2852 1433 2935 κατεσκευασμί·

284 2976 337 3016 νον
353 2947 469 3041 ύρρῆτφ
488 2954 589 3043 τέχνη,
618 2954 667 3019 καί
685 2954 717 3019 ἐκ
734 2959 787 3018 τοῦ
802 2959 959 3038 Σωτῆρος,
986 2952 1004 3020 3
1022 2946 1059 3037 ῆν
1075 2958 1258 3022 κατελθοῦσα
1275 2954 1319 3031 είς
1337 2948 1435 3021 αύτύν

284 3052 447 3138 περιστεραί.
491 3056 552 3119 Καί
571 3061 700 3121 8τοῦτον
715 3056 768 3138 μίν
782 3053 888 3139 ἀπαθῆ
900 3058 1141 3140 διαμεμενηκέναι
1154 3055 1203 3137 (ού
1215 3054 1271 3144 γυῖρ
1285 3056 1433 3139 ίνιύίχιτο

284 3165 395 3222 παθεῖν
408 3153 498 3222 αύτύν
511 3155 674 3241 ύκρύτητον
685 3160 736 3223 καί
751 3155 878 3244 ύύρατον
890 3155 1081 3243 ύπύρχοντα),
1096 3161 1148 3225 καί
1162 3158 1211 3226 διαί
1221 3164 1308 3226 τοῦτο
1322 3148 1434 3249 ῆρθιιι,

284 3260 505 3346 προςαγομένου
522 3257 614 3326 αὐτοῦ
629 3267 670 3349 τῷ
685 3259 820 3349 Πελύτρο,
840 3258 874 3327 τύ
889 3264 931 3338 είς
946 3258 1036 3327 αύτύν
1051 3263 1211 3329 κατατεθέν
1225 3268 1342 3345 πνεῦμα
1355 3266 1434 3349 Χρι·

284 3370 363 3428 στοῦ.
406 3360 477 3427 Ἀλλ’
496 3360 566 3428 ούιίέ
587 3361 620 3429 τύ
645 3360 703 3428 ύπύ
726 3369 778 3446 τῆς
799 3362 925 3450 Μητρύς
946 3365 1060 3448 σπέρμα
1079 3367 1261 3431 πεπονθέναι
1281 3364 1434 3451 λέγουσιν·

284 3462 400 3541 ύπαθές
411 3463 468 3552 γύρ
481 3466 532 3530 καί
549 3463 646 3531 4αύτύ
661 3463 694 3531 τύ
710 3464 907 3549 πνευματικύν
921 3468 973 3532 καί
986 3464 1112 3553 ύύρατον
1126 3470 1203 3535 ὅκαί
1216 3464 1298 3557 αύτῷ
1310 3472 1354 3557 τγῖ
1368 3474 1435 3551 Aq-

284 3575 422 3657 μιουργῷ.
458 3566 578 3633 ’Ἕπαθε
595 3569 627 3634 δέ
643 3565 746 3633 λοιπόν
766 3566 850 3633 8κατ’
867 3566 975 3646 αύτούς
992 3564 1011 3636 ύ
1027 3568 1155 3655 ψυχικύς
1171 3568 1314 3658 Χριστύς,
1341 3570 1395 3636 καί
1415 3566 1437 3637 ύ

284 3669 317 3734 έκ
331 3677 384 3753 τῆς
400 3674 569 3755 οἰκονομίας
586 3673 851 3754 κατεσκευασμένος
865 3675 1083 3758 μυστηριωδοῖς,
1107 3670 1169 3740 7ίν’
1183 3674 1339 3763 ’ἐπιδείξῃ
1359 3668 1435 3739 ἐτύ-

283 3777 336 3835 τοῦ
349 3768 371 3855 ῆ
385 3773 497 3861 Μήτηρ
512 3773 563 3840 τὸν
579 3773 673 3840 τύπον
688 3781 742 3839 τοῦ
757 3772 820 3840 ύνω
838 3780 982 3861 Χριστοῦ,
1005 3778 1119 3842 ἐκείνου
1135 3782 1189 3843 τού
1207 3774 1434 3843 mimum

283 3898 333 3949 τος
350 3881 391 3965 τῷ
407 3884 523 3965 σταυρῷ
540 3879 589 3942 καί
607 3875 820 3963 μορφούσαντος
837 3875 891 3960 τῆν
904 3875 1044 3961 Ἀχαμτύθ
1061 3877 1218 3965 μόρφωσιν
1231 3874 1286 3963 τῆν
1300 3874 1365 3943 κατ’
1380 3874 1436 3945 νύ·

283 3980 357 4042 σίαν.
403 3976 509 4043 Πύντα
524 3978 579 4066 γύρ
593 3987 685 4046 ταῦτα
699 3978 813 4057 τύπους
831 3981 950 4046 ἐκείνων
964 3976 1039 4046 είναι
1053 3982 1177 4068 λέγουσι.
1223 3976 1284 4056 Τοῖς
1297 3979 1331 4047 ύί
1346 3982 1434 4065 ίσχη-

284 4083 372 4155 κυίας
391 4077 425 4145 τύ
444 4083 558 4166 σπέρμα
579 4089 631 4166 τῆς
648 4080 789 4167 Ἀχαμοίθ
805 4079 906 4166 ψυχαῖς
920 4080 1058 4165 ύμείνους
1073 4085 1190 4170 λέγουσι
1204 4082 1354 4170 γεγονέναι
1367 4090 1434 4153 εὸτι

287 4185 321 4226 ¹¹
331 4188 455 4247 λοιποῖν·
478 4181 525 4248 διύ
539 4185 590 4249 καί
604 4192 704 4251 πλεῖον
717 4192 776 4252 τοῖν
791 4183 885 4252 ἄλλων
897 4182 1073 4271 ῆγυπῆσθαι
1085 4183 1146 4253 ύπύ
1159 4192 1213 4253 τού
1226 4190 1435 4275 Δημιυυρχιιῦ,

321 4334 357 4388 13.
374 4336 491 4397 είςτλθεῖι
508 4336 555 4399 τὰς
569 4336 670 4407 νύμφας
693 4344 744 4393 cod.
758 4346 838 4395 Ρυτίι.
905 4342 930 4396 ³.
946 4346 983 4395 ίιο
999 4346 1051 4395 cod.
1069 4344 1123 4394 Ven.
1159 4345 1232 4407 νυίμυ
1248 4344 1328 4397 τοῦτο.

317 4402 375 4456 Gn.
391 4404 490 4457 XXlV.
506 4435 539 4445 —
564 4411 584 4459 λ.
602 4408 661 4474 καί,
682 4414 745 4473 quod
760 4426 839 4463 οοιιτιι
905 4408 929 4463 4.
947 4406 1024 4473 αύτό,
1057 4405 1103 4465 ἅττ
1127 4407 1295 4476 πιιυμυτυιίν
1320 4412 1438 4465 m

281 4474 334 4523 ίιλτί
346 4478 437 4526 tuentur
449 4490 499 4526 υιιο
512 4491 565 4526 cum
583 4479 629 4526 Vct.
640 4478 747 4542 ίοιετμτ,
761 4483 838 4532 mdo
862 4482 1003 4531 Ἰίυιιιιιίυι
1019 4494 1063 4531 ιιι.
1080 4481 1128 4531 Vel.
1140 4480 1296 4561 Ησμτιίαι.

280 4555 324 4591 ουτ
338 4544 429 4594 undum
443 4547 557 4595 notaverit
572 4548 691 4597 Ρειιιυιυι.
903 4549 928 4600 5.
945 4546 990 4601 καὶ
1006 4544 1036 4601 τί
1053 4546 1099 4601 τοῦ
1114 4548 1207 4613 θημιου
1286 4548 1340 4601 σοί.
1356 4548 1416 4603 Vn.

312 4612 337 4665 2.
353 4609 515 4677 περὶτούτων
532 4610 562 4667 δέ
577 4615 651 4665 voluit
666 4614 784 4666 Ριιοοίιικ
902 4612 928 4669 6.
944 4611 960 4670 τ’
977 4609 1033 4669 κατ’
1049 4608 1142 4676 αύτούς
1156 4562 1279 4669 adm.
