3046 5084
159 292 220 353 510
579 304 699 355 εκειοτι
717 304 885 354 κειειιιυιι

161 419 289 495 στάσεως
302 417 441 502 κυμάτων
456 415 635 502 δρμιάμενοι,
659 418 713 484 οάκ
732 422 786 496 έξω
800 417 883 495 ὄντες
896 426 948 485 τοῦ
964 416 1057 484 αάτοῶ
1074 418 1165 485 σάλου
1178 420 1231 485 καλ
1246 418 1315 485 κλεί-

160 525 269 598 δωνος,
299 524 350 585 καί
366 518 407 596 ῶς
422 519 482 586 άπιί
502 519 701 597 άκανθῶδους
717 520 788 604 ὕλης
802 524 1026 606 προκάψαντες,
1056 519 1113 587 οὐκ
1128 520 1213 599 έκτδς
1230 520 1315 598 ὄντες

159 621 270 699 παντδς
290 628 342 688 τοῦ
365 629 463 707 σωροῦ
484 631 544 688 τῶν
565 620 724 701 άκανθῶν,
755 627 782 687 ελ
801 627 851 688 καλ
869 624 1010 705 διάφοροι
1030 631 1072 712 τῷ
1088 622 1214 707 άνάματί
1230 627 1313 689 είσιν.

158 723 316 790 Ἀκανθῶν
334 726 386 808 μὲν
401 724 457 810 γάρ
474 727 542 809 γένη
560 724 668 805 πολλά,
699 725 780 809 ὅμως
795 729 827 791 έν
845 725 935 792 άπασι
950 725 984 792 τά
1004 725 1161 813 μοχθηράν
1176 734 1231 810 τῆς
1249 752 1313 793 κεν-

159 826 291 913 τροίδους
312 824 428 903 άδιιιίας
450 830 566 892 ένεστιν.

246 922 337 994 Οὗτοί
358 952 432 1009 φασι
454 928 504 994 τδν
529 929 609 993 Κάϊν
631 932 663 995 έκ
684 938 737 1011 τῆς
762 932 948 1013 ἰσχυροτέρας
973 931 1135 1013 Δυνάμεως
1157 928 1313 1013 άπάρχειν,

157 1035 207 1096 καί
230 1042 282 1114 τῆς
304 1031 419 1097 άνωθεν
441 1030 611 1107 αάθευτίας·
644 1029 714 1095 άλλά
734 1034 784 1096 καὶ
806 1031 857 1097 τάν
874 1030 966 1097 Ἠσαῦ
986 1035 1038 1098 καλ
1058 1032 1128 1110 τοιίς
1145 1036 1216 1120 περί
1234 1034 1315 1117 Κσρλ

158 1138 209 1199 καλ
230 1133 301 1211 τοάς
325 1138 507 1214 Σοδομίτας,
538 1134 591 1199 τάν
618 1135 649 1197 δὲ
665 1133 754 1216 ’Ἅβελ
784 1138 817 1199 έκ
840 1140 892 1217 τῆς
915 1133 1126 1220 ἀσθενεστέρας
1147 1135 1314 1217 Δυνάμεως

160 1235 310 1319 άπάρχειν.
355 1234 443 1300 Εἶναι
465 1236 497 1299 δὲ
514 1234 637 1310 τούτους
654 1236 766 1312 πάντας
782 1234 851 1321 παρ’
868 1234 969 1312 αιίτοῖς
985 1235 1170 1316 έπαινετοάς,
1193 1240 1315 1320 καὶτῆς

161 1336 257 1404 αάτῶν
271 1344 443 1424 συγγενείας.
488 1338 689 1420 Σεμνάνονται
703 1337 759 1422 γάρ
774 1349 920 1423 συγγενεῖς
935 1336 1008 1404 ελναι
1022 1347 1076 1406 τοῦ
1091 1339 1171 1404 Ιίάΐν
1188 1342 1242 1405 καλ
1255 1348 1314 1406 τῶν

161 1446 334 1522 Σοδομιτῶν
351 1443 400 1505 καλ
415 1438 505 1504 Ἠσαῦ
523 1445 574 1505 καί
591 1443 678 1524 Κορέ.
724 1433 897 1520 Καίοῦτοι,
926 1446 1032 1523 φασίν,
1063 1444 1117 1507 είσί
1133 1450 1189 1525 τῆς
1205 1450 1315 1519 τελείας

159 1546 208 1608 καί
228 1541 345 1608 άνωθεν
364 1540 504 1627 γνῶσεως.
549 1542 604 1608 Διά
623 1541 743 1607 καλιάν
760 1542 887 1624 ποιητῆν
907 1552 962 1609 τοῦ
978 1543 1092 1624 κόσμον
1109 1544 1219 1610 τούτου
1237 1546 1314 1625 φασί

161 1648 228 1727 περὶ
249 1645 302 1728 τῆν
323 1645 438 1710 τούτων
455 1643 595 1710 άνάλυσιν
613 1644 788 1727 έσχολαιιότα
804 1646 894 1727 μηδὲν
912 1649 1093 1728 δεδυνῆσθαι
1112 1644 1225 1723 αείτοιίς
1241 1644 1315 1729 βλά·

159 1766 225 1828 ψαι.
254 1746 437 1830 Ἐκράβησαν
450 1747 505 1833 γάρ
522 1745 571 1812 άπ’
585 1746 686 1826 αάτοῦ,
699 1750 751 1812 καλ
764 1746 986 1830 μετεβλήθησαν
999 1752 1041 1824 είς
1052 1746 1105 1814 τάν
1119 1746 1183 1814 άνω
1196 1752 1314 1829 Aldu«,

160 1850 234 1915 ὅθεν
251 1849 267 1933 ῆ
282 1850 384 1934 ἰσχυρά
401 1851 535 1933 Δάναμίς
548 1853 616 1916 ἔστι.
663 1849 746 1935 Πρδς
760 1847 869 1932 έαυτῆν
883 1848 937 1935 γάρ
951 1848 972 1933 ῆ
985 1856 1087 1932 Σοφία
1099 1848 1211 1927 αάτοιίς
1225 1876 1316 1937 προς

162 1953 267 2036 ῆκατο,
299 1956 392 2029 ἰδίους
413 1952 503 2035 αὐτῆς
524 1951 619 2029 ὄντας.
665 1955 723 2016 Καί
740 1950 847 2018 τούτου
865 1955 961 2017 ἕνεκεν
978 1954 1030 2020 τάν
1045 1951 1163 2020 Ἰούδαν
1179 1950 1317 2037 άκριβῶς

160 2056 196 2121 τά
212 2058 280 2139 περὶ
297 2055 410 2121 τούτων
426 2058 617 2139 ἐπεγνωκέναι
633 2058 756 2141 λέγουσι.
804 2057 864 2118 Καί
882 2062 987 2121 τοῦτον
1004 2054 1059 2143 γάρ
1078 2058 1223 2123 θέλουσιν
1238 2054 1318 2123 εἶναι

161 2166 284 2243 συγγενῆ
301 2161 428 2236 ἑαυτῶν,
449 2160 500 2222 καλ
520 2161 552 2222 έν
570 2158 704 2243 γνοίσεως
720 2155 871 2247 ὑπερβολῇ
886 2156 938 2222 τδν
955 2156 1046 2223 αιίτάν
1059 2166 1316 2244 καταριθμοῦσιν·

162 2260 233 2336 ῶςτε
255 2263 305 2325 καί
326 2259 539 2346 συνταγμάτιάν
560 2288 585 2325 τι
605 2263 705 2345 φέρειν
728 2262 758 2336 ἐξ
781 2256 928 2342 άνόματος
949 2258 1059 2339 ιιιίτοῦ,
1090 2259 1108 2327 δ
1129 2258 1318 2347 Murram

161 2372 213 2428 τοῦ
227 2361 325 2427 ’λοάδα
339 2369 468 2428 καλοῦσι.
515 2365 575 2426 Καί
593 2360 663 2427 άλλα
677 2359 742 2426 τινά
757 2360 969 2447 συγγράμματα
984 2360 1121 2439 οδςαιίτως
1136 2361 1319 2429 πλάττονται

160 2463 235 2529 κατά
256 2472 308 2548 τῆς
324 2462 471 2549 Ὑστέρας·
503 2463 541 2546 ῆν
556 2462 694 2549 ’Τστέραν
714 2462 767 2529 τάν
785 2462 911 2547 ποιητῆν
930 2472 984 2531 τοῦ
1002 2462 1114 2542 παντδς
1131 2464 1243 2533 τούτου
1260 2472 1318 2533 τοῦ

161 2567 285 2645 κύτους,
309 2565 438 2652 οάρανοῦ
452 2592 481 2630 τε
497 2568 547 2631 καί
561 2572 631 2652 γῆς,
654 2572 781 2631 καλοῦσι.
826 2569 887 2631 Καί
903 2564 943 2649 μῆ
960 2566 1110 2633 δύνασθαί
1123 2588 1199 2648 φασι
1214 2566 1320 2653 σωθῆ-

160 2675 266 2735 σεσθαί
284 2697 361 2747 τινα,
392 2667 443 2735 ἐάν
460 2667 500 2752 μῆ
517 2667 567 2733 διά
583 2668 702 2734 πάντων
719 2666 905 2753 χωρῆσωσιν,
935 2666 978 2746 ῶς
993 2666 1078 2735 καλά
1094 2670 1319 2758 Καρκοκράτης

160 2776 242 2859 λέγει.

26 2890 92 2957 Κεφ.
113 2886 144 2956 β’.
224 2874 369 2948 Ἕκαστος
382 2873 436 2958 γάρ
449 2871 547 2938 αὐτῶν
560 2877 654 2955 δῆθεν
670 2872 720 2938 διά
734 2872 788 2956 τῆν
801 2872 953 2957 πρόφασιν
965 2872 1074 2957 ταύτην
1087 2872 1203 2960 ἄρρητοι
1218 2882 1319 2943 ποιῶν

40 2984 90 3028 ¹¹¹⁸·
102 2972 147 3014 ²²¹·
161 2982 211 3043 καί
225 2981 429 3061 αἰσχρουργίας
442 2978 591 3055 ἐπιτελῶν,
609 2974 804 3060 άμαρτῆματά
816 3001 847 3040 τε
860 2974 916 3041 δ’σα
932 2978 992 3042 έστλ
1005 2974 1152 3061 κρείττων,
1169 2978 1316 3047 ίιτικσλιῖ·

161 3108 208 3145 ται
223 3078 347 3144 ἑκάστου
363 3078 485 3164 άγγέλον
501 3077 606 3162 ὄνομα,
629 3086 687 3143 τῶν
699 3103 729 3143 τε
742 3077 836 3144 άντων
850 3075 978 3163 άγγέλων
991 3080 1042 3144 καί
1055 3086 1116 3145 τῶν
1127 3077 1197 3165 παρ’
1211 3078 1319 3161 σιίτσῖς

161 3189 297 3257 πλαστῶς
311 3184 489 3267 λεγομένων·
513 3184 562 3245 καλ
582 3179 716 3269 1ἑκάστῳ
730 3180 843 3246 τούτων
856 3180 1015 3265 προςάπτει
1027 3208 1054 3247 τι
1069 3184 1157 3267 ἔργον
1169 3180 1318 3267 άθέμιτον

161 3293 219 3349 τῶν
240 3287 289 3349 έπλ
306 3292 359 3369 γῆς
375 3282 606 3366 ἁμαρτημάτων,
636 3282 690 3366 τῆν
707 3288 814 3370 πρᾶξιν
829 3281 882 3366 τῆν
897 3286 977 3348 λδίαν
991 3287 1034 3360 είς
1049 3282 1144 3367 ὄνομα
1157 3276 1196 3351 οὗ
1212 3284 1318 3368 βούλε-

160 3415 206 3453 ται
225 3387 345 3473 ιίγγέλου
361 3384 524 3472 άναφέρων.
569 3388 628 3451 Καὶ
645 3385 716 3451 ὅταν
733 3392 824 3450 ταῦτα
840 3384 1023 3471 πράττωσιν,
1053 3386 1149 3465 οὕτως
1165 3388 1317 3473 λέγουσιν·

159 3490 192 3555 ‘O
208 3496 288 3555 δεῖνα
306 3490 419 3575 άγγελε,
447 3494 636 3573 καταχρῶμαί
649 3510 703 3554 σου
720 3488 753 3553 τά
769 3491 869 3573 έργον·
898 3486 919 3571 ῆ
933 3494 1015 3554 δεῖνα
1031 3492 1165 3569 ἐξουσία,
1194 3491 1317 3577 πράττο

162 3616 217 3657 σου
234 3592 288 3674 τῆν
305 3597 419 3679 πρᾶξιν.
465 3595 525 3656 Καί
542 3598 629 3657 τοῦτο
646 3598 752 3676 γνῶσις
767 3595 858 3656 τελεία
872 3589 940 3671 παρ’
956 3589 1057 3667 αάτοῑς
1071 3594 1132 3657 ίστι
1144 3592 1317 3679 λεγόμενον·

162 3693 261 3776 έπειδῆ
276 3693 369 3771 άδεῶς
384 3698 433 3759 ἐπί
448 3696 500 3771 τάς
513 3692 674 3777 α’θεμίτους
690 3697 895 3778 αἰσχρουργίας
908 3691 1004 3778 ὁρμῶν
1015 3692 1069 3771 τάς
1082 3694 1251 3779 προφάσεις
1264 3699 1318 3781 δῆ-

161 3809 217 3863 θεν
233 3795 291 3861 άιτά
308 3806 366 3862 τῶν
379 3800 599 3883 προειρημένων
615 3798 746 3880 μητέρων
760 3798 809 3861 καί
824 3798 958 3878 πατέρων
972 3799 1121 3882 αἱρέσεων,
1140 3800 1220 3881 φημί
1234 3806 1319 3867 1λό-

161 3908 267 3964 στικῶν
288 3902 338 3964 καί
357 3899 509 3965 Νικολάου
530 3902 656 3965 καὶτῶν
675 3896 730 3963 σάν
748 3896 850 3973 αιίτοῖς
868 3896 1065 3966 Οὐαλεντίνου
1079 3924 1110 3965 τε
1123 3902 1177 3965 καί
1192 3906 1319 3988 Knem-

161 4001 305 4083 κράτους,
328 4001 489 4084 έσχῆκασιν.
524 4000 604 4083 ’Ήδη
618 4002 649 4066 δὲ
664 4004 784 4085 διῆλθεν
799 4004 841 4078 είς
857 3998 936 4083 ἡμᾶς
951 4004 1003 4067 καί
1016 4006 1130 4085 βιβλίον
1142 4005 1177 4069 έν
1189 3996 1215 4093 ιβ
1229 4002 1320 4071 lul&-

163 4127 249 4168 σαντο
264 4102 381 4187 ῥήματά
395 4132 460 4169 τινα
474 4105 597 4187 άνομίας
612 4103 720 4188 πλῆρη,
743 4102 840 4177 οίίτως
854 4104 989 4187 περιέχον
1001 4102 1063 4183 ὅτι,
1085 4106 1193 4187 φησίν,
1218 4098 1320 4185 Οῆτιίς

163 4209 239 4271 ἔστιν
255 4203 273 4271 ά
285 4206 404 4290 άγγελος
420 4203 503 4271 άτδν
518 4208 653 4272 Μωϋσέα
666 4204 837 4287 τυφλῶσας,
858 4208 910 4272 καλ
925 4199 1008 4273 οὗτοί
1021 4210 1095 4272 τίσιν
1109 4208 1142 4273 ολ
1154 4204 1274 4293 άγγελσι
1289 4212 1322 4277 σί

162 4305 233 4384 τοάς
246 4310 313 4393 περί
331 4310 409 4395 Κορὲ
422 4310 474 4375 καλ
488 4306 597 4374 Δαθάν
610 4312 660 4374 καί
673 4306 814 4396 Ἀβειρῶν
826 4307 998 4395 κρύψαντες
1010 4312 1063 4377 καλ
1076 4308 1318 4395 μεταστῆσαντες.

197 4534 256 4585 cn.
271 4534 301 4586 11.
325 4564 352 4575 -
373 4537 393 4587 1.
412 4538 471 4587 cum
488 4536 584 4588 Ριιουίο
600 4539 684 4600 scripsi
701 4533 802 4605 ἑκάστῳ
818 4552 862 4601 pro
880 4533 1004 4601 ἑκάστω,
1021 4538 1085 4603 ηεαδ
1099 4538 1155 4589 mr!
1170 4538 1265 4591 λαλισιλ.
