3046 5084
280 330 341 395 368
701 345 821 396 ειαοτι
841 346 1010 396 κοιοιιιαιι

280 467 405 561 μῶσθαι.
453 468 545 525 Τοῦτο
569 462 601 526 δὲ
623 464 673 526 καί
696 489 712 526 ο
705 458 853 536 Παῦλος
870 463 959 546 λέγει·
992 467 1061 525 Πᾶν
1079 459 1136 545 γάρ
1157 458 1190 525 τό
1211 459 1436 547 φανερούμενον

280 569 347 683 φρῖς
361 565 445 627 ἐστιν.
475 560 556 626 Ἐπεὶ
571 567 670 627 τοίνυν
685 565 851 649 ἐφανέρωσε
865 566 915 627 καί
930 560 1112 649 ἐγέννησε
1080 588 1130 627 τον
1142 586 1172 626 τε
1181 558 1365 686 ’Ἄνθρωπον
1380 565 1434 628 καί

280 661 333 746 τήν
347 660 517 746 Ἐκκλησίαν
536 661 601 710 ¹¹‘
580 692 599 746 η
619 662 698 747 Ζωή,
721 673 787 746 φῶς
801 669 937 788 είρησθαι
955 663 1061 730 αὐτῶν.
1106 657 1273 745 Σαφῶς
1235 690 1291 729 ουν
1306 663 1434 748 δεδήλω-

280 792 330 832 κεν
351 765 369 832 ό
386 765 522 850 Ἰωάννης
543 766 592 832 διά
614 774 673 831 τῶν
694 766 789 852 λόγων
808 765 920 833 τοότων
942 766 978 833 τά
995 793 1026 832 τε
1043 765 1129 846 άλλα,
1159 768 1208 831 καὶ
1226 765 1279 849 τήν
1299 765 1434 853 Τετράδοι

281 866 334 950 τήν
348 871 483 955 δευτέραν
495 869 600 955 Λόγον
613 871 661 933 καί
679 868 777 952 Ζωήν,
791 867 981 957 ’Ἄνθρωπον
994 871 1044 935 καί
1057 867 1238 952 Ἐκκλησίαν.
1267 866 1358 934 Ἀλλά
1370 869 1434 953 μήν

280 973 331 1036 καὶ
348 969 401 1053 τήν
417 971 535 1058 πρώτην
553 970 678 1054 ἐμήνυσε
699 971 837 1058 Τετράδα.
881 971 1082 1058 Διηγοόμενος
1098 969 1154 1057 γάρ
1173 973 1311 1055 περὶτοῦ
1327 979 1432 1055 Σωτῆ-

281 1099 345 1157 ρος,
379 1075 428 1138 καί
445 1075 535 1159 λέγων
552 1073 648 1138 πάντα
665 1071 702 1138 τά
719 1072 803 1149 ἐκτός
818 1083 871 1139 τοῦ
891 1073 1094 1161 Πληροίματος
1110 1072 1148 1139 δι’
1163 1072 1256 1140 αιίτοῦ
1272 1082 1432 1161 μεμορφῶ-

281 1185 368 1256 σθαι,
398 1175 513 1262 καρπόν
532 1173 607 1241 είναί
624 1197 715 1258 φησιν
734 1174 824 1240 αὐτόν
840 1177 951 1253 παντός
967 1184 1019 1243 τοῦ
1040 1176 1251 1263 Πληροίματος.
1295 1178 1357 1241 Καὶ
1373 1175 1432 1263 γάρ

282 1286 348 1359 φῶς
369 1282 484 1364 είρηκεν
503 1276 593 1344 αὐτόν
614 1277 646 1343 τό
670 1281 702 1343 ἐν
717 1285 753 1367 τῇ
771 1284 871 1368 σκοτίᾳ
888 1279 1084 1362 φαινόμενον,
1113 1283 1164 1345 καί
1181 1278 1221 1363 μή
1238 1280 1432 1362 καταληφθὲν

281 1378 331 1445 ὑπ’
347 1378 448 1463 αὐτῆς,
462 1379 561 1463 ἐπειδή
575 1379 670 1445 πάντα
691 1379 767 1445 ητά
780 1381 919 1466 γενόμενα
934 1386 966 1448 ἐκ
978 1391 1030 1448 τοῦ
1044 1383 1164 1459 πάθους
1176 1381 1309 1467 άρμόσας
1321 1379 1430 1468 ήγνοή·

162 1508 213 1554 m·
227 1495 270 1538 ¹⁹&
284 1493 327 1566 θη
344 1481 393 1548 ὑπ’
414 1480 562 1547 Ηἰιότιδν
608 1485 668 1547 Καὶ
685 1481 751 1548 νίόν
768 1484 815 1562 δέ,
837 1486 886 1549 καί
903 1482 1060 1567 άλήθειαν,
1083 1488 1134 1551 καί
1150 1482 1227 1569 ζωήν
1239 1487 1312 1571 λέγει
1328 1482 1431 1564 αότόν,

282 1588 332 1651 καί
345 1584 431 1671 λόγον
445 1584 539 1671 σάρκα
553 1584 723 1670 γενόμενον,
750 1577 795 1649 Οὗ
811 1584 864 1668 τήν
880 1586 970 1665 δόξαν
987 1587 1192 1671 ἐθεασάμεθα,
1213 1589 1303 1671 φησί,
1326 1577 1432 1670 καλήν

281 1687 302 1772 ή
322 1692 393 1766 δόξα
416 1685 525 1767 αότοῦ,
555 1692 603 1753 οἵα
625 1680 662 1771 ἦν
684 1686 704 1770 ή
723 1693 777 1752 τοῦ
793 1697 970 1774 μονογενοῦς
986 1687 1007 1772 ή
1025 1688 1085 1755 όπό
1104 1697 1158 1756 τοῦ
1175 1688 1287 1776 πατρός
1304 1692 1432 1755 δοθεῖσα

282 1790 378 1880 αὐτῷ,
407 1790 519 1877 πλήρης
540 1789 658 1876 χάριτος
677 1792 726 1856 καί
747 1788 895 1873 άληθείας.
938 1795 1028 1877 Λέγει
1045 1793 1076 1858 δέ
1094 1791 1201 1868 οὕτως·
1233 1792 1294 1857 Καὶ
1311 1788 1330 1856 ό
1343 1789 1433 1877 λόγος

281 1892 353 1978 σάρξ
366 1895 486 1979 ἐγένετο,
503 1896 553 1958 καί
566 1892 731 1976 ἐσκήνωσεν
746 1896 777 1959 ἐν
792 1891 869 1975 ήμῖν,
886 1896 937 1960 καὶ
953 1894 1143 1976 ἐθεασάμεθα
1155 1893 1209 1977 τήν
1223 1893 1313 1972 δόξαν
1325 1890 1432 1973 αότοῦ,

283 1997 382 2075 δόξαν,
401 1994 441 2072 τίς
462 2004 639 2081 μονογενοῦς
664 1994 744 2083 παρά
765 1996 891 2081 πατρός,
925 1997 1039 2082 πλήρης
1063 1996 1179 2082 χάριτος
1205 1998 1257 2061 καί
1277 1994 1430 2078 άληθείοις.

280 2099 423 2186 Ἀκριβῶς
443 2092 498 2164 οὖν
519 2100 569 2163 καί
591 2097 646 2181 τήν
666 2097 786 2185 πρότην
803 2098 929 2183 ἐμήνυσε
952 2098 1096 2185 Τετράδα,
1129 2101 1248 2184 Πατέρα
1266 2096 1359 2165 είπεόν
1377 2101 1432 2165 καί

284 2203 395 2289 Χάριν,
424 2204 475 2267 καὶ
497 2200 548 2266 τόν
565 2208 739 2287 Μονογενή,
769 2203 819 2266 καί
836 2199 1001 2284 Ἀλήθειαν.
1049 2201 1152 2278 Οὕτως
1168 2198 1187 2267 ό
1203 2198 1340 2285 Ἰωάννης
1359 2203 1430 2287 περί

281 2313 334 2389 τῆς
351 2304 469 2391 πραότης
484 2307 536 2370 καὶ
552 2303 660 2390 μητρός
677 2311 736 2369 τῶν
756 2303 876 2369 14δ’λιον
894 2303 1022 2369 Αίιόνων
1034 2302 1197 2389 Ὀγδοάδος
1214 2307 1319 2391 εἴρηκε.
1362 2308 1428 2367 Πα-

281 2410 351 2493 τέρα
367 2406 422 2494 γάρ
442 2411 538 2494 είρηκε
553 2408 604 2472 καί
622 2406 734 2492 Χάριν,
763 2409 813 2472 καί
827 2414 1003 2493 Μονογενῆ,
1032 2409 1083 2472 καί
1096 2403 1268 2490 Ἀλήθειαν,
1297 2406 1348 2473 καί
1362 2403 1429 2471 Λό-

280 2537 347 2597 γον,
370 2512 420 2575 καί
446 2509 549 2594 Ζωήν,
570 2511 621 2575 καί
635 2507 839 2596 ”Ανθρωπον,
862 2513 913 2575 καὶ
931 2506 1111 2592 Ἐκκλησίαν.

208 2761 214 2772 ·
248 2713 266 2770 '·
365 2713 469 2804 Ὁρᾷς,
492 2713 635 2800 άγαπητέ,
659 2713 711 2798 τήν
726 2717 859 2798 μέθοδον
874 2708 894 2804 ᾗ
908 2719 940 2780 οί
951 2714 1093 2801 γράμενοι
1107 2720 1348 2796 φρεναπατοῦσιν
1361 2715 1430 2783 ἐον-

283 2818 368 2898 τοάς,
390 2816 596 2904 ἐπηρεάζοντες
614 2815 666 2893 τάς
681 2815 813 2903 γραφάς,
835 2816 868 2883 τό
885 2816 1004 2901 πλάσμα
1021 2816 1120 2883 νότων
1135 2820 1165 2896 ἐξ
1181 2816 1281 2884 αὐτῶν
1294 2815 1432 2885 σννιστά·

283 2947 343 2987 νειν
356 2920 537 3005 πειρώμενοι.
582 2918 642 2985 Διά
657 2927 743 2985 τοῦτο
756 2917 811 3005 γάρ
827 2923 877 2985 καί
897 2927 906 2964 ¹
920 2918 1010 2997 αότός
1022 2923 1195 3008 παρεθέμην
1209 2918 1307 2987 αὐτῶν
1317 2916 1372 2997 τάς
1385 2921 1432 2987 λέ·

284 3029 357 3102 ξεις,
384 3026 432 3087 ἵνα
455 3026 485 3102 ἐξ
507 3021 605 3088 αότῶν
626 3022 811 3112 κατανοήσῃς
832 3020 885 3106 τήν
902 3028 1085 3109 πανουργίαν
1105 3027 1156 3108 τῆς
1174 3026 1350 3106 μεθοδείιις,
1376 3024 1432 3089 ιιιιέ

282 3128 337 3212 τήν
352 3130 497 3213 πονηρίαν
513 3132 565 3209 τῆς
580 3125 699 3208 πλάνης.
744 3130 869 3209 Προῖτον
887 3125 940 3208 μέν
956 3124 1012 3213 γάρ
1029 3129 1056 3191 εί
1069 3128 1221 3213 προέκειτο
1235 3123 1358 3215 Ἰωάννη
1373 3123 1433 3209 τήν

282 3229 343 3297 άνω
354 3228 500 3314 Ὀγδοάδα
516 3227 678 3311 Ἰμηνόσαι,
700 3226 753 3310 τήν
767 3226 848 3306 τάξιν
863 3227 899 3293 όν
918 3227 1089 3314 Ἰτετηρήκει
1103 3236 1155 3312 τῆς
1170 3230 1356 3314 *προβολῆς
1377 3230 1432 3295 κοιλ

285 3333 362 3416 οτήν
375 3332 496 3419 πρώτην
513 3331 642 3417 Τετράδα
656 3330 892 3414 σεβασμιωτάτην
905 3323 1008 3410 οὖσαν,
1022 3329 1128 3407 καθάς
1142 3332 1286 3416 λέγουσιν,
1302 3332 1335 3397 ἐν
1347 3328 1431 3417 προά-

282 3463 343 3513 τοις
358 3435 395 3501 άν
411 3440 536 3501 τεθείκει
548 3443 611 3510 τοῖς
625 3432 766 3516 όνόμασι,
787 3435 836 3499 κοί
853 3433 948 3511 οὕτως
963 3432 1128 3518 6έπεζεάγει
1142 3432 1194 3517 τήν
1209 3434 1358 3521 δευτέρον,
1378 3436 1433 3501 ἵνα

284 3538 332 3604 διά
348 3547 400 3623 τῆς
414 3538 522 3617 τάξεως
536 3544 594 3603 τῶν
609 3534 762 3620 όνομάτων
775 3533 795 3620 ή
808 3535 889 3614 τάξις
905 3541 1032 3627 7δειγθή
1048 3544 1101 3620 τῆς
1113 3534 1284 3623 Ὀγδοάδος,
1304 3537 1357 3603 τισί
1371 3533 1432 3605 οὖν

283 3638 319 3705 άν
335 3640 405 3723 μετά
419 3650 558 3708 τοσοῦτον
574 3638 733 3722 διάστημα,
757 3636 798 3714 τίς
816 3641 1033 3723 ἐκλελησμένος,
1055 3642 1153 3706 ἔπειτα
1167 3636 1369 3722 άναμνησθεδς
1384 3636 1434 3709 ἐπ’

283 3740 392 3831 ἐσχάτῳ
412 3751 487 3827 ε’τῆς
502 3742 621 3829 πρώτης
634 3744 776 3825 ἐμέμνητο
795 3740 946 3828 Τετράδος.
979 3740 1103 3809 Ἔπειτα
1119 3743 1151 3809 δὲ
1163 3745 1214 3809 καί
1226 3738 1280 3819 τάς
1292 3746 1435 3828 συζυγίας

285 3850 412 3926 σημᾶναι
430 3849 526 3912 θέλων
543 3848 595 3912 καί
611 3843 643 3911 τό
659 3853 711 3927 τῆς
727 3842 897 3926 Ἐκκλησίοις
913 3841 968 3910 οὐκ
984 3842 1022 3911 άν
1038 3846 1196 3931 παρέλιπεν
1213 3843 1325 3928 ὄνομα,
1348 3841 1436 3911 ’ἄλλ’

283 3944 305 4028 ἢ
322 3948 373 4012 κοί
389 3948 439 4011 ἐπὶ
453 3956 512 4013 τῶν
526 3955 638 4015 λοιπῶν
651 3952 796 4033 σνζνγιοῖν
808 3943 943 4033 ήρκέσθη
961 3954 998 4037 τῇ
1015 3955 1074 4014 τοῖν
1093 3945 1224 4035 άρρένων
1237 3950 1436 4039 προςηγορίμ,

285 4045 395 4132 ὁμοίως
419 4052 589 4132 δυναμένων
611 4049 755 4118 κάκείνων
776 4047 1052 4130 συνυπακούεσθαι,
1083 4053 1133 4117 ’ίνα
1156 4048 1210 4135 τήν
1233 4048 1357 4134 ένόιητιι
1380 4048 1437 4119 διά

321 4246 359 4295 11.
375 4261 404 4325 η
387 4237 474 4305 Ζωη
492 4246 563 4293 verba
576 4258 622 4293 ιιοιι
637 4245 704 4294 habet
718 4245 769 4293 ωδ.
786 4245 841 4295 Vm.
873 4248 947 4306 ριοτο
962 4248 995 4293 ιιλ
1012 4236 1101 4310 αὐτῆς.

320 4312 358 4361 1Ἰ.
374 4306 423 4371 τά,
441 4312 502 4371 quod
517 4326 563 4360 οτι.
579 4312 615 4359 ed.
628 4315 713 4373 μνίου,
730 4312 842 4363 Ριλουλιιι
910 4307 948 4363 14
965 4304 1047 4364 ἄλλων
1063 4313 1114 4363 ωδ.
1130 4312 1184 4361 Van.

282 4381 386 4441 primum
403 4347 731 4429 αἰίίιοίίιτοοδ.λόίιοοιιο.
909 4372 1438 4438 (λιε.ΧΧΧ.-1.αάτάςΜΙ·

321 4446 359 4498 13.
377 4441 459 4498 αὐτῶν
476 4448 525 4496 cod.
540 4449 611 4509 γαπ,
627 4461 680 4495 cum
691 4462 736 4509 ηιιο
749 4453 839 4511 οσιιιμί-
873 4451 926 4499 ίιιιι.

284 4515 839 4577 ιαιιοαιιινιι.1ιιιιιριιι.ῑιοιαοι·ιιοα
904 4513 1188 4585 Ἰμηνῦσοιωδγτπ.
1212 4508 1439 4585 μητόσαοπῌ

284 4583 404 4634 emendari
419 4584 498 4633 voluit.
534 4583 634 4646 Ἰολςοιο
649 4583 759 4634 librorum
779 4586 838 4635 κατ’·
870 4586 932 4635 um.
