3046 5084
184 393 188 399 ,
258 320 298 382 98
677 327 797 380 smum
814 328 985 380 εεῐΡΗλΝιι

259 444 313 532 ρόν
330 440 376 507 ἀεὶ
390 443 442 507 καλ
455 440 530 527 πρός
543 440 659 525 ἀπάτην
674 444 799 526 ἕτοιμον.
846 442 965 524 Τυφλόν
979 441 1034 529 γάρ
1046 441 1067 526 ή
1079 447 1176 524 κακία,
1198 447 1248 510 καλ
1265 443 1407 513 ἀσύνετον

260 543 397 630 ή-πλάνη.
432 546 492 608 Kal
509 546 564 620 ἕως
578 552 637 610 ποῦ
650 550 859 631 κατατρίβαμαι
870 544 908 610 τά
922 547 989 629 περλ
1004 553 1056 611 τοῦ
1071 543 1176 630 γόητος
1188 545 1296 612 τούτου
1310 559 1405 635 φθεγ-

261 647 393 735 γόμενος,
410 644 467 711 ὅσα
480 671 511 710 τε
523 645 598 711 κατά
611 653 663 728 τῆς
675 646 815 729 ἀληθείας
829 645 1044 727 κατεψεύσατος
1061 654 1177 731 πρῶτον
1191 649 1244 730 μὲν
1257 649 1407 716 διδάσκων

261 747 513 833 ἀπαρνησιθείαν,
542 746 613 813 καθ’
628 746 786 833 ύπόκρισιν
801 753 950 832 βδελυρῶν
967 755 1083 813 θυσιῶν
1100 756 1153 831 τῆς
1172 752 1408 835 εἰδωλολατρείας

261 855 386 935 μετίγειν
402 851 507 935 λέγων,
529 852 626 916 ίπεετα
642 851 674 915 δί
691 847 810 915 ἀπατοῖν
825 848 895 925 τούς
911 847 1074 925 ἀκούοντας
1091 848 1244 933 ἀρνεῖσθαι
1257 850 1311 934 τήν
1327 856 1408 918 ἰδίαν

262 959 360 1019 πίστιν
373 951 504 1034 στόματι,
528 954 580 1016 καλ
599 949 641 1033 μή
655 954 727 1034 ίγειν
744 949 887 1034 άμαρτίον
899 948 1033 1029 φάσκων,
1056 947 1097 1026 αός
1110 949 1185 1018 εἰναι
1199 951 1408 1041 ἀθεράπευτον

262 1053 297 1122 τό
319 1051 416 1119 αύταῖν
437 1051 555 1131 πάθας,
576 1053 627 1117 καλ
647 1050 688 1133 μή
710 1050 873 1133 δυνάμενον
894 1055 1110 1138 διαρθωθήνακ

131 1377 198 1442 Κεφ.
216 1367 247 1437 γ’.
350 1360 393 1422 Εἰ
411 1354 518 1442 γάρτό
541 1353 633 1437 στόμα
654 1353 686 1419 τό
706 1351 867 1439 ὁμολογοῦν
880 1352 934 1436 τήν
951 1353 1094 1439 ἀλήθειαν
1109 1357 1342 1441 πραεταιμάζεται
1364 1362 1410 1436 εἰς

263 1464 391 1544 ψεῦδος,
420 1450 479 1544 ἀρά
500 1458 532 1543 γί
549 1482 592 1532 τις
611 1453 711 1532 αύτοῖς
727 1454 920 1537 ἒμπιστεύσειε
938 1455 991 1539 τήν
1008 1463 1131 1542 καρδίαν
1146 1459 1186 1542 μή
1204 1463 1277 1542 ἔχειν
1293 1458 1406 1544 ήπατη-

264 1564 367 1648 μίυηνς
397 1558 486 1627 ὁπότε
507 1557 668 1642 διαρρήδην
687 1556 845 1637 ἐκφάσκων
863 1554 882 1623 ό
898 1567 983 1634 θεῖος
997 1559 1098 1643 λόγος,
1127 1565 1159 1628 ἰν
1175 1561 1314 1643 πνεύματι
1331 1559 1407 1651 άγίιμ

264 1662 425 1741 διδάσκων,
455 1659 501 1726 ότι
521 1663 628 1747 καρδίμ
647 1656 811 1723 πιστεύεται
827 1660 868 1735 εἰς
886 1659 1090 1743 δικαιοσύνην,
1121 1662 1241 1744 στόματι
1255 1663 1287 1727 δὲ
1302 1660 1406 1745 όμολα-

263 1775 356 1852 γεῖται
373 1765 413 1839 εἰς
428 1766 581 1848 σωτηρίαν.
619 1757 702 1824 Ἀλλά
715 1761 765 1824 κοιλ
779 1758 865 1825 πάλιν
880 1765 973 1844 δῆθεν
991 1762 1041 1843 μὲν
1057 1762 1184 1847 Χριστόν
1199 1762 1321 1845 όνόματι
1334 1762 1405 1847 όμα-

264 1875 356 1952 λογεῖ,
377 1866 468 1948 λόγων
480 1862 541 1942 ὅτι,
566 1860 692 1946 Χριστός
708 1859 726 1926 ό
743 1862 831 1945 μέγας
848 1861 989 1945 βασιλεύς.
1036 1861 1082 1929 Ού
1096 1864 1154 1946 μήν
1168 1863 1249 1930 πάνυ
1265 1890 1298 1951 γε
1312 1871 1404 1932 κατεί

263 1978 343 2051 ληφα
358 1969 391 2031 ἐκ
404 1973 456 2047 τῆς
469 1961 562 2029 αύτοῦ
574 1969 693 2047 δολερᾶς
708 1965 758 2028 καί
771 1966 1051 2047 παραπεπαιημίνης
1063 1965 1226 2043 συντάξεως
1239 1973 1291 2049 τῆς
1302 1971 1406 2050 βίβλου

263 2077 317 2154 τῆς
332 2066 423 2134 αὐτοῦ
435 2071 595 2151 ληρωδίας,
625 2068 651 2131 εἰ
666 2067 732 2149 περί
747 2071 800 2131 τοῦ
814 2070 918 2149 κυρίου
933 2063 1018 2148 ήμοῖν
1031 2064 1128 2149 Ἰησοῦ
1146 2073 1277 2153 Χριστοῦ
1291 2066 1407 2154 ύφηγή-

264 2194 343 2238 σατα.
389 2167 464 2235 Οῦτε
478 2167 533 2255 γάρ
549 2175 634 2233 τοῦτο
650 2165 755 2251 όρίζει,
779 2165 908 2250 Χριστόν
925 2168 958 2233 δὲ
972 2164 1072 2244 άπλαῖς
1084 2171 1174 2254 λέγει,
1196 2166 1237 2245 αός
1253 2172 1282 2248 ἰξ
1297 2162 1340 2235 όν
1353 2197 1404 2236 και

158 2306 207 2349 ρας.
222 2288 253 2332 λῑ
265 2271 440 2355 τειλήφαμὲν
455 2298 522 2337 τινα
538 2273 635 2355 ἕτερον
650 2273 800 2353 σημαίνων
816 2265 837 2351 ή
852 2272 1033 2354 προςδακῶν.
1078 2269 1193 2336 Κωλύει
1209 2270 1263 2357 γάρ
1280 2274 1321 2349 εἰς
1336 2270 1405 2337 ἀνα·

263 2373 351 2451 τολάς
366 2372 523 2452 εύξασθαι,
545 2371 667 2452 φάσκων
681 2370 721 2453 μή
738 2374 800 2435 δεῖν
816 2372 965 2455 πραςίγειν
978 2368 1088 2450 αύτως,
1110 2373 1160 2437 ίπλ
1173 2371 1209 2437 τά
1221 2370 1406 2457 Ἰεροσόλυμα

265 2478 298 2543 δί
319 2480 391 2559 ἔχειν
412 2473 445 2540 τό
462 2472 623 2558 πρόςωπον
639 2475 673 2539 ἰν
688 2471 805 2537 πάντων
819 2477 879 2536 τοῖν
894 2478 1007 2557 μεροῖν,
1035 2469 1106 2548 τούς
1123 2473 1177 2553 μίν
1190 2470 1240 2539 ἀπ’
1255 2472 1406 2541 ἀνατολοῖν

264 2584 306 2657 εἰς
323 2578 407 2645 δύσιν
423 2576 570 2660 προςίγειν
588 2581 623 2663 τή
637 2570 839 2658 Ἰερουσαλήμ,
868 2571 937 2648 τούς
954 2573 986 2638 δί
1001 2569 1062 2639 ἀπό
1079 2573 1190 2651 δύσεως
1206 2578 1247 2653 εἰς
1261 2573 1406 2659 ἀνατολήν

218 2744 223 2751 ,
264 2689 302 2771 τῇ
318 2678 408 2767 αύτή,
436 2673 506 2750 τούς
521 2676 554 2740 δὲ
569 2673 628 2741 ἀπό
644 2674 733 2740 νότου
749 2676 799 2740 καλ
818 2678 997 2760 μεσημβρίας
1014 2677 1055 2751 εἰς
1070 2673 1192 2758 άρκτον,
1220 2677 1290 2754 τούς
1305 2678 1337 2744 δί
1353 2675 1404 2743 ἀπ’

266 2780 377 2867 ἀρκταυ
398 2780 440 2853 εἰς
461 2781 657 2862 μεσημβρίαν,
689 2774 730 2853 οός
750 2775 934 2859 πανταχόθεν
951 2774 984 2842 τό
1002 2775 1160 2861 πρόςωπον
1176 2775 1312 2864 ἄντικρυς
1330 2776 1405 2846 εἰναι

264 2888 317 2964 τῆς
329 2877 523 2964 Ἰερουσαλήμ
567 2880 628 2943 Καί
649 2877 706 2964 όρα
721 2876 774 2962 τήν
791 2884 844 2943 τοῦ
860 2875 1027 2953 ἀπατεῶνας
1043 2879 1281 2963 φρενοβλάβειαν.
1320 2878 1401 2949 Ἀνα-

265 2986 412 3066 θεματίζει
427 2981 480 3062 μὲν
494 2979 549 3066 γάρ
564 2986 672 3056 θυσίας
684 2982 735 3046 καλ
749 2983 924 3065 ἱερουργίας,
947 2977 987 3055 σάς
1000 2977 1150 3065 ἀλλοτρίας
1163 2980 1254 3059 αῦσος
1265 2990 1341 3051 θεοῦ
1352 2987 1404 3049 καλ

266 3083 337 3172 μήτε
357 3082 432 3158 όλως
451 3089 514 3170 θεῷ
535 3085 568 3149 ίκ
585 3090 646 3148 ταῖν
659 3083 794 3167 πατίρων
814 3082 865 3146 καλ
883 3086 938 3146 τοῦ
954 3080 1049 3164 νόμου
1066 3082 1135 3148 πατί
1152 3089 1403 3170 πραςενεχθείσας,

265 3191 317 3257 καί
329 3188 403 3272 λίγει
417 3187 479 3251 ἐκεῖ
490 3188 552 3249 δεῖν
566 3183 701 3268 εύγεσθαι
717 3186 758 3260 είς
771 3180 959 3268 Ἰερουσαλήμ
964 3234 973 3263 ,
995 3182 1073 3250 ὅπου
1087 3176 1127 3266 ἦν
1141 3183 1174 3250 τό
1190 3186 1405 3270 θυσιαστήριον

266 3294 317 3360 καί
332 3293 365 3356 αἰ
378 3292 496 3365 θυσίαι,
518 3283 697 3369 ἀρνούμενος
711 3283 765 3369 τήν
778 3283 859 3368 παρά
873 3294 937 3361 τοῖς
948 3281 1101 3361 Ἰουδαίοις
1113 3292 1329 3372 σαρκοφαγίαν,
1351 3292 1403 3354 καί

266 3393 301 3459 τά
317 3392 402 3473 ἀλλα,
423 3391 475 3456 καί
486 3385 520 3453 τό
536 3387 763 3472 θυσιαστήριον,
784 3384 819 3452 τό
835 3410 866 3451 τε
883 3392 943 3472 πῦρ
961 3384 1027 3464 ύςελ
1040 3393 1115 3453 θεοῦ
1130 3385 1292 3474 ἀλλότριον·
1319 3385 1353 3453 τό
1371 3390 1403 3454 δὲ

267 3494 346 3581 ῦδωρ
364 3492 439 3560 εἰναι
451 3487 560 3569 δεξιόν,
582 3496 642 3576 πῦρ
659 3490 691 3554 δί
706 3487 856 3572 ἀλλότριον
870 3484 946 3553 εἰναι
959 3487 1082 3568 φάσκων
1098 3487 1149 3555 διά
1162 3487 1272 3556 τούτων
1287 3495 1346 3555 τοῖν
1359 3493 1402 3556 λλ·

268 3598 352 3670 ξεων·
378 3599 486 3674 Τέκνα,
508 3590 673 3678 πορεύεσθε
689 3588 730 3674 μή
745 3588 820 3676 πρός
834 3588 867 3656 τό
882 3586 961 3666 εἰδας
973 3596 1027 3655 τοῦ
1044 3589 1155 3676 πυρός,
1176 3588 1222 3657 ότι
1237 3598 1402 3659 πλανᾶσθε·

268 3692 361 3775 πλάνη
377 3695 432 3780 γάρ
450 3699 508 3762 ἐστι
524 3693 558 3761 τό
573 3701 716 3761 τοιοῦτον.
759 3689 846 3779 Ὁρᾷς
861 3690 932 3778 γάρ,
954 3693 1060 3773 φησίν,
1082 3690 1153 3759 αύτό
1169 3691 1332 3779 ἐγγυτάτω,
1353 3697 1405 3761 καλ

268 3798 347 3861 ἰστιν
363 3793 422 3860 ἀπό
439 3796 611 3881 πόρρωθεν·
639 3794 680 3880 μή
694 3793 856 3881 πορεύεσθε
871 3792 947 3880 πρός
960 3790 994 3859 τό
1010 3790 1088 3869 εἰδος
1104 3791 1213 3875 αύταῦ,
1240 3795 1403 3881 πορεύεσθε

268 3897 300 3963 δί
315 3901 423 3979 μᾶλλον
438 3899 488 3963 ἰπλ
501 3895 554 3980 τήν
566 3897 672 3985 φωνήν
684 3905 738 3963 τοῦ
751 3896 867 3974 ύδατος.
900 3897 960 3960 Καὶ
975 3894 1066 3961 πολλά
1081 3896 1141 3962 ἐστι
1154 3895 1191 3962 τά
1202 3895 1295 3965 αύεοῦ
1309 3909 1403 3982 μυθο-

266 3996 423 4086 λογήματα.

135 4301 201 4369 Κεφ.
219 4297 252 4355 λί.
353 4282 430 4352 Είτα
447 4284 480 4349 δὲ
493 4282 648 4367 διαγράφω
670 4286 796 4373 Χριστόν
810 4314 875 4352 τινα
893 4281 967 4353 εἰναι
984 4285 1123 4370 δύναμιν,
1146 4276 1184 4351 ού
1197 4286 1247 4350 καλ
1262 4278 1297 4348 τά
1313 4283 1402 4369 μίτρα

268 4394 416 4473 σημαίνει,
438 4384 675 4469 εἰκοσιτεσσάρων
698 4388 752 4468 μίν
770 4393 903 4472 σχοινίων
924 4386 957 4455 τό
971 4396 1079 4473 μῆκος,
1110 4384 1149 4463 ός
1165 4390 1266 4470 μιλίων
1287 4385 1400 4469 Imm·

266 4489 402 4569 κανταίξ,
429 4486 463 4555 τό
479 4486 513 4553 δί
529 4481 637 4563 πλάτος
650 4492 784 4571 σχοινίων
799 4493 847 4568 λε,
879 4494 1004 4571 1μιλίων
1023 4486 1275 4577 εἰκοσιτεσσάρων,
1295 4489 1346 4555 καί
1366 4487 1400 4555 τό

301 4620 831 4691 θλι.1λ.-1.μιλίιεκαιε.αοσ.7αιιλ
