3046 5084
362 352 493 404 sussen
510 352 573 405 ets
586 355 605 405 1.
623 354 704 409 sets.
720 355 753 407 tt.
769 356 867 407 nese.
880 357 1000 410 xxvur.
1193 348 1254 409 stt

111 474 139 532 iu
156 469 211 534 elis
224 471 363 554 quaedam
379 472 453 534 mela
472 480 659 535 transversos
674 472 803 537 lectores
817 474 1003 559 abripiamus.
1049 473 1210 540 Enimvero
1226 479 1252 541 si

111 571 174 655 quis
197 571 292 636 iudicii
314 572 444 637 nonnihil
465 571 587 649 babeat,
617 571 714 635 inanis
736 572 854 637 omnino
876 586 907 637 et
927 575 1048 639 ridicula
1069 577 1181 640 illorum
1202 579 1253 642 de·

109 673 200 735 ctrine
221 673 472 758 comprobabitur,
502 692 577 756 quae
595 682 625 734 et
643 671 679 735 ab
697 673 836 756 apostolis
854 674 989 738 falsitatis
1005 677 1155 755 convicta,
1187 688 1217 740 ct
1235 700 1253 741 a

108 773 287 859 sapientibus
303 775 454 850 damnata,
484 783 515 835 et
534 793 552 835 a
572 773 628 836 deo
646 772 765 857 ipsaque
791 774 864 836 adeo
889 774 1021 839 veritatis
1039 777 1252 861 praedicatione

107 887 153 938 est
171 875 277 939 eiecta.

190 972 351 1039 Caeterum
370 974 456 1037 iidem
472 973 513 1037 illi
531 972 742 1054 Merintbiaui,
773 977 818 1039 sie
839 976 916 1041 enim
937 977 1122 1061 accepimus,
1154 979 1251 1063 appel·
1264 989 1399 1057 caputet.

105 1077 215 1141 lentur.
246 1073 352 1141 Utrum
368 1094 441 1140 vero
457 1070 616 1140 Cetiutbus
631 1077 695 1160 ipse
710 1074 878 1141 Meriutbus
892 1077 949 1141 alic
967 1079 1085 1142 nomine
1101 1079 1141 1144 sit
1156 1081 1249 1147 tintus

105 1177 216 1260 liquido
234 1177 349 1239 nescire
363 1196 409 1240 me
426 1177 535 1239 lateors
558 1197 598 1240 sn
610 1188 728 1261 prester
748 1179 823 1243 bunc
842 1180 918 1243 alter
936 1199 971 1242 eo
989 1180 1108 1245 nomine
1122 1182 1249 1267 appella·

105 1288 154 1340 tus
173 1278 321 1356 estiterit,
345 1278 460 1340 adiutor
474 1277 552 1342 illius
566 1289 597 1341 et
610 1279 726 1359 socius,
749 1280 777 1343 id
794 1281 908 1364 quidem
924 1284 979 1346 soli
998 1284 1053 1347 deo
1067 1293 1246 1368 compertum

105 1389 163 1442 est.
210 1378 275 1441 lloe
290 1378 365 1441 euim
385 1398 472 1464 saepe
488 1380 544 1443 iam
562 1380 707 1460 diximus,
729 1403 787 1445 nou
810 1382 903 1466 ipsum
921 1385 1015 1449 solum
1032 1383 1246 1469 Hierosolymis

104 1481 273 1562 frequenter
292 1479 431 1564 apostolis
446 1481 606 1556 restitisse,
636 1484 734 1547 sedet
752 1483 799 1566 qui
824 1505 889 1547 eum
912 1485 942 1549 in
960 1486 1035 1549 Asia
1054 1496 1123 1550 snut
1136 1488 1243 1551 secuti.

104 1579 202 1664 Atque
219 1592 251 1645 nt
271 1601 343 1643 uuus
359 1581 491 1665 idemque
509 1583 567 1663 sit,
596 1595 648 1649 ant
663 1586 737 1649 alins
753 1587 881 1651 eiusdem
900 1607 964 1649 cnm
982 1587 1032 1650 illo
1047 1587 1193 1672 opinionis
1214 1598 1245 1650 et

101 1681 225 1766 partium
244 1683 355 1760 laetor,
379 1683 449 1747 nibil
464 1684 617 1748 admodum
634 1688 737 1749 relert.
782 1685 889 1755 Ferme
910 1689 1024 1771 quidem
1046 1689 1242 1772 nequissimae

99 1783 214 1846 illorum
230 1784 382 1847 doctrinae
397 1806 433 1847 ae
453 1784 535 1848 velut
556 1796 625 1849 note
642 1787 763 1869 quedam
785 1789 926 1852 eiusmodi
944 1801 990 1852 est
1003 1791 1118 1873 qualem
1131 1790 1242 1853 deseri·

100 1886 224 1969 psimus,
249 1894 280 1948 et
295 1882 504 1949 Cerintbisnos
521 1887 606 1950 simul
625 1907 660 1949 ac
676 1885 892 1952 Merintbianos
912 1891 1049 1974 appellari
1071 1903 1198 1957 constat.

180 1985 237 2050 llis
254 1987 344 2070 igitur
358 1987 393 2050 de
412 1987 559 2050 horrenda
574 1987 690 2051 illorum
711 2000 930 2073 reserpentem
952 1990 1039 2053 simili
1059 1991 1241 2076 improbitate

97 2088 249 2173 disputatis
263 2089 299 2151 ad
317 2109 368 2152 ens
380 2108 455 2172 qnae
470 2089 607 2172 deinceps
625 2099 844 2171 consequuntur
856 2091 1053 2173 promovenda
1068 2102 1115 2155 est
1133 2093 1239 2156 oratio.

96 2187 158 2255 Sed
175 2190 325 2254 babeudae
346 2189 486 2275 imprimis
510 2191 622 2274 gratim
644 2201 730 2267 sunt,
761 2191 838 2274 qood
862 2191 1052 2274 pessimorum
1075 2193 1239 2275 dogmatum

97 2291 217 2376 pelagus
235 2293 312 2357 istud
330 2293 394 2356 sine
413 2293 471 2355 ulle
486 2313 565 2355 noxe
581 2292 806 2370 transmisimus,
830 2301 860 2355 ct
874 2291 944 2355 illud
960 2291 1129 2376 suppliciter
1141 2304 1240 2376 postu·

96 2391 229 2471 laudum,
252 2404 367 2457 etcum
388 2394 418 2456 in
440 2393 568 2476 reliques
587 2393 725 2458 baereses
750 2392 976 2469 institerimus,
1006 2394 1090 2477 quasi
1105 2393 1135 2456 in
1151 2397 1239 2458 mari-

96 2496 166 2559 tims
182 2495 324 2580 quaedam
348 2515 383 2558 ac
403 2495 542 2558 monstris
563 2497 673 2559 referte
690 2495 792 2560 brevia
808 2495 895 2559 delati
915 2495 984 2560 nibil
1007 2495 1043 2559 ab
1065 2495 1110 2560 bis
1128 2496 1239 2559 incom-

95 2598 172 2661 modi
186 2597 345 2683 patiamur,
376 2597 428 2661 scd
446 2596 483 2659 ab
502 2616 538 2660 ee
556 2617 631 2681 quac
650 2598 729 2661 iuter
742 2598 944 2683 disputandum
966 2597 1098 2662 illuserit
1113 2596 1238 2668 rerimte

95 2701 218 2763 salutem
233 2718 460 2782 consequamur,
484 2719 548 2762 cnm
565 2709 596 2762 ct
611 2699 694 2763 buius
711 2700 884 2766 soliditatem
902 2700 1098 2778 adstrnemns,
1122 2710 1153 2765 ct
1167 2721 1237 2763 cnu-

94 2800 250 2864 traciarum
266 2800 427 2864 baereseon
442 2800 612 2865 inanitatem
628 2821 815 2885 erroremque
829 2800 1103 2867 demonstrabimus.
1149 2798 1235 2883 Quod

94 2902 121 2967 si
136 2901 277 2986 quispiam
292 2902 478 2966 considerare
499 2912 528 2966 et
544 2903 640 2986 alique
655 2902 722 2967 illes
738 2902 910 2967 adumbrare
927 2902 1113 2967 similitudine
1134 2903 1236 2982 volue-

93 3005 150 3083 rit,
181 3024 266 3086 qusm
288 3003 427 3068 baetenns
449 3005 656 3082 refutavimus,
688 3005 725 3069 ob
745 3005 886 3088 duplicem
908 3004 986 3067 illam
1012 3004 1234 3088 appelletionem

93 3127 160 3170 cum
183 3104 293 3191 bicipiti
313 3107 436 3192 quodam
459 3116 596 3190 serpente
618 3107 717 3191 reipsa
737 3107 958 3192 comparandam
985 3105 1112 3189 putabit,
1140 3126 1235 3188 eoque

92 3209 212 3294 viperee
227 3228 336 3293 gruere
352 3229 435 3293 quam
452 3204 636 3292 Sepedonem
653 3218 771 3286 vocant,
794 3229 868 3292 quae
883 3206 948 3291 pilis
965 3218 1029 3270 toto
1047 3227 1171 3292 corpore
1189 3216 1235 3269 est

92 3331 196 3397 speres
210 3310 400 3388 rubentibus,
423 3329 518 3392 neque
533 3329 656 3396 cepres,
680 3321 732 3374 aut
748 3310 812 3375 ovis
831 3311 858 3374 ei
876 3321 982 3373 nature
999 3310 1051 3391 sel¹
1068 3309 1153 3393 pellis
1174 3317 1231 3384 cst,

91 3414 144 3478 scd
159 3413 318 3498 serpentis,
342 3411 501 3494 eademque
522 3432 621 3475 morsu
638 3410 732 3477 obviis
748 3411 907 3495 quibusque
923 3410 1013 3475 letum
1028 3410 1130 3486 ellert,
1153 3418 1186 3471 ut
1203 3418 1234 3473 et

91 3516 223 3580 baeresis
238 3515 289 3579 illa
305 3523 466 3581 sectatores
480 3533 551 3577 suos
565 3523 681 3593 enecat,
703 3534 768 3579 cum
783 3525 833 3577 aut
850 3523 953 3577 vetere
969 3519 1145 3577 testamento
1160 3508 1232 3573 ritu-

92 3638 149 3702 que
162 3618 199 3681 ed
211 3616 400 3683 evertendum
413 3635 520 3679 norum
536 3613 637 3691 utitur,
653 3625 704 3681 aut
717 3614 908 3681 fraudulentis
924 3611 1085 3677 rationibus
1101 3629 1141 3675 cx
1154 3630 1231 3674 nevo

89 3730 265 3787 tsstsmcsto
282 3718 459 3804 depromptis
477 3716 642 3802 apostolos,
665 3717 747 3803 quie
766 3715 988 3781 circumcisione
1011 3713 1048 3776 ad
1066 3706 1176 3776 Cbristi
1197 3732 1230 3777 se

89 3822 174 3887 lidcm
196 3821 394 3908 applicarunt,
418 3819 490 3882 lelso
504 3818 675 3904 impugnare
688 3819 801 3883 nititur.
848 3812 941 3881 Cuius
956 3814 1069 3899 quiden
1086 3816 1228 3887 tabilicum

89 3923 172 3989 sirus
188 3934 274 4008 atque
291 3923 395 3987 dentes
413 3919 548 4004 quonism
568 3921 700 3986 veritatis
719 3920 801 4005 qussi
823 3920 900 3983 fuste
915 3917 1096 3985 contudimus
1112 3929 1143 3983 et
1157 3940 1228 3985 ocu·

89 4024 240 4105 trivimus,
264 4026 301 4090 sd
319 4044 371 4088 ees
388 4042 464 4105 quae
480 4033 699 4106 consequentur
712 4021 905 4100 refellendas,
934 4019 975 4084 uti
994 4019 1137 4099 diximus,
1161 4037 1227 4105 prc-
1283 4038 1287 4047 ·

89 4128 222 4213 grcditssr
240 4149 277 4195 sc
297 4126 417 4191 lesdnet
437 4122 541 4187 oratio.
