3046 5084
364 318 998 400 ransartnra.r.'roor.n.nasn.xxxn.
1193 339 1253 402 393

103 490 154 535 res
170 467 291 549 habeat,
322 466 354 531 in
370 465 472 531 andero
490 485 594 531 omnes
610 464 780 531 ooosneado
797 468 931 551 dogmate
949 480 1116 534 versantur.
1160 468 1255 557 lupri-

104 572 158 641 nis
172 569 342 658 Epiphanes
357 569 428 633 illud
444 589 511 632 cum
528 578 628 652 patre,
651 569 811 653 codemque
828 568 960 634 haeresis
976 571 1128 637 conditore
1143 569 1256 658 Carpo-

104 685 184 739 crate
202 673 349 750 decrevit,
373 671 555 758 promiscuas
573 690 642 735 esse
658 669 798 754 coniuges
817 682 972 756 oportere3
1001 674 1104 758 partina
1123 676 1199 760 qaod
1216 678 1256 740 ita

103 775 188 842 Plato
206 777 236 839 in
255 775 336 841 libris
354 776 390 838 de
406 773 568 860 Republica
584 773 755 851 statuisset,
779 775 883 859 partim
902 783 931 837 ut
951 775 1093 860 privatam
1109 776 1255 842 libidinem

103 881 248 966 expleret.
294 874 354 942 Sed
371 878 441 941 inde
454 875 617 961 disputandi
635 874 747 939 initium
765 875 843 939 ierit.
883 875 956 940 Tria
975 878 1172 942 eunuchorum
1189 901 1255 944 esse

103 1003 230 1068 genera,
264 980 339 1064 quod
362 1000 380 1043 a
401 978 549 1043 salvatore
569 978 676 1042 dictum
697 979 850 1062 evangelia
870 1000 954 1042 soora
974 990 1129 1045 testantur.
1176 980 1252 1046 Nam
1267 997 1351 1041 Marta.

103 1085 177 1149 alios
194 1104 262 1147 esse
280 1083 327 1166 qui
346 1081 383 1145 ab
400 1080 564 1145 hominibus
582 1079 695 1145 exsecti
714 1091 800 1159 suot,
832 1083 904 1146 elios
923 1084 964 1145 ita
986 1105 1003 1147 a
1021 1096 1125 1148 natura
1145 1087 1250 1163 laotos,
1268 1051 1299 1098 ¹⁹⁸
1314 1050 1344 1093 η’

103 1187 178 1250 alios
201 1187 250 1270 qui
271 1184 408 1249 coelestis
430 1184 512 1268 regui
529 1183 625 1268 gratia
642 1194 747 1269 sponte
768 1204 835 1248 sese
855 1195 1032 1249 castrarent.
1078 1184 1137 1270 Qui
1154 1188 1254 1271 igitur,

104 1289 204 1368 aiunt,
237 1287 310 1352 tales
327 1288 504 1351 necessitate
519 1296 587 1350 sunt
606 1287 692 1365 loeti,
720 1308 779 1349 non
797 1284 825 1349 id
845 1298 926 1352 certo
945 1288 1068 1351 oonsilio
1089 1291 1253 1353 erratione

105 1402 313 1476 sttsceperuut:
341 1390 389 1475 qni
411 1410 444 1453 se
464 1410 536 1454 vcro
555 1399 676 1474 propter
691 1389 821 1454 coeleste
839 1411 961 1475 rognum
980 1402 1201 1467 castraverunt,
1225 1394 1253 1456 id

105 1495 142 1558 ad
156 1493 340 1558 declinandas
355 1492 481 1576 coniugii
498 1491 647 1556 molestias
663 1503 796 1576 egerunt,
818 1494 893 1577 quod
908 1493 976 1557 illud
994 1495 1195 1579 procurandae
1210 1496 1254 1559 rei

105 1596 256 1660 familiaris
273 1615 346 1660 onus
368 1617 402 1661 ac
419 1593 641 1659 sollicitudinem
664 1595 812 1658 timerent.
858 1599 962 1658 Metius
983 1610 1026 1658 est
1046 1600 1151 1659 nudare
1171 1621 1253 1680 quam
1268 1619 1285 1662 ι.
1295 1617 1374 1669 cona,
1386 1616 1404 1658 a.

103 1705 159 1761 ari.
193 1696 322 1763 Proinde
337 1719 409 1762 cave
425 1697 550 1762 animam
565 1708 642 1761 tuam
657 1697 797 1780 inignem
813 1697 952 1762 immittas
968 1699 1025 1782 (sio
1039 1699 1116 1763 cuim
1132 1700 1168 1763 ab
1184 1722 1254 1785 epo-

102 1800 179 1866 stolo
195 1813 380 1887 praeceptum
397 1820 465 1864 esse
482 1799 612 1880 dieunt),
636 1799 702 1863 dnm
719 1811 821 1862 noctes
838 1800 957 1885 diesque
974 1803 1108 1881 resistis,
1132 1824 1166 1866 ac
1184 1825 1220 1867 ne
1238 1826 1254 1866 a

102 1904 236 1969 castitate
256 1904 377 1968 excidas
397 1901 590 1988 pertimescis.
636 1897 786 1984 Siquidem
805 1901 918 1966 animus
935 1914 1052 1983 noster,
1077 1905 1144 1967 dom
1161 1905 1190 1969 in
1207 1926 1253 1968 re-

102 2007 256 2093 pugnando
275 2006 503 2089 obsistendoque
521 2014 599 2067 totus
620 2013 666 2067 est
685 2024 703 2067 a
720 2023 771 2091 spe
789 2025 841 2067 sua
862 2004 1035 2090 dissipatus,
1064 2006 1253 2072 abstrahitur.

102 2115 245 2172 Pata'entcr
259 2115 351 2191 spirae
367 2109 433 2182 oti,
458 2119 492 2169 at
503 2110 592 2188 pando
609 2118 675 2169 anta
692 2109 863 2168 cohortando
880 2113 977 2169 monui
990 2107 1077 2187 (haec
1094 2108 1124 2171 in
1141 2107 1255 2173 Etaieis

102 2209 209 2276 lsitlori
228 2212 318 2276 verita
335 2214 436 2292 sunt),
460 2215 632 2272 contumacia
649 2215 750 2272 axoni
767 2232 858 2271 mares
873 2215 1033 2272 sustinendi
1046 2223 1129 2285 sant,
1160 2235 1196 2273 ne
1210 2194 1258 2274 dei

101 2433 158 2482 tum
174 2432 201 2481 te
215 2424 319 2500 optuitu
325 2420 425 2499 fretas
439 2421 608 2479 oonsrtentt'a
623 2420 662 2477 ad
674 2420 810 2478 orandum
826 2431 965 2479 conuerte.
1012 2421 1070 2479 Sed
1083 2441 1144 2480 cam
1162 2424 1191 2480 in
1202 2443 1255 2502 po·

100 2527 278 2585 smlananem
289 2526 451 2602 gratiaram
468 2525 542 2582 aetio
559 2532 607 2581 tua
622 2523 737 2600 delapsa
743 2522 854 2602 suerit,
879 2543 914 2581 aa
927 2524 1055 2601 deinceps
1069 2534 1147 2583 stare
1160 2545 1255 2604 caepe-

99 2631 159 2700 rr’s,
192 2648 282 2707 nepae
302 2629 333 2686 t'd
353 2636 444 2686 tamen
464 2626 618 2685 ubunuerts
637 2634 670 2684 at
686 2623 748 2684 labt'
757 2644 879 2703 proreta
896 2646 931 2684 ao
949 2626 1071 2685 tt‘tadarc
1088 2629 1201 2687 desinas
1218 2631 1257 2687 ad

98 2733 212 2809 nuptias
229 2730 384 2811 confligite.
431 2723 533 2811 Pergit
552 2725 673 2789 deiude:
706 2729 765 2787 Sed
780 2730 887 2786 t'aueat's
903 2738 956 2787 aut
966 2748 1075 2807 pauper
1094 2741 1136 2789 est
1150 2733 1254 2811 aliquis

99 2842 153 2893 aat
163 2834 331 2913 praeductam
356 2822 409 2891 doc
423 2842 467 2891 est
481 2829 647 2902 andedum,
671 2850 759 2909 nepae
776 2851 814 2888 ea
826 2832 978 2908 apostolico
991 2844 1140 2912 praecepto
1152 2837 1255 2895 duom

98 2940 129 2996 ei
147 2935 215 2996 tutet
234 2954 368 3006 morem,
401 2934 482 2994 llio'a
499 2933 595 3012 fratre
612 2912 723 2992 meirime
739 2934 873 2992 discedat.
920 2930 996 2994 'l'um
1019 2936 1252 3000 execrandorurn

99 3036 275 3122 flagitiorum
295 3033 479 3120 excogitatas
497 3034 629 3097 rationes
647 3034 775 3097 aderens
797 3033 885 3096 miras
906 3035 1009 3099 infelix
1028 3038 1195 3122 tragoedias
1214 3042 1254 3101 la·

99 3140 150 3203 cit.
191 3143 285 3213 Dicat,
311 3137 416 3222 iuquit,
438 3141 662 3217 Ingressussam
677 3141 707 3199 t'n
722 3149 830 3211 saneta,
853 3141 1134 3219 patint'ltr'lpossum.
1177 3146 1258 3220 (laced

97 3247 128 3305 st'
140 3246 277 3323 cogitatae
291 3262 353 3303 eam
369 3244 466 3322 αἱίραα
480 3241 593 3314 sulcat,
618 3243 704 3314 dicat,
729 3244 842 3314 Frater,
868 3246 975 3322 elapsae
990 3245 1194 3316 mritirnanmn,
1220 3267 1255 3305 aa

93 3366 224 3428 peccem
255 3355 285 3406 et
304 3346 448 3427 confectura
466 3354 641 3424 praesmtem
663 3364 725 3404 cunr
747 3348 776 3404 ia
793 3365 911 3423 corpore
928 3348 1004 3423 apso,
1039 3355 1095 3405 tam
1120 3351 1148 3406 in
1165 3358 1255 3407 mente

98 3471 176 3530 opem
192 3452 364 3530 expertem
413 3450 486 3508 Velit
499 3451 579 3508 modo
595 3450 671 3527 qaod
682 3448 825 3508 honestum
840 3459 885 3508 est
893 3449 1043 3527 perficere,
1068 3459 1097 3508 et
1109 3453 1170 3509 uott'
1180 3471 1254 3511 curn·

93 3574 149 3635 pos
164 3555 277 3614 catitet.
313 3548 387 3615 Post
401 3550 474 3614 llaec
489 3549 528 3612 ila
542 3549 715 3634 loquuntur:
736 3552 943 3632 Nonnunquam
960 3571 1010 3610 are
1024 3561 1104 3611 tenus
1118 3555 1253 3615 decenus.-

97 3657 377 3730 uenerandumne,
401 3657 453 3716 scd
466 3657 576 3715 ααίνααε
593 3658 622 3715 t'n
635 3664 754 3734 pecata
767 3657 930 3734 propendet.
979 3657 1036 3731 (lui
1047 3658 1185 3716 eiusmodi
1198 3669 1250 3732 est,

99 3761 175 3840 quod
189 3760 252 3819 vult
259 3769 379 3839 propter
393 3768 493 3819 mamm
509 3779 564 3818 non
573 3758 662 3839 facit,
686 3779 722 3819 ne
737 3760 767 3817 αι’
776 3779 867 3838 paena
881 3760 1079 3819 constituatur.
1110 3763 1156 3819 At
1165 3761 1253 3821 dorni-

96 3884 161 3924 nant
172 3865 276 3942 genen'
286 3865 446 3923 necessariis
460 3863 594 3942 quaedam
606 3871 674 3923 sant
685 3882 720 3922 oe
731 3863 875 3923 nataralia
891 3863 1040 3921 duntaxat.
1081 3864 1156 3924 Nam
1171 3869 1253 3925 uesti-

97 3967 149 4027 das
160 3968 345 4027 ata‘aaturalc
356 3966 443 4025 sanat
453 3984 488 4024 ac
498 3970 685 4026 necessaium
697 3975 756 4038 est‚·
775 3966 915 4025 nataralz's
928 3973 973 4023 eat
984 3984 1100 4026 merea
1111 3969 1249 4048 voluptas.

179 4065 262 4130 Haec
277 4067 394 4175 illorum
411 4066 441 4129 in
460 4064 585 4130 medium
602 4066 709 4131 afferre
726 4064 816 4129 verba
835 4086 897 4129 sunu
916 4076 1052 4147 coactus,
1084 4078 1117 4132 ut
1131 4090 1184 4133 eos
1203 4090 1250 4132 re·
1271 4079 1330 4147 Cap.
1350 4079 1380 4128 v.

128 4203 154 4257 6.
171 4201 213 4258 tot
229 4206 296 4255 dolet
315 4206 424 4255 amena
688 4196 846 4271 ’Δναγκαίως
861 4200 891 4257 δὲ
907 4201 1003 4264 ταύτας
1018 4204 1166 4272 παρεθέμην
1181 4212 1230 4258 cett.

128 4272 153 4326 'l-
168 4289 194 4326 τι
208 4268 342 4340 α’ναγκαῑαν
359 4272 458 4333 cmm,
475 4285 529 4321 ααν
543 4272 597 4321 tuot
610 4271 654 4320 lo·
723 4271 782 4322 Car.
792 4273 822 4322 V.
834 4302 867 4312 —
883 4275 904 4324 l.
918 4271 1027 4342 ἐλέγχων
1042 4277 1079 4324 cd.
1087 4278 1163 4338 princ
1181 4278 1252 4339 Apud

94 4346 172 4393 tacut
185 4338 216 4395 nd
232 4336 374 4408 ἀναγκαῖον.
405 4341 509 4390 Glemmt
520 4333 653 4404 ἀναγκαῖον
689 4342 825 4393 wemmam
844 4344 902 4393 doec
921 4344 956 4392 tto
975 4357 999 4392 ae
1021 4345 1120 4393 tabent:
1146 4340 1251 4404 Ταύτας

93 4415 143 4463 ano
158 4412 258 4462 certato
273 4414 355 4461 naor.
685 4407 832 4475 παρεθέμην
853 4406 900 4469 τὰς
916 4406 1003 4477 φωνὰς
1022 4408 1059 4470 εἰς
1079 4408 1179 4495 ἔλεγχον
1200 4415 1251 4467 τῶν

125 4478 150 4531 ll
171 4477 216 4531 xci
231 4475 261 4532 ed
278 4482 348 4543 cupa
362 4479 415 4529 cod.
430 4479 501 4528 Vallo.
686 4475 722 4546 μή
746 4473 862 4549 βιούντων
883 4473 967 4544 α’ρὸῶς
984 4478 1188 4541 Bactrianos,
1215 4476 1251 4540 oi<

125 4542 150 4598 9.
166 4548 203 4598 lta
218 4547 356 4611 mendo
372 4550 440 4598 aaut
459 4546 516 4597 loce
530 4546 602 4595 verbu
622 4558 651 4595 ta
685 4540 743 4613 ἤτοι
756 4543 864 4614 ἐχόντων
878 4544 991 4611 ἐξουσίαν
1011 4547 1118 4602 καὶτοῦ
1136 4545 1253 4616 oipaaptoi-

94 4616 216 4671 uenam.
233 4611 476 4679 tantumnodo
487 4607 649 4681 ἀφροδισίων.
683 4632 732 4670 νειν
749 4620 800 4668 cett.
