3046 5084
286 343 346 401 350
705 355 823 404 ειαστι
844 355 1010 405 ΕΡιΡιιλαιι

287 471 318 534 δὲ
333 477 386 551 τῆς
400 469 563 551 ε’κπλῆξεως
579 472 630 534 καὶ
647 476 700 551 τῆς
714 467 883 551 ἀμηχανίας,
907 466 947 544 τός
964 471 1020 533 θίκ
1036 476 1090 532 τοῦ
1104 466 1298 555 ἀσημοτέρου,
1319 468 1358 534 τά
1376 492 1436 536 σω-

287 571 409 652 ματικά,
432 569 535 646 καθοδς
551 575 743 655 προείπαμεν,
764 578 817 636 τοῦ
833 573 947 653 κόσμου
963 579 1089 652 στοιχεῖα
1103 573 1259 655 γεγονέναι,
1283 579 1366 658 7γῆν
1381 574 1439 655 μὲν

285 671 359 737 κατά
380 681 432 755 τῆς
454 672 616 754 ἐκπλήξεως
637 672 751 750 στάσιν,
781 671 861 753 ὕδωρ
879 673 910 737 δὲ
928 671 1001 737 κατά
1021 671 1096 755 ’τῆν
1114 681 1167 738 τοῦ
1185 673 1285 757 φόβου
1302 680 1435 759 κίνησιν,

285 773 358 860 ἀέρα
373 801 401 839 τε
414 775 487 841 κατά
503 774 555 856 τῆν
571 775 666 857 λάπης
679 780 775 859 πῆξιν,
797 773 829 840 τό
844 775 875 839 δὲ
890 782 950 859 πῦρ
965 775 1075 840 ἅπασιν
1088 773 1190 852 αάταῖς
1207 778 1437 859 δέκπεφυκὲναι

286 877 417 942 θάνατον
433 880 481 942 καὶ
499 876 633 962 φθοράν,
657 875 698 953 αἱς
712 880 762 941 καὶ
776 877 830 959 τῆν
846 875 967 962 ἀχνοιαν
982 887 1044 953 ταῖς
1061 880 1137 962 τρισὶ
1153 881 1281 944 πάθεσιν
1296 881 1435 967 ίχκεκρά·

285 990 365 1058 φθαι
378 979 557 1044 διδάσκουσι.
588 977 853 1064 Λημιουρχῆσαντα
868 978 905 1061 δῆ
917 977 969 1044 τόν
984 982 1096 1061 κόσμον
1109 984 1299 1064 πεποιηκέναι
1312 985 1365 1049 καὶ
1381 982 1436 1051 τόν

285 1081 447 1167 ἀνθρωπον
469 1081 521 1147 τόν
540 1081 658 1164 χοϊκδν,
688 1078 744 1146 οάκ
768 1079 827 1146 ἀπό
847 1080 954 1163 ταύτης
972 1083 1003 1146 δὲ
1019 1090 1071 1164 τῆς
1088 1087 1179 1166 ξηρᾶς
1195 1092 1264 1169 γῆς,
1293 1083 1351 1150 ἀλλ’
1371 1085 1434 1152 ἀπό

285 1192 338 1268 τῆς
352 1183 479 1269 ἀοράτου
495 1184 606 1262 οάσίας,
626 1182 686 1249 ἀπό
700 1190 753 1248 τοῦ
768 1186 927 1266 κεχυμένον
940 1186 991 1248 καὶ
1004 1188 1127 1267 ῥευστοῦ
1142 1193 1195 1268 τῆς
1207 1186 1279 1269 ὕλης
1290 1187 1433 1270 λαβόντα,

286 1291 336 1353 ιιαλ
359 1291 400 1362 εἰς
420 1294 525 1351 τοῦτον
547 1289 713 1368 ἐμφυσῆσαι
732 1284 784 1350 τόν
804 1284 931 1368 ψυχικόν
951 1290 1137 1370 διορίζονται,
1167 1290 1217 1352 καὶ
1234 1296 1341 1355 τοῦτον
1356 1288 1434 1357 εἶναι

285 1389 338 1455 τόν
359 1388 421 1454 κατ’
444 1387 543 1454 είκόνα
564 1390 616 1453 καὶ
638 1385 777 1469 ὁμοίωσιν
799 1388 943 1473 γεγονότα.
988 1387 1060 1454 Κατ’
1078 1389 1178 1455 εἰκόνα
1193 1392 1245 1472 μὲν
1261 1391 1313 1457 τόν
1329 1389 1433 1459 δλιιιόν

286 1490 427 1576 ἀπάρχειν
441 1489 646 1576 παραπλῆσιον
660 1491 721 1572 μὲν,
745 1487 802 1553 ἀλλ’
817 1488 868 1573 οὐχ
882 1488 1052 1573 όμοοάσιον,
1078 1499 1112 1537 ¹⁰
1121 1491 1192 1557 όντα
1205 1501 1246 1581 τῷ
1260 1502 1337 1583 θεῷ·
1359 1495 1433 1561 καθ’

286 1593 426 1676 όμοίωσιν
450 1595 482 1658 δὲ
504 1592 557 1657 τόν
580 1590 721 1676 ψυχικόν,
752 1591 826 1657 ὅθεν
848 1595 896 1657 καί
919 1601 1034 1675 πνεῦμα
1050 1602 1126 1678 ζωῆς
1143 1593 1197 1679 τῆν
1215 1593 1318 1661 οάσίαν
1335 1594 1431 1664 αάτσῦ

286 1701 437 1781 εἰρῆσθαι,
469 1699 501 1760 ἐκ
522 1702 720 1776 πνευματικῆς
739 1694 900 1780 ἀπορροίας
916 1687 1020 1761 οὖσαν.
1052 1696 1196 1782 Ὕστερον
1217 1698 1249 1763 δὲ
1266 1708 1432 1781 περιτεθεῖ·

285 1810 358 1864 σθαι
378 1801 510 1884 λέγουσιν
533 1795 612 1885 αὐτῷ
635 1796 687 1862 τόν
708 1797 881 1881 δερμάτινον
900 1805 1015 1881 χιτῶνα.
1064 1806 1157 1865 Τοῦτο
1183 1799 1216 1864 δὲ
1230 1798 1264 1866 τό
1282 1801 1432 1885 αἰσθητόν

285 1906 407 1986 σαρκίον
420 1897 495 1965 εἶναι
508 1902 630 1986 λέγουσι.
679 1898 718 1965 Τό
736 1901 768 1964 δὲ
786 1898 885 1982 κύημα
900 1909 952 1983 τῆς
969 1900 1095 1984 Μητρός
1110 1900 1201 1985 αὐτῆς
1213 1910 1265 1986 τῆς
1278 1900 1432 1987 Ἀχαμοδθ,

286 2004 302 2069 3
325 2003 399 2070 κατά
421 2001 474 2086 τῆν
498 2008 627 2085 θεωρίαν
649 2009 709 2067 τῶν
732 2005 799 2087 περὶ
826 2002 919 2067 11τόν
941 2010 1066 2088 Σωτῆρα
1087 2001 1228 2089 Ἀχχίλων
1251 2003 1432 2089 ἀπεκύησεν,

162 2143 213 2188 μσς.
225 2130 268 2175 lea
284 2105 442 2189 όμααόσιον
468 2103 641 2191 12ἀπάρχου
661 2113 696 2194 τῆ
717 2107 820 2190 Μητρὶ
841 2104 1052 2187 πνευματικόν,
1082 2109 1133 2171 καὶ
1150 2106 1241 2173 αάτόν
1255 2105 1433 2193 ἠγνοηκέναι

284 2210 335 2276 τόν
349 2207 540 2294 Δημιουρχόν
555 2209 684 2293 λέγουσι,
718 2211 769 2272 καὶ
782 2207 946 2289 λεληθότως
961 2217 1191 2276 κατατεθεῖσθαι
1204 2214 1247 2287 είς
1259 2206 1364 2290 ατίτόν,
1387 2212 1432 2295 μῆ

285 2312 396 2387 εἰδότος
415 2309 521 2388 αὐτοῦ,
550 2314 598 2376 ἵνα
616 2308 652 2375 δι’
670 2308 761 2376 αὐτοῦ
778 2313 820 2385 είς
832 2308 886 2392 τῆν
904 2308 953 2375 ἀπ’
971 2308 1063 2376 αι’ποῦ
1078 2311 1178 2396 ψυχῆν
1194 2312 1301 2397 σπαρδν
1314 2315 1368 2377 καὶ
1384 2318 1431 2390 εἰς

283 2416 315 2482 τό
334 2412 436 2480 άλικδν
453 2421 540 2478 τοῦτο
555 2421 640 2494 σῶμα
656 2414 862 2498 κυοφορηθὲν,
892 2416 924 2478 ἐν
939 2412 1053 2489 τούτοις
1068 2417 1120 2479 καὶ
1135 2413 1279 2499 αάξηθλκ,
1305 2416 1429 2499 ἕτοιμον

283 2521 400 2605 γένηται
423 2519 505 2591 ηείς
524 2512 672 2597 ἀποδοχῆν
687 2523 740 2581 τοῦ
761 2519 918 2580 ι’ίτελείου
955 2513 1083 2581 ’Έλαθεν
1099 2510 1168 2597 οὖν,
1199 2517 1241 2597 ἀς
1257 2538 1343 2600 φασι,
1371 2516 1430 2585 τόν

284 2617 473 2705 Δημιουρχόν
494 2615 512 2682 ό
533 2619 782 2701 συγκατασπαρείς
800 2625 839 2706 τῷ
857 2616 1043 2700 ἐμφυσῆματι
1058 2617 1151 2686 αὐτοῦ
1165 2617 1225 2687 ἀπό
1241 2622 1427 2703 τῆςΣσφίας

282 2720 479 2805 πνευματικός
503 2717 708 2804 1ίάνθρωπος
727 2717 845 2810 ἀρρῆτρι
867 2725 1042 2809 16προνοίᾳ.
1083 2719 1137 2798 Ὡς
1156 2720 1212 2808 γάρ
1230 2719 1286 2806 τῆν
1299 2724 1429 2809 Μηείρα

283 2827 473 2911 ἠγνοηκέναι,
503 2821 580 2887 οὕτω
601 2824 651 2887 καὶ
672 2821 705 2886 τό
727 2825 842 2907 σπέρμα
863 2821 968 2907 αάτῆς,
999 2822 1017 2889 3
1040 2821 1078 2907 δῆ
1098 2827 1150 2889 καί
1168 2823 1241 2891 αάτό
1256 2823 1432 2909 Ἐπιλησίσν

283 2928 358 2995 εἶναι
370 2930 513 3013 λέγουσιν,
535 2922 695 2990 ἀντίτυπον
707 2933 759 3008 τῆς
773 2923 834 2991 ἀνω
846 2923 1026 3008 Ἐκκλησίας.
1072 2928 1174 2992 171ίαὶ
1186 2935 1273 2995 τοῦτο
1287 2924 1363 2995 εἶναι
1375 2926 1433 2996 τόν

284 3037 315 3099 ἐν
331 3029 430 3107 αὐτοῖς
446 3028 609 3113 ἀνθρωπον
625 3025 771 3106 ἀξιοῦσιν,
801 3026 871 3104 δι’ςτε
888 3030 963 3111 ίχειν
981 3025 1089 3105 αότοδς
1104 3027 1159 3112 τῆν
1176 3031 1230 3112 μὲν
1244 3029 1349 3115 ψνχῆν
1365 3028 1431 3099 ἀπό

283 3141 335 3202 τοῦ
354 3138 562 3217 Δημιουργοῦ,
590 3129 623 3196 τό
642 3131 673 3194 δὲ
691 3137 775 3213 σῶμα
794 3129 853 3196 ἀπό
872 3138 925 3196 τοῦ
940 3129 1024 3214 χοός,
1055 3133 1106 3196 καὶ
1126 3130 1158 3197 τό
1183 3131 1350 3219 Ι’σαριιιδν
1365 3130 1431 3202 ἀπό

282 3247 336 3323 τῆς
351 3237 432 3320 δ’λης,
455 3233 506 3300 τόν
520 3236 551 3299 δὲ
565 3231 762 3316 πνευματικόν
775 3230 936 3319 ἀνθρωπον
950 3231 1009 3299 ἀπό
1025 3238 1076 3316 τῆς
1089 3232 1199 3320 μητρός
1212 3242 1265 3318 τῆς
1274 3232 1429 3321 Ἂχαμτόθ.

371 3553 466 3631 Τριῶν
481 3537 536 3609 οὖν
552 3542 646 3609 όντων
661 3540 693 3607 τό
711 3542 764 3624 μὲν
780 3539 893 3620 άλικόν,
921 3541 1006 3609 δκαὶ
1021 3540 1172 3628 ἀριστερόν
1184 3549 1321 3623 καλοῦσι,
1350 3545 1432 3613 κατά

283 3646 414 3734 ἀνάγκην
443 3646 628 3712 ἀπόλλυσθαι
652 3646 801 3729 λέγουσιν,
834 3643 884 3709 δι’τε
912 3647 1055 3726 μηδεμίαν
1088 3646 1303 3723 nmmum
1330 3646 1432 3733 περῆν

282 3746 453 3831 ἀφθαρσίας
468 3749 644 3831 δυνάμενον·
672 3745 705 3812 τό
722 3747 754 3811 δδ
768 3744 912 3829 ψυχικόν,
934 3746 952 3811 3
966 3749 1017 3812 καὶ
1033 3745 1127 3824 δεξιόν
1143 3745 1430 3834 προςσχορεάσωστν,

282 3850 333 3913 ἀτε
355 3852 442 3931 μέσον
463 3849 497 3914 όν
518 3858 571 3916 τοῦ
587 3876 617 3915 τε
633 3856 831 3931 πνευματικοῦ
845 3851 896 3913 καλ
910 3845 1030 3928 άλικσῦ,
1058 3852 1150 3916 ἐκεῖσε
1166 3859 1271 3936 χωρεῖν
1288 3849 1371 3919 ὅπου
1388 3850 1432 3921 τῖτ

315 4037 340 4091 6.
356 4036 572 4106 ἐκστααιμωτέραν
586 4045 635 4093 ωδ.
648 4047 721 4093 venet.
739 4045 784 4091 Vct.
798 4043 835 4091 ln·
900 4038 924 4091 9.
941 4038 1111 4108 ίμπεφυκίναι
1123 4044 1213 4093 volebat
1221 4044 1362 4107 δίαιτατίειτ,
1373 4060 1431 4097 σαι

282 4112 352 4168 λετρτ.
369 4108 435 4154 habet
455 4106 487 4153 de
504 4109 634 4159 vesaniori.
870 4112 915 4158 Ver.
930 4112 1027 4171 ίιιλττρτ.
1042 4112 1126 4161 habeat
1140 4110 1220 4161 ἰαωεο
1234 4120 1342 4162 mortem
1358 4118 1413 4165 τελλ.

316 4172 340 4223 7.
357 4173 405 4237 γῆν
420 4178 528 4234 rescripsi
540 4179 666 4227 secundum
681 4182 727 4228 Υιλ
741 4182 836 4241 interpr.
905 4177 944 4227 10.
961 4170 1035 4242 ὄντα,
1060 4180 1122 4240 quod
1141 4180 1287 4230 mem·
1304 4182 1331 4231 δτι
1349 4182 1431 4247 affl,

283 4238 329 4303 τὴν
346 4243 410 4289 extat
425 4243 450 4286 ιιι
468 4243 532 4290 libris
548 4247 660 4294 οπηιουι.
869 4247 945 4295 adieci
961 4247 989 4295 δτ
1006 4248 1073 4296 codd.
1090 4248 1344 4301 venerearum.

315 4308 340 4356 ὅ.
357 4305 404 4368 τῆν
415 4302 496 4373 φόβου
507 4307 603 4372 κίνησιν
615 4314 665 4360 cod.
677 4317 730 4363 Vm.
760 4317 788 4363 Ιιι
800 4328 837 4364 re·
906 4315 943 4366 ll.
961 4312 1011 4366 τῶν
1027 4309 1091 4379 ἀέρα
1107 4317 1159 4364 eod.
1175 4316 1229 4365 Vm.

282 4376 352 4435 liquis
367 4377 429 4420 exeat
441 4370 487 4438 τῆν
502 4375 546 4425 τοῦ
562 4371 642 4442 φόβου
656 4380 706 4432 τῶν
720 4379 837 4443 δακρύων
906 4381 945 4432 1⁴2.
963 4376 1105 4450 ἀπάρχονται
1124 4384 1176 4433 ωδ.
1191 4386 1245 4433 λιιι.

283 4440 386 4503 κίνησιν.
420 4441 480 4489 mad
496 4441 546 4491 τῶν
563 4440 689 4505 δακρύων,
718 4449 780 4509 quod
796 4464 837 4497 ιιττ
906 4448 944 4500 13.
961 4446 1024 4514 πρός
1040 4452 1090 4500 ανδ.
1108 4452 1163 4501 Ven.

285 4510 330 4556 Vel.
345 4508 442 4566 ίοιττχιτ.
454 4511 572 4569 οριιοταιλ,
593 4512 715 4562 delendum
732 4529 838 4565 censuere
905 4512 944 4566 14.
960 4516 1056 4570 τελείου
1072 4514 1147 4584 λόγου
1163 4522 1234 4583 wod
1249 4521 1386 4575 lm
1398 4538 1433 4577 ει

283 4579 332 4624 iam
348 4576 404 4623 olim
421 4575 503 4623 Billius
517 4580 586 4637 αεηαε
601 4579 719 4630 Ρτιαυίαι.
872 4584 919 4633 Vnt.
932 4586 1031 4648 ίιιιιτρτ.
1045 4590 1067 4635 τί
1081 4586 1230 4639 rutulum
