3046 5084
388 298 523 351 suumn
539 300 603 351 uun.
612 301 633 350 1.
649 299 731 353 nou.
747 300 779 352 n.
797 301 895 353 nasu.
908 302 1004 353 xxm.
1217 293 1274 365 tto

126 429 186 484 tota
199 415 310 484 Christi
324 418 386 483 vitu
401 417 713 502 administrationequn
727 418 857 482 cernitur
872 421 949 505 quod
964 441 980 484 a
997 420 1203 505 prophetarum
1223 443 1275 485 va·

126 519 235 586 ticiniis
253 521 422 585 abhorreat.
798 545 800 549 ¹

208 726 255 789 Ac
272 725 308 789 do
326 721 530 788 Saturuiliaua
547 718 664 783 haeresi
680 718 838 799 hactenus,
870 741 906 783 nc
923 721 952 784 in
972 722 1085 784 stolidis
1102 723 1166 785 eins
1187 745 1275 807 quae·
1294 724 1420 790 ⁶¹1¹·l'11·

124 829 269 891 stionibns
287 843 447 906 earumque
464 821 638 884 refutatione
656 830 769 905 tempus
785 833 945 885 conteram.
981 821 1046 886 llac
1064 824 1155 907 igitur
1170 825 1278 888 omissa

125 931 264 1013 deinceps
279 927 315 989 ad
336 922 484 988 basilidae
500 921 689 1007 condiscipuli
707 923 784 987 illius
808 934 838 987 et
853 925 964 987 erroris
978 925 1052 988 socii
1070 925 1204 989 haeresin
1225 947 1278 988 ex-

125 1031 287 1117 plicandum
307 1047 354 1088 mn
370 1026 529 1089 conteram.
573 1024 671 1087 Ambo
688 1024 793 1110 quippe
816 1027 983 1089 eorumdem
1002 1027 1168 1110 dogmatum
1190 1029 1279 1112 parti·

126 1134 220 1217 cipes,
244 1128 356 1191 veluta
371 1126 542 1190 seinvicem
558 1146 674 1190 venena
689 1127 810 1190 mutuati
827 1137 906 1204 sunt,
925 1128 966 1191 uti
982 1128 1166 1192 notissimum
1183 1130 1278 1191 omui-

127 1235 181 1296 bus
202 1229 386 1314 proverbium
405 1227 508 1290 babet:
540 1225 696 1311 Tanquam
721 1227 800 1314 aspis
822 1250 840 1291 a
860 1229 959 1312 vipera
981 1240 1081 1294 mutuo
1102 1229 1182 1293 virus
1200 1231 1280 1293 acci-

128 1336 224 1420 piens.
270 1328 407 1393 Eiusdem
425 1329 502 1391 enim
526 1329 644 1392 scholae
667 1330 885 1394 interserunt
908 1351 1137 1408 accensemus,
1162 1335 1276 1394 tametsi

128 1455 182 1499 sua
199 1432 318 1518 quisque
336 1431 453 1494 lundata
471 1430 586 1494 haeresi
605 1433 760 1516 separatim
781 1433 957 1495 constiterit.
1001 1429 1101 1514 Quare
1119 1435 1276 1514 nequitiam

128 1539 221 1622 ipsam
239 1557 256 1598 a
273 1554 305 1598 se
322 1543 421 1596 mutuo
438 1543 648 1616 corrogamnt,
673 1533 885 1596 dissensionem
905 1554 978 1597 vcro
1002 1535 1077 1618 apud
1095 1554 1128 1595 se
1143 1535 1277 1616 privatim

129 1639 325 1701 instituerunt.
371 1630 432 1697 Sed
450 1633 514 1695 sive
535 1634 616 1717 prior
633 1633 690 1696 iste
707 1635 826 1718 viperae
847 1636 940 1698 instar
962 1638 1037 1720 quod
1054 1635 1090 1698 ab
1107 1646 1277 1700 antecesso-

129 1741 208 1804 ribus
231 1737 368 1801 hauserat
387 1735 417 1798 id
441 1733 472 1796 in
492 1731 642 1796 Basiliden
664 1736 837 1811 transfudit,
862 1737 927 1799 sive
949 1737 994 1799 bic
1016 1738 1046 1799 iu
1071 1737 1149 1799 illum
1167 1740 1276 1822 potius,

128 1864 191 1906 cnm
214 1851 244 1904 et
268 1838 354 1903 letale
377 1838 417 1900 sit
432 1856 579 1898 venenum
606 1845 636 1898 et
658 1835 694 1897 ab
713 1836 875 1900 istiusmodi
901 1839 1085 1923 serpentibus
1104 1843 1276 1923 proiectum,

128 1940 238 2009 Christi
258 1939 368 2004 domiui
386 1937 519 2002 doctrina
540 1936 621 1999 velut
640 1937 771 1999 antidoto
791 1950 962 2001 enervatum
984 1961 1000 2001 a
1026 1939 1110 2001 nobis
1135 1952 1165 2003 et
1180 1944 1278 2004 extin-

126 2057 203 2109 ctum
219 2043 431 2126 relinquemus.
476 2038 555 2102 Tum
571 2038 725 2124 implorato
741 2038 786 2101 dei
804 2040 915 2103 auxilio
932 2042 968 2104 ad
984 2040 1129 2123 reliquas,
1153 2064 1170 2103 o
1188 2043 1278 2105 caris·

126 2144 209 2225 simi,
234 2145 375 2209 haereses
397 2139 561 2204 orationem
582 2139 832 2225 promovebimus.

296 2363 569 2441 cottus-A
603 2362 1114 2457 BASILIDIANOS,

368 2508 449 2579 quae
473 2490 524 2557 est
547 2484 694 2558 haeresis
712 2483 793 2577 ltu,
819 2486 890 2559 sive
908 2484 1036 2559 XXIV.

211 2635 355 2701 Basilides
368 2635 474 2720 igitur,
498 2647 530 2700 ut
550 2647 636 2699 autea
654 2634 799 2712 diximus,
823 2634 853 2697 io
870 2633 1036 2721 Aegyptum
1056 2637 1205 2721 proiectus
1224 2637 1277 2701 ibi·
1297 2641 1355 2709 cap.
1372 2645 1391 2693 t·

127 2741 191 2804 dem
213 2749 410 2802 commoratus
433 2750 490 2802 est.
536 2737 608 2801 lude
624 2737 653 2800 in
670 2735 901 2821 Prosopiticam,
925 2749 956 2800 et
972 2738 1176 2802 Athribiticam
1195 2762 1279 2826 prue-

127 2843 270 2904 iecturam
288 2839 428 2919 secessit,
460 2850 547 2923 atquc
572 2840 658 2902 ctiam
686 2838 714 2902 iu
732 2835 844 2902 Saitica
869 2849 900 2901 et
917 2840 1119 2905 Alexandriae
1141 2855 1277 2907 versatus

127 2951 191 3020 cst,
214 2941 244 3004 iu
264 2938 525 3026 Alexandrinoque
546 2962 634 3025 agro,
666 2941 731 3004 sive
752 2961 851 3004 nomn.
896 2938 949 3005 Sic
968 2944 1045 3006 enim
1063 2944 1203 3029 Aegyptii
1227 2968 1277 3008 ou-

126 3044 231 3127 iusque
252 3041 379 3106 civitatis
401 3064 501 3128 agrum
521 3064 556 3106 ac
574 3042 827 3106 circumiacentem
843 3043 993 3126 regionem
1014 3045 1175 3108 nominant.
1222 3049 1278 3108 At-

127 3166 184 3229 que
206 3144 261 3208 boc
277 3144 406 3229 quisquis
423 3167 455 3211 es
474 3145 625 3208 doctrinae
642 3144 762 3228 cupidus
781 3145 815 3206 ad
837 3167 921 3208 usum
940 3156 1018 3209 tuum
1040 3146 1176 3225 habebis,
1201 3149 1277 3229 quod

126 3248 207 3312 etad
224 3247 433 3327 cruditionem,
458 3257 488 3310 et
507 3246 543 3309 ad
563 3247 752 3331 quorumdam
770 3246 900 3310 locorum
916 3248 1152 3332 perspicuitatem
1176 3249 1275 3319 faciat,

126 3372 183 3435 quo
200 3349 340 3415 nonnulla
356 3369 430 3433 quac
449 3348 480 3411 in
496 3348 592 3412 saetis
609 3347 702 3411 literis
721 3350 828 3433 scriptu
848 3361 934 3428 sunt,
959 3361 988 3413 et
1004 3350 1174 3434 quibusdam
1192 3371 1277 3434 prop-

125 3462 171 3516 ter
183 3452 327 3517 inscitiam
345 3450 554 3515 dubitationem
570 3449 716 3531 iuiicinnt,
739 3452 878 3535 religiose
895 3452 1061 3515 confirmari
1078 3448 1276 3534 explicarique

125 3555 249 3640 possint.
294 3551 477 3640 Ubicumque
495 3553 574 3617 enim
592 3553 667 3638 epod
692 3550 798 3619 lsaiam
824 3553 993 3638 prophetam
1018 3554 1054 3613 de
1076 3550 1202 3615 civitatis
1223 3554 1275 3616 ali-

125 3656 208 3721 cuius
224 3658 335 3735 uomis,
360 3667 427 3743 puta
443 3655 582 3736 Taneos,
606 3653 772 3741 Memphis,
796 3657 844 3719 vel
858 3653 1037 3728 Bubastico,
1067 3651 1205 3738 scriptum
1223 3656 1275 3718 ali-

125 3759 192 3843 quid
209 3757 353 3842 reperies,
375 3758 498 3840 idipsum
517 3782 557 3825 ex
571 3758 786 3843 Aegyptiorum
806 3777 888 3819 more
907 3754 1159 3819 circumlucentem
1178 3757 1274 3821 cuius-

124 3879 249 3943 cumque
263 3856 391 3921 civitatis
407 3878 509 3942 agrum
526 3859 687 3944 significum
719 3861 794 3943 quod
812 3855 986 3922 eruditionis
1004 3876 1108 3922 caussa
1124 3858 1273 3922 declarare

124 3960 282 4026 voluimus.
328 3955 481 4022 Eiusmodi
502 3960 592 4042 igitur
615 3962 645 4024 in
667 3960 740 4023 locis
758 3960 801 4038 is,
832 3980 916 4042 quem
943 3957 1086 4038 diximus,
1118 3961 1275 4024 circulator

125 4062 267 4148 degebat,
299 4081 316 4124 e
340 4057 444 4143 quibus
462 4071 598 4144 qnantum
620 4071 757 4147 apparet,
790 4062 863 4124 baec
886 4061 949 4147 ipsa
966 4081 1040 4144 quac
1057 4061 1087 4127 in
1106 4063 1180 4126 banc
1198 4063 1274 4125 diem

125 4165 205 4250 viget
221 4165 299 4229 illius
315 4161 446 4226 haeresis
462 4163 612 4246 produxit,
638 4183 711 4246 quae
731 4162 767 4226 ab
783 4163 846 4226 eius
862 4162 1013 4249 disciplina
1028 4167 1211 4230 occasionem
1230 4177 1275 4227 at-

159 4365 184 4418 3.
202 4369 293 4423 σαυτοῦ
311 4371 363 4420 cod.
380 4371 453 4418 Vcttc.
473 4369 547 4430 t'utqo
561 4365 658 4418 ἐαυτοῦ.
718 4368 794 4418 ttecoo
808 4373 892 4433 recepit
908 4373 1027 4425 Petnoius.

161 4430 185 4485 l.
204 4435 394 4504 dlqunrumc'uiu,
419 4438 482 4499 quod
498 4437 685 4486 neocosmum
752 4435 777 4484 ὁ.
794 4453 832 4495 τις
848 4441 902 4493 edit.
916 4443 992 4503 prino.

126 4505 180 4554 edil.
194 4507 269 4565 ptine.
284 4512 306 4555 et
320 4507 372 4556 cod.
387 4507 500 4569 llhedt'p.,
524 4518 554 4554 tx
567 4503 617 4554 cod.
639 4504 683 4553 Vn·
751 4500 776 4555 6.
794 4505 937 4575 περίμετρον
954 4512 1005 4559 eod.
1024 4512 1096 4557 l'ctr'c.

179 4582 266 4642 corpus
278 4585 412 4631 Hsereseol.
425 4587 454 4631 ll.
1035 4601 1073 4659 10
