3046 5084
393 320 527 372 raanan
543 320 640 373 arnt
656 319 737 374 nott.
750 322 782 371 rr.
799 320 898 370 uuna.
915 321 1023 373 xxvia.
1219 304 1281 367 207

138 461 239 506 omnes
258 439 432 504 circuitione
448 449 533 515 suut,
556 439 738 522 eundemque
760 459 845 521 quem
864 436 948 502 lesus
965 447 1160 520 contemptum
1181 456 1281 499 rerum

137 542 264 607 omnium
284 549 489 625 susceperunt.
533 536 698 602 Universae
715 559 822 623 porro,
843 539 993 622 inquiunt,
1017 539 1118 601 eadem
1140 558 1197 620 qua
1211 535 1281 599 Iesu

137 644 232 708 anima
247 645 277 707 vi
293 653 361 707 sunt
378 663 413 704 ae
430 641 538 702 virtute
557 639 715 723 praeditae.
760 637 885 720 Ideoque
903 640 1022 722 perinde
1037 638 1101 700 illas
1124 658 1175 721 por
1191 639 1282 701 actin-

139 768 207 810 num
223 765 333 829 genera
348 742 446 806 orinia
461 740 585 818 traduci,
609 741 846 823 quemadmodum
864 738 932 802 lesu
947 738 1043 800 anima
1059 759 1214 822 progressa
1231 740 1281 802 sit.

139 844 272 929 Quodsi
295 842 419 929 reperiri
435 842 531 925 aliqua
553 842 660 926 possit,
685 862 758 924 quac
782 841 921 904 maiorem
947 861 1031 923 quam
1047 837 1132 902 lesus
1155 849 1284 901 oontem-

140 961 219 1034 ptum
242 945 399 1029 suscipiat,
423 963 457 1006 ea
478 943 533 1029 ipsi
556 943 671 1006 demum
692 943 859 1006 antecellet.

213 1045 372 1112 Gaeterum
386 1046 571 1110 detestandae
587 1044 756 1130 disciplinae
772 1044 856 1107 huius
872 1044 980 1107 alumni
998 1042 1177 1106 horribilium
1192 1064 1226 1105 ao
1242 1053 1285 1105 te·
1304 1051 1364 1118 Cap.
1376 1052 1419 1101 111.

141 1149 328 1213 tertianorum
353 1146 512 1211 facinorum
535 1147 617 1210 varia
638 1166 748 1230 genera
772 1145 941 1208 moliuntur.
985 1143 1064 1207 Nam
1087 1154 1118 1207 et
1138 1143 1284 1208 maleficas

142 1261 223 1314 artes
240 1258 399 1327 exercent,
422 1258 452 1310 et
470 1248 505 1311 ad
522 1248 713 1310 arachinanda
730 1247 894 1330 quaelibet,
918 1246 1061 1310 venalicia
1083 1256 1113 1309 et
1132 1245 1285 1309 cannones

143 1351 365 1435 excogitarunt,
385 1348 516 1412 velutad
533 1347 637 1434 philtra
654 1359 685 1411 et
702 1350 811 1412 amoris
828 1347 1000 1426 illecebras;
1024 1349 1082 1411 imo
1101 1348 1186 1411 etiam
1202 1348 1285 1412 lami-

143 1454 232 1517 liares
243 1453 298 1517 sibi
311 1451 448 1534 quosdam
466 1449 621 1513 daemones
635 1451 776 1528 alliciunt,
801 1462 833 1513 ut
846 1450 1051 1535 multiplicibus
1067 1450 1103 1513 iis
1119 1451 1285 1534 praestigiis

143 1576 281 1618 summam
297 1552 363 1629 sibi,
387 1561 419 1614 ut
434 1551 528 1626 aiurrt,
552 1552 580 1614 in
598 1552 695 1615 omnia
711 1563 881 1637 potestatem
898 1553 1059 1627 vindicent,
1082 1573 1116 1613 ac
1133 1553 1207 1635 qnod
1223 1552 1285 1614 cui-

144 1677 199 1741 que
216 1654 346 1732 libuerit,
370 1664 401 1717 et
416 1653 616 1736 quodcumque
635 1675 723 1737 agero
746 1657 775 1717 in
798 1654 924 1716 animum
947 1654 1113 1731 induxerit,
1140 1655 1167 1715 id
1190 1654 1283 1737 ipsum

142 1758 245 1820 audeat
261 1756 421 1839 suscipere.
457 1752 522 1816 lloc
538 1764 636 1816 autern
652 1775 688 1817 eo
704 1754 826 1817 consilio
845 1756 954 1819 laniunt
970 1758 1058 1838 qnod,
1083 1754 1124 1817 uti
1141 1756 1285 1818 miserau-

142 1859 207 1922 dcm
223 1857 253 1919 in
270 1858 386 1920 modum
401 1855 513 1938 decepti
529 1865 614 1931 sont,
638 1865 720 1917 nerto
736 1856 791 1918 sibi
809 1858 1019 1939 persuadeant,
1043 1879 1096 1941 per
1111 1867 1154 1920 tot
1168 1867 1285 1941 unique

141 1960 259 2023 diversa
281 1958 411 2021 facinora
433 1955 531 2019 mnndi
556 1955 778 2018 fabricatoribus
799 1958 927 2037 angelis,
952 1959 1142 2042 omnibusque
1159 1979 1233 2041 quae
1254 1960 1285 2021 in

143 2061 248 2124 mundo
264 2070 332 2123 suut
347 2057 500 2142 prostratis
516 2079 550 2120 ac
566 2057 755 2140 contemptis,
779 2057 893 2118 illorum
910 2078 942 2120 se
959 2080 1018 2120 non
1037 2061 1152 2135 mundi,
1176 2061 1226 2121 sed
1245 2062 1287 2122 la·

142 2158 274 2225 bolarium
289 2161 384 2244 potius
401 2159 543 2222 artificum
557 2168 729 2243 potestatem
747 2158 927 2240 transgredi3
953 2180 1009 2240 quo
1026 2160 1182 2222 coelestem
1199 2161 1286 2223 libcr-

144 2274 231 2327 tatem
249 2262 416 2339 obtineant,
440 2271 469 2324 et
490 2281 606 2324 sursum
627 2260 757 2344 aspirare
781 2269 868 2341 atque
889 2261 1007 2323 evolare
1031 2260 1155 2343 possint.
1201 2257 1286 2342 Quod

144 2364 291 2428 hominum
312 2383 406 2446 genus
423 2363 457 2425 ad
478 2362 620 2426 ecelesiae
642 2361 688 2425 dei
705 2361 841 2445 probrum
857 2372 887 2424 et
907 2361 1109 2423 offendiculum
1127 2363 1287 2425 adornasse

144 2487 178 2530 ac
192 2464 366 2529 submisisse
380 2459 505 2526 Satanas
524 2463 653 2541 videtum
677 2463 781 2548 quippe
798 2463 846 2547 qui
861 2459 1093 2527 Christianorum
1109 2463 1163 2525 sibi
1181 2485 1287 2526 nomeu

144 2566 314 2642 indiderint,
337 2575 369 2628 ut
382 2576 502 2650 propter
516 2565 581 2628 illos
598 2566 729 2628 ollensac
747 2566 879 2628 nationes
894 2565 929 2627 ab
948 2575 1067 2627 sauctae
1084 2566 1129 2627 dei
1145 2565 1288 2629 ccclesiae

145 2669 268 2733 utilitate
286 2667 478 2745 abhorreant,
502 2667 719 2750 nuntiatumque
738 2668 891 2730 veritatem
911 2667 947 2729 ob
964 2666 1099 2729 immania
1115 2667 1228 2730 illorum
1246 2668 1290 2731 la-

146 2770 261 2848 oinora,
285 2778 315 2832 et
331 2767 530 2831 inercdibilem
549 2769 705 2852 nequitiam
729 2770 897 2852 repudient,
921 2780 969 2847 ut,
994 2769 1128 2853 iuquam,
1152 2771 1289 2854 frequen-

147 2869 224 2933 tibus
240 2870 354 2934 illorum
374 2870 535 2933 sceleribus
554 2870 783 2949 animadversis,
808 2892 859 2934 eos
882 2893 996 2954 quoque
1014 2872 1061 2955 qui
1081 2893 1097 2935 e
1118 2884 1220 2936 saneta
1242 2872 1289 2935 dei

148 2971 272 3034 ecclesia
287 2983 355 3036 snut
370 2972 444 3034 tales
460 2992 526 3035 esse
543 2972 598 3034 sibi
615 2973 820 3055 persuadeant,
845 2984 931 3056 atque
948 2974 988 3035 ita
1005 2974 1041 3036 ab
1058 2974 1211 3037 verissima
1228 2976 1287 3053 dei,

149 3073 190 3135 nti
204 3072 340 3151 diximus,
361 3073 493 3136 doctrina
507 3095 594 3137 aures
609 3083 755 3152 avertant,
775 3086 824 3137 aut
838 3086 918 3137 certe
933 3067 1087 3158 pauciorum
1105 3076 1289 3160 improbitate

146 3185 303 3259 conspecta
317 3175 347 3239 in
363 3174 519 3239 universos
534 3174 635 3239 eadem
651 3175 802 3238 maledicta
819 3175 984 3239 coniiciant.
1015 3177 1112 3261 Atque
1125 3199 1161 3240 ca
1175 3177 1289 3240 demum

148 3296 254 3340 caussa
272 3286 319 3340 est
337 3298 389 3340 cur
406 3277 536 3361 plerique
551 3275 720 3360 gentilium,
745 3278 917 3362 ubicumque
933 3278 1017 3342 istius
1037 3290 1136 3343 sectae
1159 3278 1290 3341 homiues

147 3377 407 3463 deprehenderint,
430 3378 537 3441 nullam
553 3378 704 3441 nobiscnm
719 3378 812 3441 velint
827 3401 922 3464 neque
938 3382 996 3444 dati
1011 3379 1181 3463 acceptique
1197 3399 1291 3462 neque

147 3479 262 3544 consilii
277 3500 371 3563 neque
385 3479 519 3544 audiendi
535 3480 624 3543 divini
639 3479 721 3544 verbi
736 3482 905 3544 societatem
922 3482 1112 3563 coniungere,
1135 3500 1169 3542 ao
1187 3500 1224 3542 nc
1239 3501 1291 3543 au·

147 3602 197 3646 res
212 3582 326 3666 quidem
343 3581 483 3667 praebere
500 3582 681 3662 sustineant3
705 3603 798 3666 usque
815 3584 888 3647 aden
905 3583 1024 3646 nelariis
1039 3581 1154 3644 illorum
1173 3581 1290 3667 flagitiis

149 3683 329 3748 consternati
350 3704 385 3746 ac
406 3683 539 3748 deterriti
562 3696 642 3747 sunt.

229 3782 326 3849 Porro
342 3784 391 3849 isti
404 3785 435 3847 in
454 3786 524 3849 lusu
542 3798 628 3869 atque
642 3786 754 3851 deliciis
769 3787 885 3851 assidue
899 3795 1066 3864 versantur,
1090 3786 1215 3872 nihilque
1231 3811 1289 3852 non
1310 3804 1369 3872 cap.
1385 3805 1428 3858 IV.

147 3887 185 3951 ad
208 3908 362 3972 corporum
378 3887 555 3971 voluptatem
574 3908 608 3950 ac
631 3888 837 3951 iucunditatem
858 3886 1034 3970 suscipiuutq
1063 3893 1213 3972 nequead
1237 3913 1290 3955 nos

147 3988 264 4073 penitus
281 3988 440 4066 accedunt,
464 3989 519 4050 nisi
538 3991 616 4052 lorte.
634 4001 665 4052 ut
680 3990 840 4053 imbecilles
857 3989 970 4052 artimus
988 3990 1023 4052 ad
1041 3989 1128 4076 impia
1144 4013 1197 4056 sua
1220 3994 1291 4076 dog-

147 4100 227 4154 mata
240 4090 398 4177 pelliciant.
442 4087 548 4173 Neque
564 4091 713 4154 animalia
730 4111 764 4154 rc
782 4092 866 4154 nobis
881 4090 991 4167 similes
1006 4105 1085 4172 suut,
1108 4115 1195 4178 quam
1215 4097 1291 4177 quod

147 4191 213 4259 solo
229 4186 391 4256 Christiani
408 4191 524 4256 nomine
544 4192 726 4276 gloriantur,
749 4204 781 4255 ut
797 4192 927 4256 ementiti
942 4193 1026 4258 huius
1041 4195 1176 4260 vocabuli
1194 4198 1292 4281 specie

148 4290 360 4377 inprobitatem
374 4313 457 4357 suam
472 4304 642 4358 exerceant.
673 4289 733 4358 Sed
747 4295 860 4376 horum,
878 4296 919 4361 nti
932 4297 1070 4383 scriptum
1086 4308 1142 4375 est,
1160 4303 1292 4360 radicatam

184 4456 211 4512 4.
227 4459 352 4529 ardennae
368 4464 525 4528 eod.flhedtp.
538 4463 703 4526 catanae.
771 4463 795 4517 6.
814 4460 874 4520 ὅπου
894 4461 919 4534 γ’
934 4459 965 4521 ἂν
988 4483 1030 4532 epo
1045 4471 1152 4530 νεωτέρα·
1170 4484 1214 4532 pro
1232 4461 1293 4522 iaco

184 4527 209 4579 b.
228 4531 301 4594 Vulso
316 4524 423 4592 πάντως.
739 4527 762 4588 δ’
777 4526 820 4597 ἄν,
838 4538 901 4600 quod
917 4551 993 4589 aalma
1009 4539 1062 4588 libri
1079 4537 1168 4588 habeut.
