3046 5084
100 321 139 380 88
521 329 642 380 SANCTI
660 328 828 379 ΕΡΙΡΗΔΝΙΙ

100 448 151 511 καῖ
170 447 345 530 εἱμαρμένης
368 453 464 508 Δυοῑν
481 442 537 529 γάρ
560 440 674 529 ἀνάγκη
693 442 837 527 θάτερον,
859 443 880 526 ή
903 444 1042 528 γενέσεως
1058 439 1257 527 ύπαρχούσης

101 546 143 630 μή
160 544 235 612 εἶναι
250 551 357 632 κρίσιν,
379 545 429 611 διά
444 545 477 610 τό
494 544 548 611 τόν
564 545 732 631 πράττοντα
747 543 803 610 ούκ
817 543 869 626 ἀφ’
887 547 994 610 ἑαυτοῦ
1009 543 1157 630 πράττειν,
1180 543 1257 612 ἀλλά

101 647 163 714 κατ’
183 647 315 734 ἀνάγκην
341 650 523 733 ἐπικρατείας
546 654 600 728 τῆς
622 648 831 733 πεπρωμένης,
852 644 935 728 ήότι
959 650 1081 731 κρίσεως
1101 644 1256 732 ύπαργού·

101 775 170 833 σης,
192 753 243 816 καλ
259 753 291 816 ἐν
309 748 433 839 ἀληθείῳ
449 751 714 832 ἐπαπειλουμένης,
735 750 787 813 καὶ
802 747 904 830 νόμων
916 746 1104 825 δικαζόντων,
1123 750 1176 812 καί
1193 757 1258 815 τοῖν

101 852 135 919 τό
154 851 286 938 πονηράν
308 853 449 938 δρώντων
465 856 551 933 δίκην
573 848 758 932 ἀπεχόντων,
779 849 875 931 νόμον
895 873 925 913 τε
948 845 1185 934 όμολογουμένον
1208 855 1255 917 δι·

101 960 191 1021 καίον
212 958 264 1020 καί
281 959 403 1038 κρίσεως
423 960 500 1017 θεοῦ
520 949 736 1034 ἀληθεστάτης,
759 947 853 1034 ἀργήν
873 947 947 1014 εἶναι
969 949 1024 1034 τήν
1046 953 1273 1039 πεπρωμένην,

100 1059 151 1122 καί
174 1055 215 1138 μή
236 1058 310 1136 ἐχειν
330 1054 407 1128 ὅλως
427 1052 566 1118 σύστασιν
587 1050 620 1116 τό
643 1049 794 1137 παράπαν.

1 1398 3 1404 ›
28 1363 84 1419 .δ’.
187 1357 294 1424 Ὁπότε
311 1356 362 1422 διά
381 1355 414 1422 τό
436 1354 585 1421 δύνασθαι
608 1354 786 1442 ἁμαρτάνειν
807 1359 858 1422 καί
879 1355 920 1439 μή
943 1353 1099 1442 άμαρτεῖν,
1127 1354 1180 1423 τόν
1201 1359 1259 1441 μέν

102 1458 153 1525 διά
173 1459 210 1525 τά
230 1457 424 1545 άμαρτήματα
444 1462 530 1540 δίκην
547 1455 752 1540 ἀπαιτεῖσθαι,
774 1456 827 1524 τόν
847 1459 879 1523 δὲ
901 1461 1024 1524 ἐπαινον
1040 1457 1258 1542 ἀπεκδέγεσθαι

102 1560 152 1627 διά
167 1561 201 1627 τό
218 1554 250 1626 εύ
266 1562 462 1646 πεπραχέναι,
484 1560 611 1646 άίρισται.
623 1557 694 1624 καθ’
714 1562 859 1644 ἑκατέρων
878 1558 912 1625 τό
934 1560 1088 1645 διάφορον.
1128 1557 1182 1636 Ὡς
1202 1564 1259 1627 καὶ

0 1696 45 1740 ις.
57 1684 90 1728 τι.
104 1668 157 1752 μίῳ
178 1671 266 1751 φωνή
283 1667 384 1751 δικαίην
400 1664 492 1747 λέγειν
511 1664 579 1731 Ιἐνι
594 1659 729 1751 συντόμῳ
751 1659 876 1749 ἀληθείην
898 1660 947 1727 διά
963 1659 1085 1728 Ἡσαΐου
1105 1670 1159 1727 τοῦ
1180 1689 1256 1748 προ·

103 1764 201 1848 φήτου
219 1767 252 1829 ἐκ
268 1763 429 1849 προςιόπον
446 1768 553 1848 κυρίου
574 1763 742 1850 εἰρημένον,
763 1761 813 1843 τό,
833 1760 903 1828 Ἐάν
923 1766 1028 1846 θέλητε
1047 1766 1099 1829 καί
1121 1764 1255 1840 είςαιιού·

102 1867 171 1949 σητέ
187 1892 260 1947 μου,
282 1864 319 1930 τά
335 1864 437 1951 ἀγαθά
454 1875 507 1949 τῆς
523 1874 578 1951 γης
593 1864 747 1952 φάγησθε·
770 1862 823 1930 ἐάν
839 1866 872 1931 δέ
887 1863 928 1948 μή
946 1868 1067 1948 θέλητε,
1089 1867 1163 1949 μηδὲ
1180 1869 1257 1943 είςα-

102 1966 229 2050 κούσητέ
245 1994 319 2049 μον,
339 1967 468 2053 μάχαιρα
489 1965 568 2051 ύμᾶς
584 1970 747 2033 κατέδεται·
769 1965 803 2032 τό
825 1965 880 2052 γάρ
903 1965 997 2050 στόμα
1012 1973 1121 2051 κυρίου
1137 1967 1256 2050 ἐλάλησα

41 2144 44 2149 ,
101 2079 202 2136 ταῦτα.
235 2069 324 2145 Ὥςτε
344 2075 433 2136 παντί
453 2098 493 2159 τῳ
509 2069 600 2154 δήλόν
620 2073 680 2135 ἐστι
701 2072 753 2134 καλ
773 2066 978 2151 ἀναμφίβολον
999 2065 1042 2143 νίς
1064 2067 1097 2134 τό
1116 2068 1254 2147 αύτεξού-

103 2197 169 2239 σιον
186 2176 337 2257 παρείχετο
355 2172 445 2253 θεός,
468 2171 506 2238 δι’
525 2175 632 2238 ἑαυτοῦ
654 2170 753 2253 φήσας
769 2169 820 2251 τό,
841 2168 911 2235 Ἐάν
929 2172 1051 2253 θέλητε,
1072 2172 1123 2237 καί
1140 2170 1180 2255 μή
1201 2175 1256 2239 θέ·

102 2283 183 2358 λητε,
207 2273 277 2349 δίςτε
298 2277 366 2359 περὶ
389 2274 441 2340 τόν
463 2273 627 2358 ἀνθρωπον
646 2269 721 2335 εἶναι
743 2269 777 2336 τό
805 2270 1015 2357 ἀγαθοεργεῖν,
1036 2270 1057 2355 ἢ
1075 2272 1108 2338 τό
1132 2272 1256 2355 φαύλων

105 2379 243 2458 έφίεσθαι
263 2375 451 2461 πραγμάτων.
499 2372 554 2449 Οἷς
573 2374 775 2455 ἐπιφωνητίον
797 2375 858 2438 ἐστί
879 2373 1061 2459 πυκνότερον
1078 2377 1129 2440 καί
1149 2384 1256 2442 πολλα-

103 2485 178 2561 γοῖς,
200 2479 252 2541 καλ
269 2474 305 2542 ού
327 2477 376 2541 διά
396 2484 466 2559 μιᾶς
483 2482 602 2555 φωνής,
624 2471 695 2537 ἀλλά
717 2472 871 2553 πολλάκις,
892 2473 929 2539 τά
947 2474 1029 2560 παρά
1047 2484 1101 2541 τοῦ
1122 2484 1257 2564 σωτήρος

104 2579 181 2666 πρός
205 2576 313 2652 αύτούς
335 2579 486 2661 εἰρημένα,
512 2572 590 2639 Ούαλ
611 2572 695 2657 ύμῖν,
719 2583 902 2659 Γραμματεῖς
925 2580 976 2642 καί
1000 2585 1159 2661 Φαρισαῖοι
1180 2578 1255 2647 ύπο-

103 2681 217 2763 κριταί,
239 2678 284 2741 ότι
306 2682 531 2741 καταλελοίπατε
550 2674 586 2740 τά
607 2677 700 2761 βαρέα
722 2685 776 2742 τοῦ
798 2677 909 2758 νόμον,
937 2678 992 2763 τήν
1014 2685 1110 2764 κρίσιν
1128 2683 1181 2747 καί
1202 2681 1256 2749 τόν

103 2783 199 2855 έλεον,
221 2779 270 2841 καί
287 2774 503 2842 ἀποδεκατοῦτε
519 2776 551 2844 τό
571 2776 686 2860 άνηθον
703 2781 754 2844 καὶ
769 2776 801 2845 τό
817 2778 972 2863 ἡδύοσμον
990 2785 1041 2847 καί
1057 2781 1090 2848 τό
1108 2783 1254 2869 πήγανον,

104 2881 157 2943 καῖ
166 2882 337 2962 καθαρίζετε
350 2876 383 2943 τό
397 2876 482 2955 ἐκτός
495 2888 549 2945 τοῦ
562 2885 707 2966 ποτηρίου
722 2882 773 2945 καί
787 2889 841 2947 τοῦ
854 2887 989 2962 πίνακος,
1005 2882 1038 2949 τδ
1053 2885 1086 2950 δέ
1098 2884 1181 2962 ἐντός
1195 2889 1256 2953 ἐστι

105 2977 209 3063 μεστόν
228 2975 413 3064 ἀκαθαρσίας
436 2983 488 3046 καὶ
503 2981 661 3067 ἀκρασίας,
682 2985 734 3046 καί
750 2982 916 3066 δοκιμάζετε
934 2988 1049 3051 δίκαιον
1064 2983 1140 3053 είναι
1164 2985 1254 3071 όμνύ·

105 3109 153 3148 ναι
170 3085 202 3148 ἐν
218 3087 258 3169 τῷ
280 3081 378 3147 ἐπάνω
398 3090 452 3148 τοῦ
474 3088 705 3168 θυσιαστηρίου,
726 3082 760 3149 τδ
782 3086 815 3151 δέ
834 3087 866 3150 ἐν
888 3082 968 3173 αύτῷ
990 3094 1031 3175 τῷ
1050 3094 1254 3180 θυσιαστηρίῳ

104 3183 173 3272 παρ’
195 3182 267 3268 ύμῖν
288 3191 330 3272 τῳ
354 3183 433 3272 ὅρκῳ
458 3187 611 3263 ἐλέλυται,
635 3188 686 3250 καὶ
704 3184 738 3251 τό
762 3189 794 3252 ἐν
815 3195 858 3276 τῳῖ
877 3186 996 3277 ούρανρῖ
1018 3186 1147 3272 όμνύναι
1168 3189 1256 3257 ούδέν

107 3286 181 3355 εἷναί
194 3312 279 3370 φατε,
301 3283 353 3351 ἐάν
366 3287 399 3350 δέ
411 3313 456 3362 τις
469 3284 564 3376 ἀμόση
581 3290 613 3353 ἐν
626 3296 667 3376 τῷ
680 3285 819 3374 ύπεράνω
832 3288 935 3370 αύτοῦ,
956 3297 1044 3355 τοῦτο
1059 3293 1254 3356 δεδικαίωται

109 3390 181 3475 Ούχλ
197 3390 230 3457 τό
247 3387 462 3471 θυσιαστήριον
475 3387 609 3470 βαστάζει
624 3388 658 3455 τό
676 3393 874 3473 ἐπικείμενον,
896 3394 948 3457 καί
965 3389 983 3458 ό
998 3390 1124 3476 ούρανδς
1141 3389 1255 3475 θρόνος

106 3495 165 3558 ἐστί
181 3501 234 3560 τού
249 3488 293 3558 ἐπ’
307 3488 385 3579 αύτῷ
402 3493 666 3573 ἐπικαθεζομίνους
690 3494 751 3556 Καὶ
765 3493 812 3559 ὅτι
825 3496 930 3579 λέγετε,
952 3493 1006 3560 ἐάν
1019 3519 1064 3569 τις
1077 3497 1147 3583 είπη
1163 3496 1255 3580 πατρί

106 3595 157 3657 καί
174 3597 262 3680 μητρί
277 3592 416 3678 Κορβάν,
438 3592 457 3657 ό
471 3596 531 3658 ἐστι
550 3598 649 3677 δῶρον
665 3593 682 3660 δ
700 3592 737 3659 ἀν
756 3598 785 3672 ἐξ
802 3598 874 3678 ἐμοῦ
891 3594 1066 3686 ω’ῳεληθής,
1086 3597 1139 3660 καί
1155 3592 1255 3662 ούιιέτι

106 3691 147 3772 μή
164 3694 277 3776 τιμήσει
291 3695 344 3762 τόν
361 3697 482 3781 πατέρα,
504 3697 555 3759 καὶ
570 3693 734 3778 ήθετήσατε
751 3695 806 3779 τήν
822 3696 942 3779 ἐντολήν
958 3705 1013 3763 τοῦ
1027 3704 1114 3778 θεοῦ,
1134 3696 1185 3764 διά
1201 3706 1255 3782 τῆς

106 3799 166 3857 τῶν
179 3799 384 3882 πρεσβυτέρων
399 3796 484 3881 ύμῶν
499 3797 707 3883 παραδόσεως,
727 3800 780 3863 καλ
796 3798 948 3864 κυκλεύετε
963 3799 1119 3867 θάλασσαν
1138 3804 1190 3867 καλ
1207 3806 1254 3884 ξη·

106 3893 178 3979 ράν,
199 3903 321 3978 ποιήσαι
336 3901 386 3964 ἕνα
400 3899 593 3986 προςήλυτον,
614 3902 666 3965 καὶ
681 3899 753 3966 όταν
769 3904 902 3986 γένηται,
925 3912 1037 3969 ποιεῖτε
1052 3901 1144 3970 αύτόν
1156 3902 1257 3970 διπλό·

105 4021 192 4083 τερον
206 3991 291 4077 ύμοῖν
308 3997 375 4061 νῖδυ
388 4005 514 4085 γεέννης.
563 4006 597 4066 Τί
618 4008 720 4068 τοίνυν
737 4000 939 4088 περιττότερον
955 4012 1015 4070 τοῖν
1031 4001 1124 4090 ἀγίων
1141 4005 1256 4089 ῥήσεων

106 4095 303 4185 ύπερβάλοιτό
324 4125 368 4174 τις
386 4100 462 4185 πρός
476 4101 627 4170 ἀντίθεσιν
641 4112 701 4168 τῶν
717 4106 952 4189 προιιρημένωνς
982 4103 1067 4171 Ἀλλά
1086 4106 1137 4170 καί
1158 4102 1255 4187 ἀρκεῖ-

105 4210 181 4266 σθαι
199 4197 276 4284 μάλα
298 4195 428 4284 ήγοῦμαι
448 4213 512 4279 ταῖς
533 4213 587 4271 τοῦ
609 4212 745 4292 σωτῆρος
766 4217 882 4288 ῳοιναῖς
903 4210 953 4274 καλ
979 4205 1135 4288 ἀληθιναῖς
1153 4205 1254 4286 λέξεσι,

105 4300 184 4381 πρός
204 4301 241 4378 ἃς
261 4298 317 4368 ούιι
339 4297 535 4384 ήδννήθησαν
556 4305 741 4391 ἀντωπήσαι,
764 4305 832 4375 οὔτε
853 4308 930 4396 πρός
950 4306 983 4375 τό
1004 4303 1196 4393 βραχύτατον.

141 4525 200 4576 Cn.
216 4528 258 4577 lv.
276 4555 309 4569 ·-
344 4526 367 4579 1.
384 4526 502 4587 metipsi
518 4524 552 4581 ἔνι
567 4543 611 4592 μιν
627 4529 669 4595 ἐν,
685 4536 749 4594 quod
761 4539 832 4599 υιιλςο
845 4541 916 4588 ταλαί.
