3046 5084
425 367 560 454 rnunun
577 368 640 419 utu.
655 362 675 419 t.
692 367 775 420 ron.
789 369 831 418 m.
849 369 946 420 naun.
1199 356 1261 421 tur

106 486 253 552 sinceram
270 487 408 574 stirpem,
432 485 570 551 videlicet
587 483 728 568 Sellium,
752 488 887 574 protulit,
911 511 1004 574 aquo
1022 489 1191 555 uuiversum
1209 509 1260 575 ge·

106 609 163 654 nus
180 589 327 655 bominum
346 589 486 654 manavit.
530 586 687 654 Postremo
705 590 845 675 principia
869 602 898 654 et
920 602 1079 677 potestates
1103 604 1260 678 ceteraque

108 704 140 757 ut
161 692 210 758 ulii
232 692 329 757 omnia
352 701 494 756 statuunt.

192 895 266 964 Vll.
303 897 485 962 Archontioi.
531 895 637 962 Plures
654 897 703 962 isti
720 900 754 962 ad
775 898 919 984 principes
939 899 1076 963 uuircrsa
1096 900 1260 963 relerentes

109 1022 306 1088 quaecumque
323 1003 397 1065 lacta
414 999 531 1065 suntab
551 1001 608 1064 illis
622 1012 687 1065 orta
701 1001 849 1064 deliniunt.
898 1000 1014 1065 Habent
1028 1012 1058 1065 et
1076 1002 1261 1066 foedissimae

108 1105 251 1190 quoddam
274 1101 401 1167 libidinis
421 1123 527 1186 geraus.
573 1099 680 1168 Carnis
700 1103 945 1167 resurrectionem
969 1116 1120 1190 respuunt.
1168 1102 1261 1168 Vetus

110 1205 334 1271 Testamentum
350 1204 531 1270 calumniose
550 1204 697 1269 reiiciunt.
744 1203 924 1290 Quamquam
949 1215 979 1270 et
1000 1208 1053 1269 buc
1076 1217 1105 1269 et
1123 1228 1200 1270 nonu
1217 1207 1260 1270 in·

109 1329 199 1396 super
220 1329 426 1393 nunnunquam
450 1317 585 1386 utantur,
618 1307 783 1393 exquibus
808 1307 938 1389 singulas
960 1308 1080 1372 voculas
1101 1308 1202 1373 callide
1226 1309 1261 1371 ad

109 1421 236 1476 meatem
260 1432 340 1476 suant
364 1411 596 1474 accommodant.

196 1510 283 1577 Vlll.
318 1509 508 1578 Cerdoniani.
555 1509 738 1577 ACerdune
756 1511 812 1576 orti
830 1524 914 1591 sunit,
946 1513 993 1597 qui
1012 1534 1096 1597 quem
1114 1512 1150 1576 ab
1166 1511 1262 1577 Hera·

111 1616 166 1680 cliu
188 1636 319 1681 errorem
342 1616 481 1680 hauserat
503 1616 588 1678 nuris
610 1615 737 1678 inventis
761 1616 893 1680 adauxit.
940 1617 985 1678 Ac
1009 1638 1073 1679 euna
1099 1614 1221 1679 Rumam
1246 1637 1262 1678 e

112 1715 200 1806 Syria
218 1720 366 1804 prolectus
383 1729 481 1796 esset,
510 1715 618 1804 Hygini
637 1738 728 1803 papae
749 1718 927 1804 temporibus
947 1739 1000 1782 sna
1019 1719 1152 1803 dogmata
1170 1719 1262 1782 disse-

112 1821 244 1885 minavit.
292 1818 359 1884 Duo
386 1840 474 1906 porro
499 1819 639 1904 principia
663 1821 809 1884 contraria
836 1821 960 1884 invicem
985 1821 1118 1884 affirmat.
1164 1818 1264 1905 Negat

112 1920 260 1988 Christum
286 1945 352 1989 esse
375 1922 517 2007 genitum.
561 1920 747 1985 Mortuorum
772 1922 979 1986 excitationem
1005 1945 1069 1985 cnm
1096 1933 1196 1987 vetere
1220 1932 1262 1985 te-

111 2037 256 2091 stameutu
279 2026 384 2089 reiicit.

197 2126 256 2192 lX.
289 2125 514 2193 Marcionistae.
560 2125 675 2191 Marcio
693 2127 831 2192 oriundus
853 2148 891 2190 ex
911 2124 1004 2191 Ponto
1021 2126 1159 2213 episcopo
1182 2136 1263 2213 patre

112 2241 282 2312 natusest,
314 2253 330 2295 a
355 2254 411 2316 qaru
435 2230 471 2293 ub
494 2229 618 2314 virginis
640 2242 771 2316 stuprum
795 2231 906 2294 eiectus
929 2251 967 2293 ex
991 2231 1114 2294 ecclesia
1139 2227 1261 2293 Romam

112 2334 234 2419 aufugit.
281 2331 337 2399 Ubi
354 2356 418 2398 cum
435 2333 471 2397 ab
487 2333 535 2410 iis,
560 2333 607 2418 qui
626 2344 684 2396 tum
702 2333 845 2397 ecclesiae
862 2343 1030 2419 praeerant,
1055 2331 1262 2418 poenitentiam

112 2439 219 2503 frustra
240 2437 434 2523 postulasset,
471 2435 640 2499 catholicam
667 2436 750 2499 fidem
778 2456 945 2521 oppugnare
972 2436 1106 2499 instituit.
1152 2435 1263 2519 Quam·

111 2539 211 2605 obrem
229 2540 282 2603 tria
301 2559 366 2606 csse
385 2537 524 2625 principia
542 2539 634 2619 dixit,
658 2538 783 2616 bonum,
808 2540 915 2601 iustum
935 2547 964 2601 et
981 2537 1098 2600 malum.
1143 2536 1262 2602 Novum

111 2653 316 2706 testamentum
332 2663 349 2705 a
367 2652 467 2707 vetere
483 2642 670 2726 eiusdemque
684 2652 804 2705 auctore
823 2640 948 2704 alienum
966 2662 1032 2705 esse
1048 2642 1156 2705 docuit.
1189 2638 1263 2706 Cur·

111 2746 157 2810 uis
172 2744 418 2810 resurrectionem
434 2745 562 2810 sustulit.
591 2742 662 2808 Non
679 2765 766 2807 urturu
782 2744 925 2831 baptisma
939 2747 1091 2823 duntaxat,
1110 2745 1263 2808 sedetiam

110 2849 166 2913 tria
181 2858 247 2935 post
262 2847 398 2911 delictum
412 2847 552 2931 indulget.
582 2843 641 2909 Pru
656 2845 777 2911 mortuis
792 2846 906 2911 illoram
923 2848 1140 2911 catechumenis
1155 2847 1264 2933 baptis·

111 2973 187 3017 mum
204 2951 252 3017 ulii
269 2951 441 3036 suscipiunt.
472 2948 649 3014 Mulieribus
665 2951 799 3014 cuttlerre
817 2949 988 3036 baptismum
1004 2952 1068 3014 siue
1087 2951 1144 3014 allo
1162 2951 1264 3014 discri-

111 3054 190 3119 mine
211 3055 363 3140 permittit.

194 3155 239 3222 X.
273 3157 490 3223 Luciaoistae.
520 3154 671 3220 Lucianus
698 3154 741 3221 bis
766 3155 928 3241 antiquior,
963 3179 1019 3219 nun
1045 3155 1119 3219 alter
1141 3155 1190 3218 ille
1216 3154 1263 3239 qui

112 3256 308 3327 Constantino
323 3262 483 3348 imperante
500 3259 614 3340 lluruit,
638 3259 668 3323 in
685 3259 818 3324 omuibus
831 3257 995 3323 Marcionis
1013 3259 1145 3343 vestigiis
1163 3257 1263 3321 iubae·

110 3365 159 3430 sit.
206 3364 270 3431 Etsi
294 3364 462 3450 quibusdam
485 3363 607 3427 adiectis
630 3361 803 3427 cumulatius
826 3361 931 3447 aliquid
955 3362 1061 3424 docere
1084 3360 1203 3423 studuit.

193 3568 254 3636 Xl.
293 3569 452 3657 Apelliani.
503 3568 623 3654 Apelles
649 3568 783 3633 similiter
809 3579 895 3652 atque
916 3564 1033 3630 Marcio
1061 3577 1088 3629 et
1114 3563 1263 3631 Lucianns

109 3675 243 3763 quiequid
269 3674 415 3739 conditum
441 3684 487 3738 est
510 3694 574 3736 cum
600 3671 664 3758 ipso
692 3670 842 3735 conditore
867 3671 1025 3755 vituperat.
1070 3666 1140 3731 Non
1166 3679 1263 3734 tamen

110 3778 185 3857 tria,
214 3789 247 3842 ut
262 3778 323 3857 illi,
353 3777 509 3864 principia,
541 3776 592 3839 sed
609 3796 697 3838 unum
714 3785 822 3838 tautum
839 3773 970 3848 iuncxit,
1002 3771 1158 3857 itidemque
1177 3773 1262 3837 deum

111 3904 199 3947 uuum
223 3902 257 3946 ac
280 3902 446 3967 supremum
470 3890 501 3943 et
521 3877 646 3943 nominis
670 3888 839 3961 expertem,
873 3876 919 3960 qui
940 3875 1116 3959 singularem
1139 3875 1262 3941 alterum

109 3985 322 4073 procreaverit.
370 3981 509 4066 Quicum
529 3982 622 4046 malus
640 3982 803 4057 evasisset,
828 3979 963 4043 mundum
987 3999 1039 4042 sna
1059 3978 1106 4042 illa
1126 3979 1263 4065 improbi·

109 4099 170 4154 tate
192 4089 331 4153 condidit.

195 4188 270 4254 Xll.
306 4187 474 4255 Severiaui.
521 4184 653 4251 Severus
673 4185 719 4250 bic
739 4185 851 4272 Apellis
871 4187 984 4250 assecla
1004 4186 1101 4251 vinum
1120 4208 1155 4251 ac
1175 4187 1262 4253 vitem

144 4379 184 4434 13.
200 4377 247 4447 τὴν
263 4376 369 4433 παλαιὰν
385 4381 484 4430 locamus
499 4379 609 4429 flumme.
737 4376 776 4429 15.
792 4369 947 4430 'dnsllnuacl
962 4376 1060 4428 locanes
1071 4379 1181 4429 Dumuac.
1219 4380 1263 4429 fle·

146 4445 186 4503 ts.
202 4450 290 4514 καιροῦ
305 4444 460 4515 ἡγουμένους
471 4444 521 4512 τῆς
532 4442 670 4511 ἐκκλησίας
701 4460 761 4509 ponc
779 4440 959 4530 ’Aucupiuncl

109 4524 180 4584 supet
196 4520 294 4571 bunna
310 4520 420 4568 Dumusc.
741 4512 779 4568 16.
797 4512 962 4584 ἐποχουμονος
979 4518 1076 4567 truanes
1090 4517 1201 4568 Domum.
