3046 5084
518 1251 992 1340 EPISTOLA

178 1479 265 1529 anno
283 1455 480 1530 Diocletiani
496 1456 625 1548 xum,
651 1456 877 1530 Valentiniani
894 1463 928 1528 ιι
946 1454 1096 1529 Valentia
1114 1455 1213 1547 XII„
1242 1455 1329 1531 Gra·

178 1574 260 1649 tiuhi
275 1572 389 1677 vul„
415 1576 457 1649 ad
476 1573 699 1672 Epiphanium
718 1575 944 1650 Palaestinum
962 1572 1329 1672 Eleutheropolitrnum

178 1686 323 1790 scripte,
345 1693 409 1788 pei
434 1718 505 1766 cum
521 1694 599 1767 olim
620 1695 813 1768 monasterii
832 1695 919 1789 quod
941 1690 976 1766 in
996 1691 1327 1793 Eleutheropolitano

176 1836 258 1909 egro
275 1814 376 1885 situm
392 1819 443 1885 est
467 1819 561 1908 peter
577 1812 712 1905 luisset,
738 1813 800 1887 hoc
817 1821 964 1910 tempore
985 1812 1218 1904 Constantine,
1245 1836 1328 1908 quae

175 1932 256 2006 nrhs
272 1937 324 2004 est
336 1931 524 2027 prouinciae
544 1930 666 2026 Cypri,
692 1932 864 2028 episcopua
882 1939 951 2023 ιιι,
975 1933 1014 2004 ah
1034 1931 1154 2005 Aeacio
1173 1940 1206 2006 et
1221 1932 1326 2008 Paulo

176 2050 383 2147 preshyteris
409 2056 442 2124 et
461 2050 744 2140 archimandritis,
777 2049 840 2122 hoc
862 2057 914 2123 est
930 2051 1207 2124 monasteriorum
1229 2077 1328 2148 prae-

176 2169 315 2265 positis,
349 2169 384 2241 in
409 2170 545 2265 regione
570 2167 792 2243 carchedonis
808 2175 855 2240 -ct
880 2169 1026 2241 Beroeee
1053 2169 1170 2244 Coeles
1195 2170 1327 2264 Syriae,

178 2311 242 2383 qua
266 2289 437 2384 postulant
462 2295 500 2361 ut
522 2289 683 2363 adversus
715 2286 868 2360 haereses
893 2287 1070 2378 scriberet,
1105 2313 1178 2361 cum
1209 2290 1275 2363 iarn
1307 2316 1326 2366 a

224 2406 338 2480 multis
357 2407 494 2505 insuper
512 2415 649 2504 rogatus
674 2413 712 2480 ιιι
730 2406 792 2480 hoc
812 2407 1012 2502 susciperet,
1038 2411 1155 2499 utque,
1180 2415 1218 2480 ut
1234 2410 1280 2483 ita

533 2527 657 2618 dicum,
681 2533 810 2600 coactus
836 2526 965 2601 luisset

259 2826 387 2893 Domino
403 2849 468 2892 meo
482 2829 707 2894 honoratissimo
724 2841 810 2914 atque
826 2832 854 2892 in
870 2829 1003 2893 omnihus
1015 2829 1236 2914 religiosissimo
1251 2832 1326 2916 patri

175 2926 351 3016 Epiphanio,
375 2931 524 3017 episcopo,
547 2931 676 2996 Aeacius
694 2942 724 2995 et
741 2929 851 2996 Peulns
867 2931 1043 3018 presbyteri,
1067 2931 1323 3013 archimandritae,

175 3032 205 3096 in
228 3032 344 3097 domino
366 3033 499 3097 salutem.

258 3132 382 3199 Pietatis
402 3135 516 3219 quidem
536 3144 621 3213 tuce,
652 3145 752 3220 pater,
783 3146 918 3220 aspectus
938 3135 1002 3220 ipse
1019 3135 1090 3199 satis
1109 3156 1176 3199 esse
1196 3145 1323 3221 poteret,

175 3238 223 3323 qui
242 3258 296 3301 nos
312 3237 490 3322 spiritalibus
507 3236 691 3300 sermonibus
709 3237 856 3323 implevit,
880 3259 914 3300 ec
930 3248 988 3300 tam
1006 3238 1165 3301 vehemens
1183 3235 1266 3299 nohis
1283 3234 1325 3298 tui

175 3339 351 3403 desiderium
365 3337 479 3416 indidit,
497 3348 647 3423 postquam
664 3349 713 3403 tuo
728 3341 820 3404 semel
836 3340 891 3404 fcni
907 3350 1064 3425 conspectu
1079 3338 1172 3402 licuit.
1213 3334 1324 3400 Verum
1350 3349 1354 3356 '

174 3441 309 3526 quonium
334 3441 452 3526 praevie
476 3440 608 3525 discipuli
631 3435 742 3505 Christi
764 3444 841 3505 lama
864 3443 1020 3506 verborum
1042 3440 1104 3503 eius
1125 3440 1324 3523 laetorumque

174 3543 361 3626 fragrantiam
379 3542 483 3626 uhique
499 3542 660 3627 praedicat,
684 3545 765 3627 augit
782 3566 836 3607 nos
854 3555 884 3608 ιι
899 3543 1035 3608 ιοιιίιίιιι
1051 3550 1081 3602 ut
1097 3539 1173 3602 illius
1188 3560 1243 3604 nos
1259 3560 1324 3605 ser·

175 3643 309 3707 monibus
332 3665 366 3708 ae
392 3644 488 3708 sensis
513 3644 634 3730 explere
655 3645 835 3709 studeamus.
882 3643 988 3710 Coram
1008 3641 1097 3723 igitur
1115 3641 1254 3706 adeuntes
1273 3663 1324 3728 par

174 3752 238 3806 erat
259 3744 322 3808 eius
348 3767 422 3830 quus
447 3746 478 3810 iu
504 3730 533 3809 te
559 3747 680 3832 perinde
705 3760 790 3832 atque
816 3748 845 3809 in
870 3744 1010 3829 apostolis
1036 3753 1082 3807 est
1107 3743 1219 3828 gratiae
1244 3765 1324 3807 com-

175 3844 313 3908 munione
338 3848 484 3931 perfundi.
531 3845 591 3913 Sed
616 3870 680 3912 cum
706 3849 762 3912 iter
784 3848 852 3911 illud
875 3845 958 3908 nohis
978 3845 1108 3930 corporis
1126 3845 1277 3930 aegritudo
1295 3856 1325 3909 et

174 3947 299 4031 languor
316 3944 531 4030 intercluserit,
561 3950 679 4014 minime
697 3951 752 4036 ipsi
771 3949 915 4035 potuimus
934 3946 969 4010 ud
987 3948 1076 4033 pedes
1095 3958 1161 4013 tuos
1179 3947 1323 4033 provoluti

174 4047 321 4135 spiritales
335 4059 510 4136 sanctosque
525 4072 678 4117 sermones
691 4073 731 4116 ex
744 4072 796 4115 ore
810 4061 858 4113 tuo
871 4060 1021 4114 manantes
1035 4050 1135 4114 audire
1150 4071 1185 4112 ac
1195 4050 1321 4113 discere.

207 4237 231 4289 8.
247 4232 471 4304 indomitum.
505 4238 553 4304 μοῦ
570 4238 621 4288 cod
635 4239 731 4301 ltlndc'p.
809 4237 847 4287 ll.
865 4233 951 4304 ἐπειδὴ
970 4240 1020 4288 cod.
1038 4243 1111 4288 ιἰιιιι.

173 4313 196 4357 ct
209 4308 263 4356 edd.
808 4305 846 4355 12.
864 4305 911 4369 τῆς
926 4305 1094 4370 ταλαιπωρίας
1111 4308 1162 4356 cod.
1177 4309 1250 4356 remo.

207 4371 230 4425 9.
249 4365 308 4441 ἄχρι
321 4375 365 4423 ιιι.
376 4374 489 4435 Scotiper.
506 4374 533 4422 ln
544 4386 604 4434 seqq.
613 4374 683 4434 culpo
695 4374 732 4422 dt·
808 4371 846 4423 13.
865 4370 924 4432 σοὺς
938 4371 1018 4432 πόδας
1034 4376 1085 4423 cod.
1101 4376 1176 4422 Venet.

174 4445 293 4505 ottnpnont
310 4439 475 4507 xcpccha‘pucu,
495 4437 547 4494 ἔδει
562 4444 613 4490 cett.
809 4434 846 4491 ll.
864 4437 988 4507 στόματος
1004 4443 1049 4493 σοῦ
1066 4442 1117 4490 ced.
1135 4444 1208 4490 t'euct

210 4508 248 4559 10.
267 4523 306 4560 σοι
322 4507 443 4574 δοθείσης
459 4511 510 4559 cod.
526 4511 601 4559 Venct.

1071 4593 1122 4658 1*
