3046 5084
179 333 239 395 618
596 344 905 395 σιμονιυεινιιιαυ

177 460 309 546 Ἀβραοίμ
324 470 466 547 μαρτυρεῖ
476 468 516 549 τῷ
528 460 609 549 νόμῳ
623 463 780 537 Μωυσέως
793 463 844 526 καλ
857 469 919 537 τοῖς
930 458 1109 546 προφήταις,
1131 459 1204 529 οιίδέ
1217 460 1262 540 είς
1275 462 1331 529 οιίιι

178 564 264 638 ελδοίς
279 562 315 628 τό
332 568 364 628 ἐκ
378 561 491 628 τούτων
508 561 732 646 α’ποβησόμενα,
755 561 826 627 οίλλό
842 561 914 646 μεταλ
929 562 962 628 τό
979 566 1011 630 έν
1025 568 1112 653 πείρην
1125 567 1268 650 γενέσθαι
1280 574 1333 649 τῆς

178 668 239 731 έκεῖ
259 665 459 740 ἀναπαύσεως.
505 665 590 730 Μετολ
611 664 666 752 γόρ
684 665 816 749 τελευτήν
833 674 1020 751 μαρτυρεῖται
1043 662 1103 732 όπό
1126 674 1181 732 τοῦ
1198 675 1333 753 σωτῆρος

177 770 208 834 έν
227 775 262 857 τή
277 772 432 856 παραβολῇ
454 778 517 844 τοῖς
532 776 585 833 τοῦ
601 768 697 850 νόμον
714 768 839 853 δόγμασι
859 770 911 832 καλ
924 767 1093 855 προφήταις
1114 767 1169 853 τήν
1182 776 1332 857 σωτηρίαν

56 899 105 942 pag.
118 889 162 931 σου.
176 870 372 953 κτησόμενος,
401 873 451 935 καλ
468 878 558 935 ταῦτα
576 870 633 955 πρό
654 878 706 936 τοῦ
720 871 815 954 νόμον
831 869 951 956 πράξας.
995 867 1121 954 Ὁμοίως
1139 873 1172 939 δέ
1189 874 1244 939 καλ
1259 872 1332 951 τοδς

178 972 248 1056 μετοί
271 981 362 1037 ταῦτα
383 973 433 1039 τόν
456 971 547 1055 νόμον
567 972 752 1055 φυλάξαντας
775 976 826 1037 καλ
847 971 1016 1059 προφήταις
1033 970 1267 1053 όπακοόααντας
1290 980 1332 1054 είς

177 1074 226 1141 τόν
240 1075 352 1141 κόλπου
369 1074 460 1140 αὐτοῦ
477 1072 567 1153 εἶναι,
596 1078 648 1139 καὶ
664 1079 706 1152 εἰς
721 1074 774 1157 τήν
787 1073 864 1158 ζωήν
879 1072 938 1157 μετ’
954 1073 1046 1141 αὐτοῦ
1064 1073 1195 1143 είπιέναι·
1227 1070 1274 1145 τόν
1288 1076 1332 1156 είς

177 1172 215 1260 ἦν
231 1177 381 1260 Λάζαρος,
405 1176 424 1242 δ
440 1176 490 1243 διαὶ
509 1176 602 1259 νόμου
619 1180 670 1242 καὶ
684 1184 849 1263 προφητῶν
865 1180 1060 1255 καταξιωθελς
1073 1184 1199 1257 ζωτικοῦ
1215 1179 1332 1247 κόλπον

180 1288 232 1363 τῆς
253 1287 307 1345 τοῦ
328 1277 459 1366 Ἅβραόμ
480 1279 701 1366 μακαριότητος.

261 1484 346 1568 Σηόλ.
363 1484 416 1566 μζ’.
453 1486 612 1579 Παρέκρψε
637 1483 686 1564 τό,
718 1486 839 1571 Λέγετε,
879 1482 1031 1569 Ιοείχρεῖοι
1053 1488 1154 1551 δοῦλοί
1179 1488 1283 1571 έσμεν·
1313 1488 1333 1555 δ’

179 1585 340 1669 ω’φείλομεν
362 1595 497 1669 ποιήσαι,
520 1587 731 1670 πεποιήκαμεν.

252 1689 369 1775 Ἔλεγχ.
383 1689 436 1771 μζ.
468 1692 528 1754 Καὶ
540 1688 573 1755 τό
587 1689 716 1770 ἀσφαλές
728 1697 782 1773 τῆς
795 1697 847 1757 τοῦ
861 1695 968 1774 κυρίου
982 1692 1172 1766 διδασκαλίας
1184 1688 1223 1757 οό
1236 1720 1331 1779 παρα-

178 1795 296 1875 δέχεται.
339 1791 623 1874 Ἐπασφαλιζόμενος
638 1791 693 1877 γολρ
709 1791 779 1868 τοός
793 1795 901 1857 ἑαυτοῦ
915 1790 1069 1874 μαθηταίς,
1090 1796 1143 1857 ἰ’να
1155 1792 1200 1877 μή
1213 1794 1266 1861 διαί
1279 1802 1333 1879 τῆς

178 1892 362 1980 όπερφανίας
379 1893 544 1960 α’πολέσωσι
558 1893 610 1961 τόν
626 1893 736 1977 μισθόν
753 1903 806 1960 τοῦ
822 1898 927 1981 έργου,
949 1906 1192 1979 ταπεινοφρονεῑν
1206 1900 1331 1965 ἐνουθέ-

177 2024 226 2062 τει.
275 1990 370 2072 Οὗτος
385 1999 417 2062 δέ
433 1996 469 2063 οὕ
484 2000 684 2083 παραδέχεται.
735 1996 827 2086 Τύφῳ
845 1996 898 2083 γόρ
915 1994 989 2062 κατα
1005 1995 1100 2063 πάντα
1117 1998 1258 2089 ἐπήρθη,
1279 2004 1331 2067 καλ

177 2097 232 2165 οὐκ
254 2097 386 2187 οίληθείρι.

260 2201 344 2286 Σγόλ.
361 2200 418 2286 μή.
441 2200 513 2266 Ὅτε
530 2201 716 2285 συνήντησαν
732 2204 763 2267 οί
778 2203 849 2267 δέκα
863 2206 972 2286 λεπροί.
1014 2198 1163 2285 Ἀπέκοψε
1174 2206 1209 2271 δδ
1224 2204 1329 2285 πολλεί,

177 2308 228 2371 καὶ
241 2308 387 2387 ἐποίησεν,
408 2303 585 2370 Ἀπέστειλεν
598 2302 707 2381 αδτοδς
719 2304 820 2388 λέγων,
843 2308 963 2382 Δείξατε
974 2302 1099 2381 έαυτοός
1115 2314 1224 2385 Ητοῖς
1237 2312 1330 2395 ίερεΐι·

176 2430 219 2486 σι,
248 2410 299 2472 καὶ
317 2406 387 2470 ίίλλα
403 2404 463 2471 α’ντ’
483 2405 576 2471 ἄλλων
592 2410 725 2489 έποίησε,
755 2409 846 2493 λέγων
863 2406 926 2487 ότι,
957 2409 1067 2473 Πολλοί
1084 2412 1190 2495 λεπροὶ
1203 2402 1283 2493 ἦσαν
1298 2412 1331 2477 έν

176 2509 298 2594 ήμίραις
312 2508 475 2575 Ἐλισσαίου
494 2517 547 2576 τοῦ
566 2508 737 2596 προφήτου,
760 2512 810 2575 καὶ
828 2507 885 2575 ου’κ
903 2512 1091 2595 έκαθαρίοθη
1107 2514 1135 2577 εί
1150 2510 1193 2596 μή
1210 2510 1330 2597 Νιεμίν

175 2611 193 2678 o‘
214 2612 321 2698 Σύρος.

250 2715 367 2800 Ἔλεγχ.
385 2713 441 2798 μη’.
475 2715 535 2779 Καὶ
555 2716 686 2779 ἐνταῦθα
703 2713 863 2800 προφήτην
883 2713 936 2781 τόν
952 2713 1122 2783 Ἐλισσαῖον
1139 2724 1225 2783 καλεῖ
1241 2714 1261 2785 ό
1277 2715 1329 2785 τιό·

175 2845 251 2902 ριος,
282 2820 333 2882 καὶ
348 2815 452 2882 ἑαυτόν
466 2824 635 2903 πληροῦντα
652 2815 687 2881 τό
703 2817 851 2892 έσοτόπως
867 2814 935 2904 παρ’
952 2820 1067 2884 έκείνου
1082 2822 1327 2907 προγεγενημένα,

174 2924 224 2985 ἵνα
242 2923 340 3010 έλέγχη
357 2925 526 3005 Μαρκίωνα
542 2922 592 2985 καί
609 2919 722 2996 πάντας
738 2918 808 2997 νοός
826 2918 1007 2999 ἆθετοῦντας
1022 2928 1100 2987 θεοῦ
1119 2922 1286 3008 προφήτας.

261 3124 345 3208 Σχόλ.
365 3124 427 3208 μέλ’.
459 3122 646 3191 Ἐλεύσονται
664 3121 786 3212 ήμέραι,
816 3124 888 3191 ὅταν
905 3124 1109 3211 έπιθυμήσητι
1134 3132 1250 3211 ι’μίαν
1268 3136 1328 3197 νῦν

175 3228 293 3316 ήμερσῑν
313 3236 366 3294 τοῦ
388 3232 457 3293 υἱοῦ
478 3236 530 3294 τοῦ
551 3226 726 3314 οίνθρυίπου.

250 3331 368 3417 Ἔλεγχ.
385 3331 447 3415 μθ’.
480 3334 522 3395 Et
539 3329 649 3414 ἡμέρας
667 3328 805 3416 είριθμεῖ,
826 3332 878 3396 καλ
894 3329 1001 3417 χρόνον
1018 3336 1169 3415 σημαίνει,
1190 3336 1244 3401 καλ
1259 3332 1328 3403 υίόν

176 3432 340 3521 α’νθρόπου
356 3436 430 3519 λέγει
447 3433 568 3513 ἑαυτόν,
591 3432 649 3519 ἄρα
664 3436 715 3499 καλ
728 3435 833 3519 μέτρον
848 3432 965 3517 ήλικέας
977 3430 1123 3515 όπέδειξε,
1145 3438 1197 3503 καλ
1209 3434 1328 3523 ήμιρὸε

175 3545 227 3601 τοῦ
245 3537 432 3623 κηρύγματος
449 3536 622 3622 ὑπόδειγμα.
669 3534 734 3602 Οόκ
750 3534 880 3622 ἄσαρκος
901 3528 956 3601 οὖν
974 3532 992 3603 ό
1009 3537 1111 3625 λόγος,
1141 3534 1202 3605 ἄλλ’
1219 3542 1253 3613 ίν
1269 3537 1327 3609 σθ’-

176 3666 243 3721 ματι
263 3637 285 3723 ή
307 3638 434 3706 εόδοκία.

259 3843 345 3927 Σγόλ.
361 3844 394 3908 ν’.
428 3842 508 3910 Είπέ
528 3871 572 3922 τις
588 3843 665 3931 πρός
681 3843 788 3925 αότόν,
819 3842 985 3911 Διδάσκαλε
999 3840 1112 3931 είγαθέ,
1145 3850 1182 3913 Τί
1199 3846 1329 3933 ποιήσεις

175 3947 252 4030 ζωήν
269 3946 389 4013 αἰώνιον
406 3946 633 4033 κληρονομήσας
655 3944 730 4012 ·¹⁸o‘
747 3949 793 4027 δέ,
823 3948 881 4031 Μή
896 3948 1010 4033 μιλέγε
1026 3944 1158 4035 ‹37qu-
1188 3946 1234 4027 τίς
1249 3952 1329 4019 lm

175 4049 290 4135 α’γαθδς
315 4046 376 4115 ¹⁹o‘
397 4050 477 4127 θεός.
523 4052 735 4135 mociano
757 4053 885 4131 ίκεῖνος,
911 4048 946 4115 Ὁ
966 4048 1078 4137 πατήρ·
1106 4052 1160 4117 καλ
1176 4048 1245 4119 inl
1261 4058 1328 4137 κοῦ,

180 4152 238 4229 Τοίς
260 4152 377 4230 ἐντολοὶς
398 4152 496 4231 σίδας,
518 4156 608 4239 λέγει,
635 4152 694 4231 Τοίς
714 4152 833 4231 έντολός
853 4150 930 4220 οἶδα.

251 4253 368 4340 Ἔλεγχ.
385 4255 419 4321 ν’.
444 4256 510 4321 Ἵνα
525 4254 565 4339 μή
581 4261 660 4348 δείξη
677 4254 729 4334 τοίς
743 4255 862 4334 έντολοίς
877 4254 936 4341 ήδη
951 4258 1220 4344 προγεγραμμένος,
1240 4260 1327 4347 λέγει,

211 4446 247 4495 15.
265 4449 343 4509 Supra
357 4440 511 4517 ίίτεᾰγρεῖοε.
538 4448 729 4502 Vocabulum&
799 4447 839 4501 16.
855 4455 908 4510 τοῖς
926 4464 974 4501 ποτε
992 4454 1057 4501 estu!
1075 4452 1102 4501 ίκ
1120 4452 1248 4515 ταφήια.
1281 4456 1328 4507 Ιο-

173 4530 239 4579 γετε,
252 4518 314 4577 ηυοά
327 4519 473 4567 desideratur
484 4522 511 4567 τ’τι
524 4520 578 4567 αλλ.
591 4522 677 4581 μήτε,
688 4522 733 4571 Pe·
766 4522 840 4571 sumu
855 4522 968 4571 Ραοαίυε
982 4532 1013 4571 ετ
1028 4520 1080 4571 οοιλ.
1092 4520 1167 4571 m.

174 4586 252 4633 ιουίυε
268 4596 297 4632 ετ
312 4587 364 4635 τοο.
381 4586 452 4637 ratic.
469 4588 575 4639 ττιλλιυίι.
