3046 5084
397 355 533 407 asuaau
550 356 614 408 ma.
626 356 647 407 ι.
663 354 745 408 ron.
758 354 801 406 ιιι.
817 353 916 405 esen.
928 353 1009 404 ιιιιι.
1218 344 1278 406 653

218 471 320 540 Sobel.
338 471 412 537 Vlll
428 485 458 539 el
474 472 563 540 XVI.
597 477 742 557 Numqud
760 479 794 537 dc
815 477 901 536 bobus
921 495 991 534 curo
1012 484 1057 533 est
1074 477 1147 535 deo?

214 574 316 639 llelut.
335 573 408 640 Vlll
425 587 456 640 et
471 575 559 641 XVI.
595 577 721 642 Abunde
734 587 874 641 tractatus
892 575 937 638 bic
955 575 1035 639 locus
1053 587 1114 654 est,
1140 587 1170 640 et
1185 579 1213 639 in
1232 598 1281 640 su-

129 677 238 762 periori
255 677 350 763 capite
365 678 483 743 euobis
500 681 664 766 expositas.
701 677 828 764 Ideoque
843 698 1091 763 supervacaneum
1108 678 1163 741 rati
1179 681 1279 742 endem

129 780 225 844 denuc
247 791 382 865 repetere
404 781 441 845 iis
463 803 537 866 qaae
560 783 637 846 dicta
659 793 728 846 sunt
749 780 878 846 contenti
900 800 968 844 esse
988 779 1137 844 debemus.

214 879 315 946 Schol.
335 880 380 946 IX
397 895 427 947 et
443 880 548 948 XVII.
582 888 656 947 Nolo
674 889 745 947 ennio
763 907 812 946 uos
829 890 978 964 agnocere,
994 886 1124 965 footrm,
1150 888 1278 965 quoniam

124 997 224 1066 potres
241 991 336 1047 nostri
352 988 405 1048 sub
422 988 642 1070 modestorum,
675 999 703 1049 et
716 1010 809 1050 omnes
827 1009 904 1048 more
922 991 1110 1060 transierunt,
1143 998 1171 1047 et
1187 1008 1280 1047 omncs

128 1093 241 1151 condem
263 1111 353 1152 ccccm
376 1092 530 1170 eptm‘tolem
554 1095 799 1153 manducaverunt.
844 1091 983 1151 Ba'bebont
1001 1094 1072 1150 em'm
1099 1093 1134 1149 de
1155 1092 1283 1169 speritolr'

130 1203 314 1273 consequente
330 1213 376 1253 cos
389 1204 483 1273 petro,
504 1205 588 1274 petro
603 1205 694 1257 cutem
709 1205 776 1256 erot
787 1197 926 1254 Cdrr‘stus.
973 1196 1096 1252 Sednon
1110 1192 1280 1272 amplioribus

128 1315 222 1356 eorum
245 1296 446 1375 beneplmitum
466 1307 510 1357 est
528 1299 590 1357 deo.
635 1301 713 1358 Haec
728 1307 820 1357 cutem
837 1300 866 1356 in
875 1297 981 1373 figure
989 1297 1074 1377 sacto
1090 1306 1159 1355 cunt
1175 1299 1276 1366 uostm'‚

129 1408 161 1458 ut
180 1419 236 1459 uon
251 1401 339 1458 somus
352 1402 576 1478 concupiscentes
592 1401 744 1472 modorum,
775 1404 852 1459 ment
866 1399 1058 1477 altissimum,
1090 1418 1178 1478 neque
1193 1399 1280 1457 idolo-

128 1521 191 1561 rum
205 1503 329 1561 cultores
341 1502 514 1584 ffcobmtbi
538 1505 615 1562 sobut
628 1505 739 1582 quadum
750 1523 787 1562 cc
800 1505 880 1580 ipsas,
905 1503 1130 1580 quemadmodum
1144 1505 1278 1581 scribtum

128 1614 184 1664 est.-
205 1606 287 1664 Sedit
294 1606 417 1682 populus
433 1607 602 1664 manducem
615 1615 645 1665 ct
658 1605 765 1677 bebere,
790 1615 820 1663 et
832 1615 1021 1664 surrexerunt
1033 1606 1138 1664 ludere.
1182 1605 1279 1682 Neque

129 1715 264 1766 tentemus
280 1708 437 1779 Christum,
469 1726 561 1790 usque
577 1707 611 1769 ad
626 1705 675 1768 illa
689 1704 796 1768 verba:
829 1710 905 1766 Haec
920 1716 1012 1766 cutem
1029 1711 1120 1767 omorio
1136 1710 1165 1766 s'u
1174 1707 1279 1785 figura

128 1809 328 1887 contingebant
348 1811 423 1882 ctos,
447 1812 554 1890 scm‘ptu
575 1819 643 1870 sunt
661 1819 752 1869 nutem
774 1809 854 1869 nodis
875 1819 928 1868 etc.

212 2011 376 2077 Rebrtle
391 2025 421 2076 et
433 2011 537 2078 XVII.
570 2009 766 2077 0inauditam
782 2012 954 2076 amentiaml
984 2010 1059 2094 Quis
1073 2011 1186 2075 oriente
1202 2011 1277 2090 sole,

128 2115 153 2179 si
170 2116 256 2179 modo
272 2116 374 2180 oeulos
389 2116 505 2195 babeat,
529 2135 546 2178 e
563 2114 628 2179 luce
644 2113 737 2200 possit
752 2114 911 2178 aberrare?
954 2112 1031 2177 Nem
1048 2114 1073 2177 si
1091 2124 1190 2199 patres
1208 2134 1278 2176 suos

127 2228 247 2282 veteres
262 2218 327 2282 illos
344 2219 493 2305 apostolus
509 2218 655 2298 nominat,
686 2228 716 2281 et
731 2217 784 2281 sab
802 2217 878 2280 nube
896 2216 1004 2297 luisse,
1036 2239 1070 2280 ao
1087 2237 1166 2281 utare
1184 2227 1278 2278 trans-

127 2320 198 2385 iisse
215 2322 379 2407 praedicat,
404 2321 429 2385 si
447 2320 605 2406 spicitaleut
625 2340 722 2384 escam
742 2330 772 2383 et
787 2330 885 2405 potum
905 2330 1130 2398 commemoret,
1152 2319 1278 2402 itemque

128 2423 319 2488 manducasse
341 2444 375 2488 ac
392 2423 501 2487 bibisse
523 2424 559 2487 de
575 2422 697 2508 spiritali
717 2434 915 2506 consequente
939 2422 1005 2486 illos
1028 2432 1126 2507 petra,
1158 2441 1277 2504 caroque

128 2536 237 2611 petrem
257 2522 407 2591 Christum
430 2545 497 2590 esse
519 2525 638 2605 scribit,
672 2525 737 2610 quis
759 2523 920 2590 Marcionis
942 2523 1073 2588 insaniae
1092 2525 1177 2587 fidem
1199 2523 1279 2585 adbi-

128 2627 213 2708 beat,
238 2630 286 2713 qai
305 2649 387 2693 suam
405 2649 439 2692 ao
457 2638 635 2692 sectatorum
653 2648 773 2692 suoram
789 2639 915 2692 mentem
935 2627 1022 2690 tantis
1041 2626 1169 2691 {enebris
1185 2625 1278 2710 impli-

129 2744 194 2811 cat,
225 2741 257 2794 ut
273 2727 423 2796 Christum
445 2731 482 2795 nb
504 2730 540 2794 iis
563 2731 610 2815 qul
633 2731 661 2793 ia
679 2731 746 2815 lege
763 2731 870 2796 versati
890 2741 956 2794 sunt
972 2730 1139 2794 abalienare
1159 2738 1279 2791 couten-

128 2834 192 2913 dat,
225 2855 298 2918 quos
319 2835 433 2918 quidem
456 2833 605 2919 apostolus
628 2853 752 2913 revera,
785 2855 841 2897 noa
861 2834 926 2897 licta
947 2833 1069 2917 quadam
1087 2831 1185 2918 specie
1200 2852 1279 2911 aom-

128 2935 297 3001 mendavit'l
341 2935 426 3019 Quod
445 2947 540 3000 autem
561 2941 589 2998 t'n
602 2940 746 3018 plerosque
762 2936 864 2999 scribit
880 2936 956 2999 idem
972 2959 1027 2998 nou
1036 2939 1132 3019 fluisse
1143 2938 1279 3015 placitum

1294 491 1311 532 1.
1321 488 1371 531 Gor.
1380 491 1400 543 0,
1411 491 1430 532 b.

1293 896 1347 952 cap.
1361 899 1392 951 lo,

1306 952 1316 992 l
1332 960 1379 1003 sqq.

129 3042 251 3113 Blauto,
276 3039 363 3125 plane
378 3039 413 3101 cd
430 3038 545 3103 illorum
559 3039 672 3103 scelera
688 3039 835 3124 pertinere
852 3039 1009 3124 putendum
1025 3050 1081 3102 est.
1128 3035 1188 3100 lem
1206 3057 1277 3101 vero
1291 3051 1346 3096 tusa.
1360 3055 1381 3097 s.

128 3141 153 3205 si
169 3141 199 3205 iu
215 3140 267 3219 iis,
292 3142 340 3225 qui
358 3141 387 3205 in
405 3142 471 3226 lege
485 3142 629 3205 scelerate
643 3163 678 3206 se
692 3151 864 3226 gesserunt,
889 3162 1070 3226 nequaquam
1085 3139 1125 3203 illi
1144 3140 1279 3225 placitum

129 3254 191 3324 est,
221 3243 288 3307 ideo
304 3244 361 3308 illis
378 3245 580 3308 succensuerit
597 3254 728 3328 oportet,
755 3244 834 3328 ¹quod
855 3244 946 3328 legem
964 3244 1026 3328 ipse
1045 3243 1161 3319 tulerit,
1194 3263 1277 3326 quam

128 3345 248 3410 omuino
268 3368 350 3411 suam
373 3368 440 3412 esse
460 3348 630 3425 confirmat,
663 3366 736 3430 quae
754 3368 807 3432 pro
823 3347 961 3430 temporis
980 3346 1193 3431 opportunitate
1209 3365 1278 3406 cou-

128 3470 213 3513 cessa
228 3450 336 3514 tamdiu
353 3450 529 3514 lutsctionem
544 3471 627 3513 suant
644 3460 691 3513 est
703 3448 1040 3532 administrationemque
1055 3447 1169 3526 sortita,
1186 3447 1278 3509 donec

127 3551 176 3615 ille
199 3572 287 3616 carne
309 3553 456 3637 praeditus
479 3552 608 3616 advenit.
653 3550 731 3616 Nam
750 3562 780 3615 et
797 3549 1003 3636 paterfamilias
1020 3550 1115 3613 servis
1131 3550 1192 3612 suis
1209 3571 1278 3612 eon-

128 3666 269 3718 sentence
286 3654 390 3739 cuique
409 3657 531 3741 tempori
547 3655 633 3719 debet
649 3655 782 3720 mandata
798 3653 1011 3740 praescribere.
1059 3649 1189 3716 Subinde
1207 3671 1279 3715 vero

128 3755 185 3820 iste
201 3756 369 3821 subtexuit:
393 3763 471 3820 Haec
485 3771 577 3820 nutem
590 3764 619 3820 in
629 3761 730 3840 figura
745 3762 840 3820 nostri
851 3761 1040 3836 contegerunt,
1065 3779 1100 3817 me
1113 3760 1200 3816 subtus
1213 3776 1278 3816 con·

128 3865 301 3941 cupo‘scentcs
317 3864 468 3936 maloram,
500 3866 577 3924 sieut
594 3866 641 3924 tttt
654 3866 871 3942 concupierunt,
900 3882 988 3941 neque
1003 3861 1140 3920 odolorum
1157 3860 1279 3918 cultores

128 3965 306 4046 effusionem,
342 3969 418 4026 st'cau
434 3969 545 4047 quidem
566 3989 604 4026 ec
620 3969 698 4046 r‘qosels.
745 3962 779 4026 In
798 3984 855 4047 quc
874 3984 931 4025 non
948 3960 1209 4025 omnessectentie
1226 3980 1278 4022 sua

129 4067 344 4132 condemnavit.
392 4063 451 4130 Sed
465 4068 609 4131 undenam
626 4068 750 4131 obsecro
765 4066 855 4144 baec,
885 4064 1033 4150 apostole,
1058 4063 1155 4127 nosti?
1197 4067 1282 4124 Sicut

127 4175 263 4252 scriptum
280 4181 338 4244 est,
363 4155 472 4253 iuquit,
496 4174 579 4232 Sedit
588 4174 711 4252 populus
727 4173 895 4231 munducare
916 4180 944 4229 et
963 4169 1071 4240 bibere,
1103 4179 1132 4227 et
1144 4187 1278 4226 succenc-

128 4285 198 4335 runt
222 4277 327 4335 trudere.
375 4270 456 4335 Vera
480 4282 526 4336 cst
549 4274 646 4358 itaque
670 4271 831 4357 scriptura,
865 4272 900 4334 de
927 4292 982 4355 qua
1004 4271 1038 4332 ad
1061 4268 1278 4332 couviacendos

127 4375 278 4461 improbos
290 4372 400 4440 Paulus
415 4385 585 4460 argumenta
599 4374 721 4460 colligit.
762 4372 878 4438 Deinde
893 4395 1013 4437 rursus:
1033 4377 1131 4455 Neque
1146 4383 1279 4433 tentemus

126 4533 195 4581 tttum
211 4533 365 4594 commouet.
399 4533 450 4582 Non
463 4533 524 4582 mim
538 4533 687 4594 repemturin
753 4526 1090 4590 subsecutusque,
1116 4528 1177 4590 quod
1197 4529 1279 4576 vntum

129 4601 200 4649 tibris.
720 4613 768 4682 opo·
778 4599 829 4675 cod.
846 4600 918 4649 Vetto.
935 4599 1027 4648 sustulit
1043 4596 1162 4647 Pctovius.
