3046 5084
269 364 330 423 244
380 417 385 429 ,
692 377 813 426 SANCTI
831 376 998 427 EPIPHANH

269 490 377 556 τόπασι
396 489 464 575 παρ’
480 488 579 567 αὐτοῖς
596 496 744 576 παρθενία
758 516 788 555 τε
807 494 858 557 καί
876 489 1041 576 ἐγκράτεια,
1065 488 1106 566 οἷς
1120 492 1172 555 καλ
1187 488 1269 575 πυροί
1285 498 1350 566 ταῖς
1366 489 1417 555 όίλ-

269 600 333 668 λαις
347 589 464 674 ὁμοίαις
478 591 570 680 ταότη
586 595 720 678 αἱρέσεσι.
756 594 836 658 Ποτὲ
849 591 905 678 γὰρ
919 596 1084 677 παρθενίαν
1098 591 1300 673 ἐσεμνύνοντο,
1322 594 1419 674 δῆθεν

270 691 319 758 διό
341 692 393 758 τόν
411 690 557 776 Ἰάκωβον
581 693 633 759 τόν
658 691 786 774 όδελφόν
809 701 862 759 τοῦ
879 697 1001 778 κυρίου,
1023 695 1072 758 καὶ
1096 691 1132 757 τό
1150 691 1248 757 αὐτῶν
1269 692 1418 778 συγγράμ-

271 821 346 877 ματα
361 797 571 880 πρεσβυτέροις
584 797 635 859 καὶ
650 797 813 877 παρθένοις
827 793 985 880 γρόφουσι.
1018 798 1124 879 Γέγονε
1138 795 1169 858 δέ
1184 793 1204 877 ἦ
1220 793 1294 880 σίρχὴ
1308 795 1418 861 τούτου

270 894 408 981 μεταίτην
428 894 842 982 τοῦνἽεροσολόμωνῦλασιν.
884 893 1003 979 Ἐπειδὴ
1026 894 1082 982 γόρ
1104 895 1210 972 πάντες
1237 900 1267 962 οἱ
1286 900 1328 973 είς
1345 905 1418 983 Χρι-

270 996 339 1064 στόν
363 997 584 1074 πεπιστευκότες
609 996 663 1080 τήν
691 1003 823 1082 Περαίαν
847 994 909 1062 κατ’
933 999 1026 1063 έκεῖνο
1054 1006 1160 1082 καιροῦ
1183 997 1357 1088 κατηόκησαν
1381 998 1416 1064 τό

269 1102 374 1178 πλέον,
403 1101 435 1163 έν
458 1101 555 1187 Πέλλη
580 1101 637 1163 τινί
663 1097 746 1163 πόλει
769 1100 933 1186 καλουμένῃ
961 1105 1014 1180 τῆς
1037 1097 1229 1176 Δεκαπόλεως
1248 1107 1301 1182 τῆς
1322 1103 1354 1165 έν
1374 1107 1416 1187 τῷ

270 1199 423 1287 εὐαγγελίῳ
444 1201 657 1284 γεγραμμένης,
680 1204 802 1281 πλησίον
821 1207 873 1282 τῆς
891 1203 1058 1276 Βαταναίας
1079 1202 1130 1265 καὶ
1148 1205 1340 1277 Βασανίτιδος
1360 1200 1415 1284 γοό-

270 1330 341 1388 ρας,
363 1299 396 1365 τό
412 1307 572 1383 τηνικαῦτα
594 1303 657 1365 ἐκεῖ
675 1299 930 1382 μεταναστάντων,
952 1303 1003 1366 καλ
1022 1304 1114 1368 ἐκεῖσε
1133 1301 1343 1387 διατριβόντων
1364 1301 1417 1368 αὖ·

269 1411 343 1482 τῶν,
365 1404 482 1488 γέγονεν
503 1404 535 1466 έκ
555 1400 663 1467 τούτου
678 1400 828 1486 πρόφασις
848 1410 887 1491 τῷ
905 1400 1029 1485 Ἐβίωνι.
1075 1406 1133 1468 Καί
1152 1404 1267 1490 όίρχεται
1288 1404 1342 1486 μέν
1362 1404 1417 1487 τὴν

269 1512 439 1584 κατοίκησιν
464 1505 536 1586 ἔχειν
562 1506 591 1569 έν
611 1503 744 1593 Κωκόβη
769 1505 825 1568 τινί
849 1501 935 1592 κόμη
961 1506 1010 1568 έπλ
1034 1503 1070 1569 τοί
1095 1508 1168 1590 μέρη
1192 1513 1245 1588 τῆς
1265 1509 1416 1590 Καρναῒμ,

269 1605 372 1689 Ἀρνέμ
387 1608 437 1670 καλ
450 1602 619 1690 Ἀσταροίθ,
642 1606 672 1670 έν
687 1613 723 1694 τῇ
740 1608 910 1670 Βασανίτιδι
924 1603 1019 1693 χοίρμ,
1043 1603 1083 1683 ολς
1098 1604 1119 1690 ἦ
1135 1611 1264 1673 ἐλθοῦσα
1280 1610 1321 1683 είς
1336 1605 1417 1690 ἡμᾶς

271 1716 376 1794 γνῶσις
392 1708 523 1792 περιέχει.
557 1704 668 1771 Ἔνθεν
686 1705 802 1789 όίρχεται
821 1713 875 1788 τῆς
894 1714 990 1789 κακῆς
1008 1706 1099 1774 αὐτοῦ
1117 1713 1319 1788 διδασκαλίας,
1341 1708 1418 1774 ὅθεν

270 1815 365 1893 δῆθεν
385 1811 436 1873 καί
459 1812 491 1873 οί
507 1810 680 1894 Ναζαρηνοῦ
698 1812 729 1874 οί
750 1806 856 1890 όνομοι
875 1808 1117 1891 προδεδήλωνται.
1161 1812 1337 1890 Συναφθελς
1358 1810 1417 1897 γαλρ

271 1905 357 1987 οὗτος
378 1913 514 1989 ἐκείνοις,
536 1913 587 1975 καλ
608 1914 714 1976 ἐκεῖνοι
735 1909 845 1998 τούτῳ,
867 1909 1001 1993 έκότερος
1022 1908 1081 1975 οίπδ
1100 1918 1153 1994 τῆς
1176 1914 1285 1976 ἑαυτοῦ
1300 1921 1415 1995 μοχθη-

270 2019 335 2098 ρίας
350 2021 390 2101 τῷ
408 2014 494 2100 ἑτέρω
510 2015 662 2094 μετέδωκε.
698 2013 758 2075 Καί
774 2012 962 2096 διαφέρονται
978 2012 1031 2093 μέν
1046 2014 1143 2098 ἕτερος
1158 2010 1234 2099 πρός
1251 2011 1303 2078 τόν
1316 2015 1418 2098 ἕτερον

268 2114 395 2193 κατότι,
418 2116 450 2178 έν
465 2114 497 2178 δὲ
512 2121 548 2203 τῇ
563 2118 705 2201 κακονοίᾳ
721 2110 862 2194 ἀλλήλους
878 2110 1072 2194 οἷπεμόξαντο.
1107 2112 1186 2197 Ἤδη
1202 2116 1235 2179 δέ
1251 2140 1299 2197 μοι
1315 2117 1366 2180 καλ
1384 2117 1417 2180 έν

270 2215 366 2292 ι’ίλλοις
381 2215 480 2300 λόγοις
494 2217 546 2280 καὶ
562 2213 635 2280 κακοί
650 2214 703 2291 τός
721 2213 809 2289 όίλλας
824 2217 948 2300 αίρέσεις
965 2217 1033 2300 περλ
1046 2222 1098 2298 τῆς
1113 2220 1292 2292 τοποθεσίας
1309 2216 1416 2282 Κωκολ-

270 2323 333 2402 βων
353 2320 404 2384 καὶ
425 2325 477 2398 τῆς
496 2314 635 2402 Ἀραβίας
654 2315 704 2381 διό
726 2314 855 2391 πλόκους
876 2319 995 2401 είρηται.
1113 2366 1123 2391 .

136 2440 203 2506 Κεφ.
220 2435 252 2504 γ’.
354 2422 414 2484 Καὶ
427 2419 460 2484 τό
478 2419 530 2500 μέν
543 2424 659 2503 πρῶτον
678 2410 787 2492 Ῑοῦτος
800 2414 818 2481 ό
833 2415 947 2499 Ἐβίου,
966 2415 1006 2493 κός
1022 2420 1108 2501 ἔφην,
1130 2418 1260 2504 Χριστόν
1275 2422 1308 2486 έκ
1323 2420 1410 2505 σπέρ-

270 2549 362 2605 ματος
379 2518 496 2605 όνδρδς,
514 2521 645 2584 τουτέστι
660 2526 715 2584 τοῦ
729 2516 847 2601 Ἰωσήφ,
870 2515 995 2604 ω’ρίζετο.
1031 2517 1080 2584 Ἐκ
1095 2519 1205 2605 χρόνον
1220 2524 1253 2587 δέ
1267 2546 1345 2597 τινος
1361 2524 1411 2586 καί

270 2629 359 2708 δεῦρο
378 2626 408 2688 οί
427 2618 520 2685 αὐτοῦ
540 2615 580 2695 ὥς
596 2622 639 2694 είς
662 2617 825 2685 ἀσύστατον
844 2623 897 2685 καί
919 2618 1070 2703 ἀμήχανον
1087 2624 1247 2706 τρέψαντες
1266 2620 1316 2689 τόν
1335 2624 1414 2688 ίδιον

151 2755 202 2799 ρης.
216 2741 260 2786 ιιι.
273 2733 346 2791 νοῦν
366 2722 445 2787 ι’ίλλοι
465 2719 558 2795 ἄλλως
579 2718 647 2805 παρ’
665 2719 766 2797 αὐτοῖς
790 2722 882 2805 Ἄπερὶ
904 2729 1036 2808 Χριστοῦ
1058 2727 1236 2809 διηγοῦνται.
1282 2725 1361 2808 Τοίγα
1381 2726 1414 2790 δέ

270 2823 353 2908 οἶμαι
368 2822 427 2888 ολπό
445 2829 500 2887 τοῦ
516 2830 711 2906 συναφθῦγναι
729 2820 829 2900 αότοῖς
844 2820 977 2901 Ἠλξαῖον
998 2822 1050 2890 τόν
1071 2828 1327 2912 ψευδοπροφήτην
1333 2878 1342 2907 ,
1363 2825 1415 2892 τόν

270 2925 352 3012 παρολ
373 2934 435 3000 τοῖς
454 2931 655 3006 θΣαμψηνοῖς
676 2927 726 2990 καὶ
747 2922 898 3008 Ὀσσηνοῖς
920 2929 972 2990 καί
994 2924 1189 3002 Ἐλκεσσαίοις
1211 2931 1415 3013 καλουμένοις,

273 3027 314 3107 οἷς
338 3031 448 3101 ἐκεῖνος
470 3031 635 3107 φαντασίαν
654 3025 721 3092 τινολ
741 3028 809 3112 περὶ
826 3033 957 3112 Χριστοῦ
979 3032 1136 3113 διηγεῖται,
1165 3031 1213 3093 καλ
1239 3033 1307 3115 περί
1328 3034 1416 3097 πνεί-

197 3127 199 3133 ’
271 3156 362 3217 ματος
378 3126 473 3213 όγίου.
521 3128 604 3203 Τινὲς
625 3127 681 3214 γόρ
701 3130 732 3206 έξ
750 3126 849 3194 αῦτιῦν
872 3131 923 3194 καλ
939 3128 1032 3212 ’Λδολμ
1054 3127 1105 3194 τόν
1124 3129 1253 3215 Χριστόν
1275 3129 1351 3197 είναι
1371 3135 1413 3199 λέ·

270 3255 371 3322 γουσι,
392 3226 445 3294 τόν
459 3235 577 3313 πρῶτον
591 3231 758 3295 πλασθέντα
773 3254 804 3294 τε
820 3231 871 3294 καλ
886 3231 1096 3314 ἐμφυσηθέντα
1110 3229 1169 3297 οίιτδ
1191 3240 1244 3315 τῆς
1263 3239 1319 3297 τοῦ
1338 3241 1417 3298 θεοῦ

270 3339 433 3409 ἐπιπνοίας.
467 3329 568 3397 ’Ἄλλοι
584 3332 617 3396 δὲ
635 3334 667 3396 έν
682 3328 783 3407 αῦτοῖς
796 3333 930 3417 λέγουσιν
948 3331 1066 3398 ἄνωθεν
1085 3333 1138 3413 μέν
1153 3331 1238 3416 ὄντα,
1260 3331 1318 3418 πρό
1340 3331 1413 3398 πόν-

271 3466 330 3505 των
351 3439 383 3504 δέ
402 3436 559 3500 κτισθέντα
579 3440 694 3516 πνεῦμα
709 3431 797 3513 ὄντα,
818 3435 868 3498 καί
889 3431 963 3520 ῦπέρ
985 3433 1123 3521 αλγγέλους
1141 3433 1226 3514 ὄντα,
1247 3432 1364 3499 πόντων
1384 3460 1416 3500 τε

273 3543 464 3623 κυριεύοντα,
485 3540 536 3602 ’καὶ
555 3533 685 3621 Χριστόν
700 3536 847 3621 λέγεσθαι,
868 3534 921 3602 τόν
935 3539 1026 3602 ἐκεῖσε
1042 3539 1074 3602 δέ
1088 3540 1181 3602 αίῦνοι
1194 3542 1415 3620 κεκληρῶσθαι·

272 3643 409 3724 ἔργεσθαι
424 3641 457 3705 δέ
474 3641 606 3705 ἐνταῦθα
623 3636 671 3704 ὅτε
686 3636 833 3720 βούλεται,
856 3635 898 3713 οἷς
913 3640 965 3703 καλ
981 3640 1012 3704 έν
1028 3645 1069 3727 τῷ
1083 3636 1176 3721 Ἀδδμ
1196 3629 1272 3720 ἦλθε
1287 3640 1339 3704 ιιαλ
1355 3647 1417 3715 τοῖς

273 3741 465 3823 πατριάρχαις
481 3744 615 3822 ἐφαίνετο
631 3739 808 3822 ἐνδυόμενος
826 3737 860 3805 τδ
881 3746 974 3822 σῶμα.
1020 3739 1104 3825 Πρός
1118 3737 1250 3824 Ἀβραάμ
1268 3765 1298 3806 τε
1319 3739 1418 3806 mv

273 3843 324 3906 καλ
336 3837 438 3906 Ἰσαδκ
452 3845 503 3907 καὶ
514 3840 625 3924 Ἰακιδβ
639 3839 658 3908 δ
672 3839 763 3919 αῦτός
775 3838 819 3906 ἐπ’
834 3842 962 3923 ἐσχάτων
976 3847 1035 3906 τῶν
1049 3838 1166 3928 ἡμεροῦν
1180 3835 1265 3925 ἦλθε,
1281 3843 1334 3908 καλ
1344 3838 1417 3908 αῦτδ

273 3941 307 4009 τό
322 3947 406 4026 σῦμα
422 3951 477 4007 τοῦ
490 3941 583 4026 Ἀδδμ
599 3942 765 4022 ένεδόσατο,
786 3944 844 4008 καλ,
854 3939 948 4024 ι’όφθη
965 3940 1142 4030 ἄνθρωπος,
1163 3945 1215 4009 καί
1231 3944 1418 4030 ίσταυριίθη,

273 4047 325 4112 καλ
336 4041 452 4125 όνέστη,
468 4047 520 4109 καί
534 4042 670 4130 όνῆλθεν.
703 4043 800 4111 Πόλιν
813 4044 846 4110 δέ
862 4042 910 4109 ὅτε
924 4043 1081 4128 βούλονται
1093 4047 1237 4132 λέγουσιν,
1253 4043 1329 4129 οῦγλ,
1347 4041 1419 4111 ιἰλλῦ
1475 4090 1487 4129 ,-

310 4251 369 4303 Cu.
384 4251 427 4300 m.
444 4276 477 4288 -
513 4249 535 4300 ί.
552 4253 681 4304 Pramum
695 4242 768 4312 οὗτος
783 4254 829 4304 αδ-
861 4255 887 4304 in
901 4254 939 4304 το.
957 4267 994 4316 pr.
1009 4253 1093 4316 ίερῐιατ
1107 4246 1243 4317 ἆμψηιοῖς.
1276 4252 1339 4302 M
1350 4253 1419 4301 ιτειλ·
1498 4288 1504 4297 .

274 4320 318 4369 ίιοι·
334 4333 363 4369 τυ
379 4320 430 4369 τοῦ.
447 4319 521 4367 Varie.
861 4322 973 4371 ίαειιδιιικ
991 4324 1041 4370 iam
1062 4321 1121 4370 υίδίί
1139 4322 1282 4384 Carnarius,
1306 4321 1347 4382 σοί
1363 4333 1420 4371 m·

308 4384 332 4438 2.
348 4384 406 4450 περὶ
423 4386 568 4436 desideratur
581 4387 606 4434 τ’τι
622 4388 675 4436 odia
688 4389 830 4450 Mamm,
861 4391 943 4438 υττίίίε
959 4388 1076 4438 Fortasse
1093 4393 1176 4434 autem
1191 4386 1263 4439 abeo
1278 4384 1347 4456 quod
1355 4402 1421 4438 con·

273 4460 331 4504 εετλτ
344 4456 465 4515 λλμιλτιιεί.
861 4453 959 4504 iunctus
981 4454 1029 4505 ruit
1051 4454 1059 4503 i
1090 4450 1110 4498 ἱι
1134 4451 1238 4504 Ελκαευε
1257 4452 1420 4524 μετοδομεο-

307 4521 389 4575 &Sic
403 4525 454 4573 οοιλ
472 4522 545 4571 Vatia.
579 4521 606 4571 ίιι
627 4523 679 4572 τοῦ.
693 4522 830 4584 minat
861 4520 952 4588 pheta,
975 4521 1043 4591 apud
1119 4529 1210 4579 Μαι
1225 4530 1252 4571 οε
1266 4525 1374 4575 anneo
1389 4538 1421 4575 ιτ
