3046 5084
293 348 353 409 42ss
716 356 835 406 ειαοτι
855 356 1021 406 οιινιιιιιιι

292 484 467 559 κτανθήναι,
491 473 691 556 συνελθούσης
707 480 746 561 τῷ
762 471 823 537 ύνω
838 475 939 558 πατρί,
960 474 1011 537 καί
1024 473 1160 559 καθαρόν
1175 475 1294 560 σπέρμα
1309 476 1369 543 τόν
1384 477 1464 562 Σὴθ

292 578 465 661 ποιησάσης,
483 581 512 655 ἐξ
527 569 619 661 οὗπερ
633 574 736 642 λοιπόν
748 579 882 658 κατήχθη
897 575 929 641 τό
944 575 1062 641 πόντιον
1077 574 1248 663 ύνθροίπαν
1261 580 1365 665 γένος.
1396 584 1463 647 Καὶ

292 680 377 747 αὐτοὶ
392 683 423 745 δὲ
440 679 531 765 α’ργείς
545 683 595 744 καί
610 682 758 757 ἐξουσίας,
781 680 831 742 καὶ
848 678 903 743 ὅσα
919 683 950 744 οί
962 678 1041 745 ύλλοι
1059 684 1298 765 δογματίζουσιν,
1323 683 1460 770 ἐδογμό·

291 807 380 849 τισαν.

375 885 405 964 ζ’.
434 884 619 969 Ἀργοντικοί.
667 878 758 949 Ούτοι
775 883 862 948 πόλιν
880 888 922 960 είς
938 884 1063 961 πολλούς
1072 884 1233 970 ’Ἀρχοντας
1250 886 1284 954 τό
1301 894 1370 953 πᾶν
1386 887 1457 955 τίνα-

292 992 425 1073 φὲρουσι,
449 992 498 1052 καί
513 987 548 1052 ταί
562 986 703 1072 γενόμενα
718 990 750 1053 ἐκ
766 986 879 1052 τούτων
895 995 1069 1072 γεγενῆσθαι
1084 991 1225 1074 λέγουσιν.
1264 988 1460 1061 ’Λλίσκσνται

291 1094 322 1157 δὲ
337 1094 388 1156 καί
403 1095 451 1156 ἐπὶ
467 1090 633 1173 αι’σγρότητί
646 1118 716 1155 τινι·
739 1089 849 1173 σαρκός
864 1091 894 1154 δὲ
910 1088 1067 1154 α’νόστασιν
1081 1090 1234 1173 οἷθετοῦσι,
1252 1095 1305 1158 καί
1319 1093 1460 1161 παλαιόν

291 1194 440 1277 διαθήκην
454 1192 649 1276 διαβάλλουσι.
681 1195 844 1277 Κέγρηνται
858 1195 890 1258 δὲ
904 1195 953 1257 καί
969 1200 1078 1280 παλαιᾷ
1093 1196 1141 1259 καί
1158 1195 1210 1283 νέγ
1227 1195 1370 1287 διαθήκῃ
1388 1196 1457 1265 ἐαό·

292 1319 362 1379 στην
383 1299 458 1374 λέξιν
480 1300 521 1373 είς
543 1294 594 1361 τόν
616 1297 729 1361 ἑαυτῶν
749 1301 822 1360 νοῦν
844 1294 1066 1377 μεθοδεύοντες.

374 1501 408 1584 ιγ’.
438 1506 647 1588 Κερδωνιανοί.
694 1504 733 1564 Οί
746 1498 806 1565 οίπό
825 1504 981 1585 Κέρδωνος
996 1498 1055 1566 οίπδ
1076 1498 1332 1587 10Ἡρακλέωνος,
1364 1509 1456 1573 Ηδε·

289 1606 415 1686 ξαμίνον
438 1604 491 1687 τὴν
513 1602 637 1687 μετοχὴν
658 1611 710 1685 τῆς
727 1602 854 1685 πλάνης,
885 1605 1068 1688 προςθίντος
1087 1606 1118 1670 δὲ
1134 1610 1170 1695 τῇ
1186 1601 1302 1695 όπότη·
1335 1606 1377 1686 δς
1394 1605 1457 1677 ἆπδ

289 1715 341 1790 τῆς
357 1712 469 1792 Συρίας
490 1711 531 1782 είς
549 1704 662 1788 Ῥύμην
679 1705 858 1788 μεταναστδς
875 1705 907 1771 τό
927 1705 1065 1792 κήρυγμα
1083 1706 1177 1773 αύτοῦ
1194 1708 1316 1785 ἐξέθετο
1335 1712 1373 1777 ἐν
1389 1710 1459 1797 γρό-

290 1837 354 1887 νοις
366 1808 483 1897 Ὗγίνου
499 1807 672 1875 ἐπισκόπου.
717 1807 781 1873 Δύο
797 1810 830 1873 δὲ
847 1806 938 1893 ύργύς
954 1808 1090 1893 κηρύττει
1107 1800 1197 1885 οὗτος
1209 1812 1351 1889 ἐναντίας
1367 1810 1456 1899 όλλιξ·

288 1921 366 1992 λαις,
390 1911 431 1996 μὴ
447 1909 521 1977 εἶναι
541 1913 617 1977 12δὲ
635 1909 685 1977 τόν
702 1910 831 1995 Χριστόν
846 1910 997 1996 γεννητόν·
1021 1909 1132 1994 δμοίως
1147 1936 1178 1977 τε
1194 1920 1309 1997 νεκρόν
1322 1910 1456 1983 ἆνόστιι-

292 2039 338 2082 σιν
359 2013 474 2094 α’θετεῖ,
498 2017 548 2079 καί
574 2013 653 2079 13τοί
675 2012 748 2078 κακοί
771 2012 824 2095 την
846 2012 974 2079 παλαιόν
996 2014 1156 2098 διαθήκην.

374 2118 412 2183 θ’.
442 2123 677 2202 Μαρκιωνισταί.
721 2120 870 2201 Μαρκίαν
885 2113 903 2180 ό
921 2114 980 2183 τίπό
1001 2116 1121 2184 Πόντον
1138 2116 1315 2203 όρμόμενσς
1330 2120 1458 2189 ἐπισκό-

289 2249 349 2289 που
366 2223 418 2304 μὲν
433 2214 471 2302 ἦν
487 2219 567 2298 υίδς,
591 2224 720 2305 φθείρας
737 2221 768 2284 δέ
784 2220 937 2302 παρθένον
953 2218 1085 2304 όπίδρα,
1107 2218 1158 2287 διδ
1174 2220 1207 2286 τό
1224 2222 1380 2298 ἐξεῶσθαι
1394 2219 1456 2291 ύντό

288 2333 340 2391 τοῦ
358 2328 435 2389 ἰδίου
452 2322 564 2407 πατρός
581 2320 641 2388 οίπδ
658 2330 711 2404 τῆς
727 2324 896 2403 ἐκκλησίας,
919 2318 1053 2388 ιίνελθύν
1066 2348 1097 2387 τε
1113 2325 1156 2399 είς
1167 2320 1286 2406 Ῥόμην
1300 2326 1357 2391 καλ
1373 2325 1458 2411 αἰτῆ-

289 2451 342 2504 σας
358 2426 515 2509 μετύνοιαν
537 2423 608 2502 τούς
628 2422 691 2490 κατ’
713 2427 808 2491 ἐκεῖνο
835 2427 1003 2510 1θκαιρού,
1033 2427 1083 2491 καί
1101 2423 1142 2509 μὴ
1160 2425 1275 2511 τυχόν,
1305 2429 1458 2515 ἐπαρθείς

289 2529 363 2596 καταί
382 2538 436 2612 τῆς
451 2533 576 2604 πίστεως
593 2525 780 2613 ἐδογμύτισε,
811 2534 888 2610 τρεῖς
904 2524 994 2609 α’ργδς
1009 2526 1252 2614 είςηγησύμενος,
1284 2526 1413 2617 druna,
1426 2558 1457 2599 τι

287 2636 338 2699 καί
359 2637 475 2699 δίκαιον
492 2633 544 2696 καί
564 2638 694 2710 φαῦλον,
726 2626 801 2694 εἶναί
817 2653 848 2692 τε
863 2627 969 2710 καινήν
987 2630 1140 2713 διαθήκην
1155 2628 1309 2717 α’λλοτρίαν
1324 2640 1385 2717 τῆς
1400 2660 1456 2701 τια-

287 2743 370 2811 λαιᾶς
385 2738 436 2800 καὶ
451 2740 503 2799 τοῦ
520 2736 551 2799 ἐν
565 2731 641 2821 αὕτη
655 2731 839 2815 λαλήσαντος.
875 2729 1048 2798 Ἀνόστασιν
1061 2732 1172 2817 σαρκός
1185 2729 1297 2801 όθετεῖ.
1337 2735 1456 2805 Βόκκι·

289 2860 346 2920 σμα
362 2841 483 2902 δίδωσιν
498 2832 534 2901 ού
549 2834 641 2916 μόνον
652 2839 698 2912 ἐν,
721 2832 791 2899 ἄλλό
806 2836 856 2898 καί
871 2838 937 2916 τρία
951 2834 1023 2917 μεταλ
1038 2832 1070 2902 τδ
1086 2844 1276 2921 παραπεσεῖν.
1314 2834 1457 2926 ‘Most

291 2949 349 3006 τῶν
364 2937 537 3004 τεθνεώτων
553 2939 780 3020 κατηγουμένων
796 2935 875 3003 ἄλλοι
897 2935 965 3021 παρ’
983 2935 1085 3014 αύτοῖς
1100 2942 1299 3022 βαπτίζονται.
1342 2937 1459 3021 ’Me

290 3043 322 3108 δέ
343 3044 394 3107 καὶ
417 3042 551 3126 γυναιξίν
573 3041 721 3123 ἐπιτρέπει
742 3043 837 3120 δῆθεν
857 3037 983 3123 λουτρόν
1005 3038 1129 3107 διδόναι.

376 3143 401 3208 ι’.
431 3146 653 3208 Λουκιανισταί.
697 3140 870 3216 Λουκιανός
885 3168 929 3218 τις
945 3139 1080 3226 οίρχαῖος,
1105 3141 1158 3227 σύγ
1174 3141 1192 3211 ό
1207 3149 1264 3209 νῦν
1281 3146 1316 3211 ἐν
1331 3146 1459 3233 χρόνοις

292 3250 516 3314 Κωνσταντίνου
532 3243 704 3330 γενόμενος,
726 3243 823 3309 πάντα
839 3242 913 3309 κατιί
930 3250 1100 3330 Μαρκίωνα
1114 3244 1304 3332 ἐδογμάτισε,
1326 3246 1410 3335 τορός
1425 3252 1459 3319 δέ

290 3350 415 3427 τούτους
430 3350 481 3414 καί
497 3346 579 3431 ἐτερό
593 3374 658 3412 τινα
675 3344 756 3433 πυροί
775 3343 827 3412 τόν
843 3351 1013 3432 Μαρκίωνα
1029 3350 1080 3415 καί
1097 3344 1187 3426 αύτός
1201 3350 1300 3432 δῆθεν
1314 3374 1456 3439 περισσο·

292 3456 383 3539 τέρως
405 3455 577 3538 δογματίζει.

169 3599 220 3644 1³³ss-
232 3586 278 3630 ιιι.
377 3559 423 3621 ια’.
457 3551 693 3635 15Ἀπελληανοί.
739 3553 799 3616 Καὶ
822 3544 912 3629 οὗτος
933 3550 951 3619 δ
969 3550 1106 3637 Ἀπελλῆς
1125 3553 1163 3620 τό
1179 3552 1271 3637 ὅμοια
1287 3562 1459 3645 Μαρκίαν

291 3662 342 3724 καί
366 3664 528 3746 Λουκιανῷ
549 3659 661 3735 κακίζει
682 3652 736 3737 τὴν
757 3662 856 3720 πᾶσαν
877 3661 998 3738 ποίησιν
1017 3657 1069 3722 καλ
1092 3654 1144 3722 τόν
1164 3656 1370 3743 πεποιηκότα,
1403 3660 1459 3749 σύγ

293 3758 403 3843 ὁμοίως
420 3762 451 3826 δέ
468 3758 585 3836 τούτοις
599 3767 677 3842 τρεῖς
694 3755 786 3842 όργδς
801 3756 989 3842 εέςηγήσατο,
1018 3757 1088 3825 όλλό
1103 3763 1176 3843 μίαν
1190 3759 1245 3843 μέν
1259 3758 1376 3847 όρχήν,
1405 3768 1458 3835 κδ

293 3866 345 3930 ἕνα
360 3861 435 3928 θεόν
449 3862 519 3927 ὄντα
534 3860 683 3927 α’νότατον
697 3862 747 3926 καὶ
763 3857 1021 3943 όκατονόμαστον,
1042 3858 1136 3929 αύτόν
1150 3862 1183 3929 δέ
1195 3860 1248 3930 τόν
1261 3864 1317 3931 ἐντι
1331 3890 1460 3953 κεκοτη-

292 3969 374 4032 κίναι
397 3964 491 4030 ἄλλον.
537 3966 597 4029 Καί
619 3957 708 4040 οὗτος
725 3961 743 4030 δ
759 3960 887 4050 γεγονός
903 3964 1035 4047 πονηρός
1052 3962 1186 4049 εύρεθελς
1201 3968 1345 4051 ἐποίησιν
1365 3972 1401 4039 ἐν
1421 3976 1458 4065 τῇ

294 4066 386 4134 αύτού
408 4066 571 4149 φαυλότητι
590 4064 643 4133 τόν
663 4066 783 4151 κόσμον.

377 4169 423 4252 ιβ’.
452 4175 639 4257 Σενηριανοί.
685 4176 820 4254 Σενῆρος
837 4168 927 4235 πόλιν
944 4196 989 4247 τις
1005 4177 1046 4260 τῷ
1062 4168 1184 4261 Ἀπελλῇ
1206 4174 1459 4263 numm

330 4395 368 4446 10.
385 4399 421 4447 Im
436 4401 545 4459 τιττείικι·
562 4411 616 4447 cum
634 4399 704 4458 ναλρο
720 4402 799 4449 extare
815 4400 851 4447 αι’-
922 4395 959 4446 11.
982 4394 1120 4463 δεξαμέναν
1143 4398 1276 4451 mendam
1296 4408 1336 4455 u
1357 4406 1457 4459 Ρεῌ.

294 4467 372 4515 αιτιοι
385 4459 544 4529 Ἡρακλείου.
569 4466 601 4515 lo.
614 4466 772 4517 θοαοιτειιαι
785 4468 852 4517 habet
887 4467 961 4528 λἰιιρο
976 4470 1040 4516 exta!
1056 4461 1195 4531 δεξόμινοι.
1230 4468 1457 4527 Imm.

293 4526 344 4586 όπδ
362 4531 496 4600 Κίρδιονος
518 4532 561 4586 τοῦ
577 4528 743 4598 Ἡρακλέωνα
766 4536 851 4588 διαδε·
885 4536 953 4583 habet
971 4530 1160 4599 διαδεξαμένσν.

294 4598 407 4668 ξαμίνσν.
922 4600 961 4652 12.
978 4615 1006 4653 τι
1022 4603 1121 4653 Imm
1136 4602 1251 4655 θακιαειι.
