3046 5084
45 1300 111 1363 Κεφ.
130 1296 159 1363 γ’.

55 1426 104 1469 μορ.
118 1416 162 1457 δθλ.

179 344 240 405 556
604 351 725 403 sANcri
740 349 910 401 EPIPHANH

183 470 228 535 (λδ
248 468 403 551 δυνάμεθα
425 469 496 534 ἄνευ
514 477 567 551 τῆς
581 472 742 551 ἐπιτροπῆς
759 474 813 533 τοῦ
829 470 928 549 τιμίου
944 465 1058 552 πατρός
1073 486 1128 534 σου
1144 475 1235 535 τοῦτο
1253 476 1338 554 ποιῆ-

178 596 243 649 σαι,
266 578 317 653 μία
333 572 388 655 γάρ
407 576 485 637 ἐστιν
502 570 519 653 η
534 578 643 647 πίστις.
666 572 714 634 καί
732 574 784 651 μία
798 567 938 652 ὁμόνοια,
961 572 1012 634 καί
1028 568 1065 636 οά
1080 570 1241 654 δυνάμεθα
1256 573 1337 638 έναν-

180 683 322 755 τιωθηυαι
340 684 380 761 τῶ
397 683 476 761 καλῶ
492 681 717 759 σνλίειτουρχῶ,
748 674 835 755 πατρί
851 673 882 736 δὲ
898 680 957 759 σῷ,
988 671 1120 754 ζηλῶσας
1133 672 1256 753 λοιπδν,
1286 676 1336 739 καί

180 782 220 853 είς
240 788 248 823 ¹
262 782 352 861 με’χαι·
369 776 475 861 ἀρθείς
491 776 590 858 θνμδι·
604 779 653 839 καί
671 774 890 859 ὑπερηφανίαν,
912 773 946 840 τά
963 780 1068 857 σχίσμα
1082 774 1233 860 ἐργάζεται
1249 774 1335 841 ὅτοι-

180 890 283 957 οῦτος,
307 884 401 967 ἑαυτῷ
418 878 470 961 την
486 884 599 963 αἵρεσιν
614 877 868 961 προστησάμενος,
897 876 1131 955 καὶείπῶνὸτι,
1159 874 1235 965 Ἐγῶ
1250 882 1335 962 σχίοοι

181 982 234 1065 την
251 988 405 1063 ἐκκλησίαι·
423 980 521 1064 ημῶν.
550 984 600 1045 καὶ
616 986 697 1063 βαλῶ
713 986 817 1063 σχίσμα
834 982 866 1045 έν
881 978 956 1069 αὐτῇ
971 983 1013 1055 είς
1027 977 1078 1045 τάν
1093 984 1200 1045 αίῶνα·
1232 978 1274 1057 ῶς
1288 978 1336 1045 τά·

178 1094 257 1167 ληθη
279 1088 331 1167 μὲν
354 1092 459 1167 σχίσμα
480 1088 581 1165 ἔβαλεν
604 1082 641 1149 οά
664 1083 785 1167 μικρῶν,
819 1079 856 1147 σά
878 1082 931 1164 τὴν
953 1085 1107 1164 ἐκκλησίαν
1128 1088 1245 1165 σχίσας,
1278 1080 1334 1149 ἄλλ’

179 1188 284 1253 εἀοτδν
305 1192 354 1251 καί
377 1186 447 1262 τοάς
468 1184 547 1274 αὐτῷ
571 1187 751 1261 πεισθέντας.

257 1290 364 1369 Ἕλαβε
380 1292 412 1354 δὲ
430 1289 480 1371 τὴν
497 1288 649 1372 πρόφασιν
666 1292 697 1352 έκ
716 1294 768 1351 τοῦ
789 1289 1002 1373 προειρημένου
1023 1289 1197 1372 Κέρδωνος,
1228 1288 1333 1375 γόητος

178 1395 227 1455 καὶ
244 1390 404 1472 άτιατηλοῦ.
452 1393 510 1453 Καὶ
527 1387 615 1465 αῶτδς
630 1391 682 1472 μέν
698 1389 752 1474 γάρ
769 1389 824 1454 δύο
841 1389 976 1474 κηράττει
990 1388 1088 1472 άρχάς.
1135 1393 1288 1477 Προςθελς
1303 1392 1334 1457 δέ

178 1493 265 1557 πάλιν
287 1496 403 1580 ε’κείιηι,
435 1496 512 1574 φημὶ
534 1500 574 1579 τῷ
597 1495 744 1574 Κέρδωνι,
776 1491 874 1573 ἕτερόν
896 1520 923 1555 τι
945 1490 1013 1577 παρ’
1039 1494 1175 1558 1ἐκεῖνον
1195 1497 1332 1573 δείκνυσι,

176 1600 268 1681 λέγων
281 1604 356 1680 τρεῖς
372 1592 446 1659 εἷναι
459 1593 557 1677 άρχάς,
573 1600 642 1676 μίαν
657 1596 709 1676 μὲν
723 1592 777 1677 τὴν
793 1591 855 1658 άνω
870 1593 1109 1675 ἀκατονόμαστον
1124 1598 1177 1661 καί
1191 1594 1331 1679 άόρατον,

181 1698 217 1779 ἢν
234 1699 281 1761 καί
301 1695 417 1781 άγαθδν
433 1696 508 1762 θεδν
526 1695 660 1778 βούλεται
675 1700 779 1781 λέγειν,
811 1701 903 1779 μηδὲν
921 1699 953 1761 δὲ
970 1704 1029 1761 τῶν
1047 1699 1079 1762 έν
1096 1705 1137 1787 τῷ
1154 1699 1260 1789 κάσμιμ
1277 1704 1332 1767 κτί·

178 1820 279 1874 σασαν,
302 1796 389 1863 ι’ίλλον
402 1801 433 1863 δὲ
449 1796 523 1863 εἶναι
536 1796 644 1882 δρατδν
659 1798 740 1878 θεὸν,
764 1803 839 1864 ίκαὶ
857 1799 976 1883 κτιστην
990 1802 1039 1863 καί
1053 1800 1249 1886 δημιουργῶν,
1271 1800 1331 1869 διά·

178 1907 268 1983 βολον
284 1904 316 1966 δὲ
332 1906 443 1984 τρίτον,
468 1899 508 1976 ῶς
525 1896 631 1977 εἰπεῖν,
654 1905 705 1965 καὶ
722 1904 809 1982 μέσον
824 1910 881 1966 τῶν
896 1902 950 1968 δύο
965 1900 1086 1979 τούτων,
1110 1910 1165 1967 τοῦ
1180 1928 1209 1969 τε
1224 1901 1332 1989 ὁρατοῦ

178 2006 294 2067 καὶτοῦ
310 2001 453 2084 αόράτου
478 2004 529 2069 τδυ
544 2005 576 2068 δὲ
589 2004 708 2085 κτιστην
722 2008 772 2068 καὶ
787 2005 969 2090 δημιουργὸν
981 2008 1029 2069 καί
1047 2002 1158 2088 ὁρατῶν
1169 2005 1246 2072 θεῶν
1261 2004 1332 2073 είναι

177 2113 235 2169 τῶν
255 2102 421 2183 Ἰουδαίων,
452 2104 526 2171 εἶναι
547 2109 578 2170 δὲ
602 2105 693 2171 αιίτδυ
712 2106 823 2190 κριτήν.
872 2106 948 2191 Παρ’
967 2106 1046 2195 αὐτῷ
1065 2110 1097 2173 δὲ
1115 2114 1156 2195 τῷ
1175 2114 1331 2195 Μαρκίοονι

177 2210 225 2272 καί
245 2213 393 2292 παρθενίιι
409 2208 593 2291 κηρύσσεται.
640 2215 786 2291 Νηστείαν
809 2212 839 2273 δὲ
866 2212 937 2275 3καί
961 2209 994 2273 τδ
1016 2208 1168 2291 σάββατον
1186 2210 1330 2295 κηρύττει.

179 2310 337 2393 Μυστήρια
360 2310 392 2374 δὲ
409 2314 503 2392 δῆθεν
520 2310 588 2394 παρ’
607 2310 686 2400 αὐτῷ
704 2315 890 2385 ἐπιτελεῖται,
922 2320 981 2377 τῶν
996 2314 1225 2395 κατηχουμίνων
1242 2312 1330 2401 άράν-

178 2440 242 2477 των.
277 2412 383 2476 Ὕδατι
401 2413 432 2476 δὲ
446 2406 534 2489 οὗτος
550 2416 581 2477 έν
598 2423 658 2489 τοῖς
671 2420 843 2499 μυστηρίοις
857 2424 967 2500 χρῆται.
1016 2414 1056 2479 Τά
1072 2414 1104 2479 δέ
1119 2414 1274 2499 σάββατον
1284 2444 1329 2501 νη·

176 2514 269 2579 στεάει
291 2514 339 2579 διά
358 2515 496 2597 τοιαύτην
514 2520 624 2580 αἰτίαν
653 2514 788 2601 Ἐπειδὴ,
820 2520 909 2600 φησί,
941 2524 995 2581 τοῦ
1012 2524 1088 2581 θεοῦ
1106 2524 1166 2583 τῶν
1180 2516 1331 2587 Ἰουδαίαν

176 2619 254 2682 ἐστὶν
278 2614 297 2699 ἡ
317 2616 483 2693 άυάτταυσις
507 2625 559 2681 τοῦ
582 2620 780 2702 πεποιηκότος
804 2620 855 2686 τδν
876 2622 1004 2703 κόσμον,
1034 2622 1084 2684 καὶ
1107 2622 1139 2685 ίν
1159 2628 1198 2711 τῇ
1218 2620 1330 2713 ἑβδόμη

175 2717 269 2806 ἡμέρᾳ
290 2718 555 2802 ἀναπαυσαμένου,
586 2718 670 2802 ἡμεῖς
686 2723 888 2805 νηστεύσωμεν
904 2719 1029 2804 ταύτην,
1057 2726 1107 2787 ’ίνα
1125 2720 1167 2805 μη
1185 2722 1218 2788 τδ
1236 2732 1331 2809 καθῇ

174 2829 301 2887 κοντοῦ
318 2829 395 2886 θεοῦ
413 2830 472 2886 τῶν
488 2821 640 2887 Ἰουδαίων
658 2825 857 2910 ἐργαζώμεθα.
905 2822 968 2907 Τὴν
982 2832 1035 2907 τῆς
1051 2824 1162 2909 οαριτδς
1183 2826 1217 2891 δέ
1233 2824 1335 2893 άθετεῖ

175 2922 346 3003 άνάσταοιν,
377 2923 515 3008 καθάπερ
535 2928 636 2990 πολλαί
656 2935 716 2992 τῶν
734 2930 888 3013 αίρέσεων,
917 2934 1017 3009 ψυχῆς
1034 2928 1067 2992 δέ
1082 2924 1244 2995 άυάστασιν
1257 2926 1332 2995 εἶναι

173 3028 263 3112 λέγει,
286 3030 336 3091 καὶ
352 3026 429 3110 ζωὴν
445 3030 495 3091 καί
510 3032 657 3113 σωτηρίαν
671 3030 771 3113 μόνης.
819 3027 865 3095 Οά
880 3031 972 3113 μόνον
988 3030 1019 3095 δέ
1034 3028 1106 3115 παρ’
1121 3028 1203 3121 αὐτῷ
1215 3036 1252 3097 δν
1265 3038 1331 3099 Iov·

174 3127 245 3214 τρδν
260 3133 388 3206 δίδοται,
420 3127 490 3193 άλλοὶ
506 3133 555 3195 καί
573 3134 628 3207 ἕως
645 3140 732 3213 τριῶν
749 3141 896 3219 λουτρῶν,
926 3134 976 3196 καὶ
994 3134 1130 3197 ἐπέκεινα
1146 3136 1238 3211 ἔξεστι
1253 3132 1331 3203 διδά-

175 3259 223 3296 υαι
239 3229 306 3313 παρ’
322 3230 423 3307 αὐτοῖς
439 3240 480 3320 τῷ
495 3236 682 3322 βουλομένῳ,
707 3233 748 3311 ῶς
762 3234 843 3319 παρά
857 3242 973 3300 πολλῶν
986 3232 1110 3316 άκιίκοοι.
1154 3240 1331 3323 Σνμβέβηιι

175 3337 206 3399 δὲ
227 3343 314 3401 τοῦτο
337 3337 474 3421 γενέσθιιι
497 3334 593 3425 αὐτῷ,
625 3336 657 3402 τδ
681 3340 819 3417 έφίεσθαι
842 3343 907 3425 τρία
924 3336 1032 3421 λουτρά
1050 3341 1208 3419 δίδοσθαι,
1240 3338 1332 3425 δι’ἣο

175 3435 275 3521 ὑπεῖχε
295 3438 399 3521 χλειίην
417 3438 498 3522 παρά
515 3446 573 3504 τῶν
590 3437 681 3505 αάτδν
698 3440 871 3527 ἐγνωκότων
888 3446 1033 3523 μαθητῶν
1048 3438 1159 3517 αὐτοῦ,
1188 3444 1223 3509 έκ
1239 3468 1331 3529 παρι-

175 3541 335 3623 πτῶματός
352 3568 383 3606 τε
401 3544 452 3606 καὶ
469 3550 592 3627 φθορᾶς
607 3550 661 3626 τῆς
677 3547 719 3619 είς
734 3542 788 3625 τήν
804 3546 956 3628 παρθένον
971 3546 1172 3629 γεγενημένης.
1212 3542 1332 3629 Ἐπειδὴ

175 3648 303 3727 φθείρας
325 3647 356 3709 ἐν
378 3654 412 3734 τῇ
434 3647 542 3710 ἑαυτοῦ
565 3644 647 3710 πόλει
663 3646 717 3729 τὴν
733 3648 887 3730 παρθένον
908 3648 975 3724 καί,
1007 3644 1181 3732 ἀποδράσας
1199 3648 1270 3731 μίν,
1299 3649 1331 3716 b

175 3744 388 3830 παραπτώματι
415 3746 529 3837 μεγάλῳ
554 3746 680 3832 εὑρέθη,
713 3748 871 3831 ἐπενόησεν
893 3746 911 3814 δ
933 3746 1061 3834 ιίγάρτης
1082 3750 1179 3839 ἑαυτῷ
1196 3750 1332 3835 δεύτερον

173 3848 312 3932 λουτρὸν,
335 3848 435 3931 φήσας
452 3849 513 3931 ὅτι,
528 3849 662 3929 Ἔξεστιν
680 3854 736 3927 ἕως
751 3858 842 3935 τριῶν
857 3860 1004 3935 λουτρῶν,
1025 3852 1156 3919 τουτέστι
1171 3860 1264 3939 τριῶν
1279 3856 1330 3937 βο·

174 3959 326 4033 πτισμῶν,
355 3954 396 4027 είς
413 3950 521 4032 δίφεσιν
537 3950 688 4039 ἁμαρτιῶν
706 3958 862 4031 δίδοσθαι,
892 3951 931 4019 ἵν’
953 3958 982 4019 εί
995 3980 1041 4029 τις
1055 3954 1223 4038 παρίπυοεν
1239 3950 1330 4033 τίςοδ

176 4061 305 4136 πρῶτον,
320 4052 399 4141 λάβη
414 4053 552 4140 δεύτερον
566 4056 758 4139 μετανοήσας,
777 4057 829 4121 καί
843 4062 940 4139 τρίτον
954 4053 1103 4135 ῶςαάτοις,
1124 4056 1177 4123 liv
1190 4060 1225 4123 έν
1238 4082 1330 4145 παρα·

174 4154 308 4235 πτῶματι
327 4154 398 4237 μετά
415 4154 448 4221 τδ
465 4156 603 4243 δεύτερον
618 4161 744 4245 γένηται.
791 4162 880 4245 Φέρει
901 4160 933 4225 δὲ
953 4163 1047 4241 δῆθεν
1073 4162 1125 4223 ἵνα
1145 4158 1200 4243 τὴν
1222 4164 1330 4231 im&

173 4256 278 4339 χλεάην
299 4254 438 4347 άνασῶση
460 4260 501 4333 είς
522 4262 707 4346 παράστασιν
728 4259 836 4339 αάτοῦ,
866 4260 912 4327 δ’τι
933 4259 966 4327 τά
984 4260 1056 4344 μετά
1071 4260 1105 4326 τδ
1122 4260 1220 4329 ατίτοῦ
1235 4262 1329 4351 uqi·

176 4386 280 4442 πτωμα
302 4359 391 4426 πάλιν
407 4364 597 4447 ἐκαθαρίσθη
619 4366 669 4429 καὶ
689 4363 793 4430 λοιπδν
815 4367 847 4430 έν
865 4362 982 4439 α’θοίοις
997 4360 1136 4450 ὖποίρχει,
1166 4374 1331 4455 μαρτυρία

175 4464 242 4549 περὶ
265 4462 373 4529 τούτου
391 4468 589 4549 ψευδηγορῶν
612 4465 653 4542 ῶς
677 4466 853 4551 4πιθανὴν,
881 4468 1048 4551 δυναμένην
1063 4468 1264 4553 έξαποτῆοιττ,
1292 4466 1330 4539 ον’

209 4604 268 4653 Cn.
283 4606 312 4655 ΙΙ.
332 4634 362 4643 -
384 4606 405 4658 1.
422 4608 457 4657 ίίο
471 4608 565 4669 scripsit
577 4608 688 4658 Ριλανίιιι
701 4610 752 4659 οοδ.
769 4610 842 4659 Vatia.
855 4612 954 4661 ῶτυίκο.
988 4610 1015 4659 ln
1028 4608 1084 4659 οΙΙΙ.
1094 4610 1172 4671 πλεο.
1184 4614 1251 4663 σία
1263 4608 1329 4679 μίχι
