3046 5084
287 329 346 391 292
704 332 824 384 οιυουι
843 333 1011 383 τοιουτου

287 457 445 540 άνωτέρυ,
464 454 512 518 ὅτε
530 450 719 534 νηπιάζοντος
737 447 884 532 ἀνῆλθον,
908 451 1013 532 φησὶν,
1036 450 1066 514 οί
1080 451 1148 534 περὶ
1162 446 1275 533 Ἰωσὴφ
1293 452 1346 515 καί
1364 458 1440 515 Μα-

287 559 357 642 ριάμ
374 561 414 634 είς
429 552 620 642 Ἰερουσαλὴμ
636 559 835 638 προςκυνῆσαι
848 555 879 617 έν
894 560 929 641 τῇ
945 554 1043 640 ἑορτῇ,
1064 553 1115 617 καὶ
1133 549 1333 635 άνέκαμπτον,
1356 556 1436 636 έμει·

287 688 336 727 υευ
350 659 483 744 Ἰησοῦς,
505 659 554 723 καλ
571 654 691 738 ἐζήτουν
704 653 795 721 αδτδν
811 658 844 721 έν
858 662 894 745 τῇ
911 653 1082 743 ὁδοιπορίᾳ,
1105 657 1156 720 καί
1174 658 1207 721 έν
1221 665 1283 733 τοῖς
1298 659 1436 743 συγγενέ-

288 787 335 829 σιν
351 761 462 842 αὐτῶν,
484 763 535 826 καί
553 757 604 842 οὐχ
620 757 770 843 ηὕρισκον.
815 753 886 840 Εἶχε
901 756 956 843 γάρ
973 753 993 839 6
1009 761 1116 842 Μαρία
1132 759 1307 844 συγγένειαν.
1350 757 1436 825 Ἀνα-

287 867 432 950 κάμψασα
451 865 549 929 δὲκαὶ
566 858 692 947 εδροῦσα
711 858 800 926 αάτδν
817 862 875 942 ἔφη
894 857 981 949 αὐτῷ,
1008 864 1043 925 Τί
1059 858 1131 944 ἡμῖν
1146 864 1296 945 ἐποίησας,
1314 862 1437 941 τέτνονς

287 967 369 1034 Ἰδοδ
391 967 446 1053 έγοί
467 969 518 1031 καί
540 963 557 1031 6
579 963 674 1049 πατήρ
693 986 747 1029 σου
766 961 948 1044 ὀδυνώμενοι
966 965 1121 1046 έζητοῦμέν
1136 984 1177 1029 σε.
1217 961 1268 1031 Ἐν
1282 963 1363 1043 τάξει
1377 962 1438 1050 γάρ

289 1069 400 1154 πατρδς
415 1068 433 1135 6
448 1067 561 1150 Ἰωσηφ
579 1065 656 1155 αὐτῷ
674 1064 817 1152 ὑπῆρχεν,
846 1063 882 1130 οδ
901 1064 956 1151 γάρ
978 1057 1017 1148 ἦν
1038 1064 1118 1155 αὐτῷ
1130 1064 1226 1152 πατὴρ
1242 1065 1318 1132 κατά
1334 1065 1437 1148 φύσιν.

289 1171 366 1237 Εἶτα
382 1170 399 1237 6
415 1171 517 1257 κύριος
533 1167 609 1255 πρδς
624 1166 730 1251 αὐτὴν,
757 1172 791 1232 Τί
805 1167 851 1233 ίίτι
868 1169 989 1250 ἐζητεῖτέ
1004 1194 1053 1250 με;
1076 1167 1131 1235 οὐκ
1147 1167 1243 1257 ᾔδειτε
1263 1169 1308 1235 ὅτι
1325 1172 1358 1236 έν
1372 1179 1439 1247 τοῖς

289 1284 342 1341 τοῦ
365 1272 475 1360 πατρός
497 1299 554 1355 μου
578 1276 625 1336 δεῖ
644 1268 719 1335 είναί
739 1295 788 1352 με;
817 1274 966 1352 σημαίνων
985 1272 1031 1336 ὅτι
1050 1269 1068 1337 6
1086 1269 1158 1347 ναδς
1176 1274 1217 1348 είς
1234 1269 1328 1354 ὄνομα
1346 1279 1436 1352 θεοῦ,

289 1380 418 1444 τουτέστι
432 1383 485 1442 τοῦ
504 1372 596 1439 αὐτοῦ
614 1371 740 1459 πατρίς,
763 1371 953 1461 ᾠκοδομήθη.
998 1376 1041 1437 Εἰ
1053 1378 1154 1440 τοίνυν
1169 1371 1229 1439 άπδ
1247 1380 1356 1457 νηπίου
1373 1371 1439 1441 οίδε

289 1479 341 1546 τδν
362 1482 435 1545 ναδν
451 1480 502 1544 καί
518 1475 569 1541 τδν
587 1478 712 1562 πατέρα,
739 1473 794 1541 οὐκ
814 1473 872 1560 άρα
889 1473 978 1556 ψιλός
996 1474 1157 1561 άνθροιπος
1175 1473 1193 1542 6
1208 1479 1362 1561 γεννηθείς
1375 1475 1437 1561 Ἰη-

290 1590 370 1662 σοῦς,
394 1579 462 1647 οὐδὲ
478 1578 548 1663 μετά
562 1577 594 1644 τά
613 1576 785 1664 τριακοστόν
801 1581 876 1657 έτος,
898 1575 969 1659 μετά
983 1575 1016 1644 τδ
1032 1582 1131 1644 ἐλθεῖν
1147 1581 1188 1654 είς
1203 1577 1294 1645 αάτδν
1307 1578 1340 1645 τδ
1356 1576 1439 1656 είδος

291 1693 344 1767 τῆς
364 1689 548 1770 περιστερᾶς,
579 1680 644 1758 υίδς
662 1683 713 1746 καί
735 1678 862 1766 Χριστδς
879 1682 1023 1760 έκαλείτο,
1052 1679 1123 1746 άλλά
1141 1679 1235 1758 εδθδς
1252 1684 1284 1749 έν
1300 1691 1364 1759 τοῖς
1381 1689 1439 1749 τοῦ

292 1785 402 1873 πατρὸς
418 1784 508 1850 αὐτοῦ
524 1788 585 1848 δεῖν
599 1781 689 1849 αδτδν
702 1780 777 1848 εἶναι
789 1786 947 1850 ἐδίδασκεν.
996 1783 1081 1849 ιὍτι
1093 1785 1125 1848 δέ
1140 1781 1158 1850 6
1170 1782 1284 1868 Ἰωσὴφ
1298 1781 1364 1868 οιίγλ
1378 1811 1438 1851 πα-

292 1889 345 1975 τὴρ
364 1887 456 1955 αὐτοῦ
472 1879 524 1970 ἦν,
555 1883 625 1969 άλλά
644 1888 675 1951 έν
691 1886 769 1964 τάξει
786 1885 911 1972 πατρδς,
940 1884 1029 1952 άκουε
1050 1891 1102 1952 τοῦ
1121 1883 1213 1953 αάτοῦ
1232 1885 1440 1974 εὐαγγελιστοῦ

292 1995 439 2078 λέγοντος,
460 1998 513 2055 τοῦ
530 1987 700 2076 γράψαντος
717 1987 775 2055 άπδ
792 1988 951 2075 προςοίπου
969 1993 1094 2074 Μαρίας
1106 1988 1167 2070 ὅτι,
1187 1986 1260 2076 Ἐγοί
1277 1992 1328 2056 καί
1346 1987 1364 2056 6
1380 2016 1438 2056 πα-

292 2094 344 2181 τήρ
362 2117 416 2160 σου
434 2092 614 2175 ὀδυνώμενοι
632 2094 786 2174 έζητοῦμέν
804 2113 842 2157 σε.
890 2091 985 2157 Πάλιν
1005 2096 1069 2167 πῶς
1084 2089 1191 2179 γράφει
1208 2094 1299 2178 λέγειν
1306 2130 1320 2171 ,-
1331 2085 1390 2160 Ἠν
1403 2096 1439 2162 δέ

292 2196 410 2280 Ἰησοῦς
431 2194 589 2282 άργάμενος
610 2192 682 2260 εἶναι
704 2191 745 2270 τίς
763 2198 835 2259 ἐτῶν
851 2192 1021 2280 τριάκοντα,
1052 2191 1094 2259 τίν
1110 2190 1191 2275 υίδς,
1222 2192 1263 2271 τίς
1279 2197 1437 2278 ἐνομίζετο,

291 2299 413 2383 Ἰωσήφ.
453 2296 503 2364 Ἐν
518 2299 549 2363 δὲ
562 2304 602 2387 τῷ
618 2301 717 2377 εἰπεῖν,
738 2294 789 2373 Ὡς
803 2300 959 2379 ἐνομίζετο,
980 2299 1086 2375 ἔδειξεν
1097 2294 1189 2365 αάτδν
1202 2295 1244 2381 μὴ
1257 2293 1332 2366 εἶναι
1342 2296 1439 2366 αιίταῦ

292 2403 374 2484 υίδν,
395 2399 464 2469 άλλά
485 2407 663 2485 νομίζεσθαι.

161 2614 227 2681 Κεφ.
245 2606 273 2664 λ’·
371 2606 532 2689 Ἑπιλείψει
553 2600 585 2671 δέ
606 2631 657 2687 μοι
678 2602 695 2670 6
715 2603 819 2691 χρόνος
840 2605 1024 2694 διηγουμένῳ
1040 2608 1083 2682 είς
1098 2604 1280 2693 παράστασιν
1295 2610 1348 2689 τῆς
1363 2602 1433 2688 άλη·

292 2715 392 2789 θείας,
421 2712 472 2775 καλ
494 2712 536 2784 είς
556 2710 670 2794 έλεγγον
690 2715 741 2789 τῆς
762 2705 1020 2792 ματαιοφροσάνης
1038 2705 1178 2791 Ἐβίανος
1198 2710 1251 2775 καί
1269 2713 1322 2777 τοῦ
1340 2704 1434 2775 αάτσῦ

291 2813 570 2898 παραπεποιημένου
597 2809 837 2895 1ματαιοήιρονος
855 2814 1067 2877 διδασκαλείου.
1113 2810 1240 2879 έΠόθτν
1257 2809 1314 2899 γάρ
1331 2806 1370 2879 στί
1383 2832 1436 2877 σα·

294 2916 347 2997 φές
368 2914 406 2981 άν
426 2920 471 2999 είη
493 2913 537 2979 ὅτι
561 2911 597 2978 οά
612 2912 707 2998 πατὴρ
727 2905 907 2997 ἦν’λασῆφ,
936 2910 995 2978 ἄλλ’
1011 2916 1043 2981 έν
1057 2912 1134 2993 τάξει
1147 2912 1261 3001 πατρίς
1274 2916 1436 2998 ένομίζττσς

291 3014 368 3083 Ἰδοά
383 3016 457 3103 γάρ,
486 3017 593 3099 φησίν,
622 3013 642 3099 6
661 3018 811 3100 παρθένος
825 3019 857 3081 ἐν
871 3019 973 3102 γαστρί
987 3019 1060 3097 ἕξει,
1087 3018 1137 3082 καί
1153 3019 1262 3096 τέξεται
1275 3015 1356 3097 νίδν,
1384 3020 1440 3085 καλ

174 3153 224 3199 μς.
238 3139 281 3185 156.
296 3118 351 3187 οιίκ
368 3118 463 3201 εἶπεν,
490 3118 567 3185 Ἰδοδ
584 3116 604 3201 6
619 3117 701 3204 γυνή.
746 3121 807 3183 Καὶ
821 3116 909 3185 πάλιν
923 3122 954 3185 έν
970 3120 1057 3208 ἑτέρῳ
1071 3117 1152 3209 τόπῳ
1168 3120 1257 3207 λέγει,
1287 3122 1348 3185 Καί
1362 3122 1439 3200 τέξε-

291 3252 340 3291 ται
355 3222 376 3308 6
389 3222 526 3308 δάμαλις,
547 3223 599 3287 καλ
614 3225 747 3306 ἐροῦσιν,
773 3218 818 3286 οά
834 3223 956 3288 τέτοκεν.
997 3220 1116 3305 Ἐπειδὴ
1131 3220 1187 3309 γάρ
1204 3246 1280 3300 τινες
1291 3229 1352 3289 τῶν
1366 3230 1442 3289 Μα-

292 3332 411 3412 νιγαίων
432 3328 483 3392 καί
505 3331 740 3411 Μαρκιανιστῶν
761 3325 894 3409 λέγουσιν
914 3323 1004 3391 αάτδν
1025 3323 1067 3408 μὴ
1089 3327 1234 3409 τετέχθαι,
1262 3322 1313 3391 διδ
1336 3331 1440 3408 τοῦτο,

298 3434 422 3509 Τέξεται,
437 3432 489 3495 καί
504 3431 631 3514 ἐροῦσιν,
648 3425 694 3492 Οιί
706 3429 834 3493 τέτοκεν1
857 3426 959 3511 ἐπειδὴ
973 3425 1011 3494 οά
1025 3429 1141 3494 τέτοκεν
1153 3424 1174 3512 6
1188 3431 1293 3515 Μαρία
1305 3429 1441 3515 έκσπέρ-

294 3560 385 3614 ματος
401 3531 516 3617 άνδρός.
561 3533 622 3596 Καί
637 3523 720 3597 οὗτοι
737 3531 873 3612 μανέντες
888 3531 1005 3616 λέγουσι
1018 3534 1139 3612 ψευδῶς
1157 3534 1192 3598 έκ
1205 3532 1371 3617 σπέρματος
1386 3529 1442 3605 άνο,

294 3634 364 3717 δρδς
378 3632 470 3717 αὐτὴν
482 3635 688 3721 γεγεννηκέναι.
717 3634 895 3718 Γεγέννηκεν
907 3625 962 3699 οὖν
974 3631 995 3716 6
1013 3632 1160 3716 ι’δάμαλις
1170 3636 1202 3701 έν
1213 3630 1349 3723 άληθείγ,
1363 3632 1443 3701 aab

293 3733 455 3821 άνθρονπον
469 3740 500 3802 ἐν
516 3735 648 3826 άληθείγ.
692 3737 753 3800 Καί
767 3734 812 3802 ὅτι
826 3736 880 3817 μέν
893 3733 1017 3819 δάμαλις
1031 3733 1052 3820 6
1064 3738 1216 3824 παρθένος
1227 3746 1365 3818 καλεῖται,
1387 3739 1442 3804 καλ

294 3836 327 3903 τδ
341 3837 447 3920 ταύτης
458 3844 602 3922 λείψανον
611 3837 797 3925 καθαρισμδς
807 3829 846 3922 ἦν
857 3845 917 3904 τείν
928 3842 1160 3922 κεκοινωμέναν,
1175 3838 1267 3908 άκουε
1277 3848 1332 3907 τοῦ
1342 3838 1443 3924 νόμον

293 3941 441 4024 λέγοντος,
462 3942 547 4024 Λάβε
561 3970 612 4026 μοι
623 3941 748 4026 δάμαλιν
762 3938 891 4027 πυρράν·
912 3944 963 4006 ἵνα
978 3945 1056 4033 δείξη
1070 3940 1104 4008 τδ
1120 3944 1254 4011 έκλειττδν
1269 3950 1375 4020 σκεῦος
1387 3950 1445 4027 τῆς

294 4045 431 4128 Μαρίας,
462 4042 511 4108 διά
531 4043 562 4110 τδ
584 4046 737 4131 πυροειδὲς
756 4051 810 4128 τῆς
824 4050 878 4109 τοῦ
895 4050 1028 4130 σωτῆρος
1043 4044 1187 4130 θεότητος
1202 4047 1340 4133 γωρηθέυ
1354 4047 1389 4112 λυ
1403 4050 1445 4137 τῇ

294 4145 443 4232 παρθένῳ.
488 4151 556 4232 Πῦρ
573 4146 628 4231 γάρ
647 4145 770 4226 δθεός,
793 4149 883 4231 φησί,
904 4152 1122 4215 καταναλίσκον.
1166 4154 1228 4215 Καί
1241 4169 1335 4234 φησιν
1351 4146 1371 4216 6
1389 4146 1442 4217 τά·

294 4273 364 4329 μσς,
386 4244 520 4329 Δάμαλιν
532 4247 663 4333 πυρράν,
685 4247 731 4330 ἐφ’
749 4242 768 4339 6
783 4249 871 4336 ζνγδς
886 4247 943 4317 οάκ
956 4248 1138 4335 άναβέβηκεν
1153 4253 1204 4319 ἐπί
1218 4249 1272 4320 τάν
1285 4250 1443 4338 τράχηλον,

329 4437 386 4488 cm
398 4438 498 4490 XXIX.
513 4466 547 4478 —
565 4441 586 4489 1.
603 4438 648 4492 καί
664 4433 705 4493 ὅτι
719 4444 786 4493 habet
796 4444 847 4494 τοδ.
924 4443 981 4495 Cn.
999 4444 1088 4495 XXX.
1112 4470 1144 4483 -
1177 4444 1200 4496 1.
1219 4441 1445 4513 ματαισφρσσιίτης

295 4508 369 4557 Valde.
884 4514 935 4563 τσδ.
952 4515 1025 4563 Vatia

916 4580 942 4633 2.
958 4569 1284 4651 Πῶςγδροίκδνοαφδς
1298 4580 1444 4636 “mm
