3046 5084
381 368 517 420 rnuauu
532 369 598 422 utu
609 371 629 423 r.
647 369 729 423 nou.
739 370 784 420 ru.
803 370 901 420 nasu.
915 370 996 420 xntt.
1206 357 1265 420 671

116 503 157 549 ex
171 485 230 550 illis
244 485 317 571 ipsis
331 487 478 571 evangelii
491 488 622 574 reliqniis
635 489 797 575 quaetupud
813 501 842 552 te
858 488 984 574 scriptae
998 486 1195 573 reperiuntur,
1217 509 1269 552 oe·

115 608 171 672 que
195 588 297 652 fraudo
322 599 371 652 tna
387 602 447 656 ‘voa
469 589 677 657 circumveniri
697 591 832 676 quatimur.

201 687 302 754 Sohol.
320 690 365 755 lll
381 704 411 756 et
426 692 563 757 XXVII.
597 696 737 756 Habentes
758 705 850 756 nutem
867 698 981 755 eundem
1001 697 1129 774 spr'ritum
1143 696 1222 774 fidei
1240 704 1420 759 attenuato.

113 815 166 854 noa
182 797 330 870 credamus,
350 807 468 876 propter
481 800 557 877 quod
568 809 598 859 et
611 799 760 879 loquimur.
807 793 865 860 Ubi
879 816 969 860 voees
982 794 1048 860 illas
1063 796 1196 860 sustulit:
1221 800 1268 858 Si-

114 907 166 957 eut
184 902 320 978 saraptam
342 910 394 960 est.

200 997 302 1063 Rulut.
318 998 363 1062 lll
378 1014 408 1066 et
426 1001 563 1066 XXVll.
599 1001 790 1087 Quoonmque
807 1001 957 1065 audaciam
978 1011 1055 1064 tuam
1073 1001 1267 1078 converteris,

114 1101 224 1165 nullum
240 1124 298 1186 quo
314 1113 343 1166 te
359 1103 473 1168 inseras
490 1104 599 1168 aditum
616 1105 761 1169 invenies.
808 1102 879 1168 Sive
896 1104 974 1167 euim
991 1103 1039 1167 illa
1057 1103 1164 1182 uerba,
1189 1107 1272 1164 Siout

113 1209 249 1285 omentum
271 1217 328 1280 est,
362 1206 478 1284 deleas,
510 1207 743 1270 antecedentiam
761 1207 919 1270 verborum
940 1206 1005 1291 ipsa
1024 1207 1117 1270 series
1135 1216 1265 1290 apparet.

114 1303 188 1370 Post
210 1308 282 1371 lmen
304 1308 381 1371 enim
405 1309 513 1388 verba,
548 1313 665 1371 Credidi
675 1321 793 1390 propter
811 1314 886 1390 quod
906 1313 1016 1370 loeutus
1037 1332 1112 1383 sum,
1147 1306 1269 1372 subinde

114 1410 246 1492 nequalia
262 1409 443 1495 subiungens
464 1411 505 1475 ait
524 1411 690 1496 apostolus,
719 1414 859 1474 Habentes
875 1417 990 1474 eundem
1005 1415 1133 1491 spiritum
1147 1413 1226 1491 fidei
1242 1422 1270 1472 et

113 1534 165 1574 noa
183 1516 337 1588 deoduinus,
367 1519 577 1595 propterquod
593 1516 743 1596 loquum.
789 1512 887 1578 Nemo
906 1525 1004 1578 autem
1025 1513 1094 1577 illud
1113 1514 1267 1597 ignorate

113 1614 226 1698 psalmo
242 1612 362 1694 CXV,
394 1617 440 1680 oni
458 1616 627 1702 inscriptum
644 1627 691 1680 ost
705 1621 850 1690 Alleluia,
884 1618 989 1700 quique
1007 1617 1037 1679 in
1057 1614 1178 1679 Doridis
1194 1616 1268 1679 libro

113 1716 222 1801 legitur
235 1729 265 1782 et
278 1717 356 1782 inter
370 1719 434 1783 eius
449 1719 568 1782 oracula
583 1729 732 1800 densetur,
751 1721 842 1782 verba
857 1719 904 1781 illa
921 1739 989 1781 esse
1002 1719 1182 1803 depromptu,
1202 1722 1268 1780 Cre-

114 1823 177 1882 dim·
188 1833 242 1884 ete.
289 1818 373 1885 Unde
390 1830 421 1884 et
436 1821 586 1907 apostolus
599 1821 742 1885 eiusnodi
758 1821 934 1885 seutentiam
951 1820 1115 1897 transtulit,
1139 1841 1173 1883 nc
1189 1819 1269 1883 simi·

114 1921 182 1986 liter
199 1925 364 2009 expressit:
388 1929 508 2004 Propter
521 1927 597 2004 quod
609 1928 748 1986 credemus
762 1936 791 1985 et
802 1946 853 1985 euos
866 1935 894 1984 et
906 1928 1063 2004 loqm'mur:
1086 1922 1136 1985 ille
1151 1925 1267 2006 inquam

115 2021 237 2104 Paulus,
263 2026 311 2110 qui
328 2048 367 2091 ex
382 2027 580 2112 apostolorum
596 2047 718 2090 numero
734 2047 808 2089 uuus
824 2026 932 2089 extitit.
980 2022 1093 2088 ldnirco
1109 2045 1166 2087 non
1182 2025 1266 2102 dixit,

113 2133 234 2210 Propter
251 2133 326 2210 quod
342 2142 370 2191 et
388 2133 511 2202 credidi,
543 2141 572 2190 et
588 2134 698 2190 loerrtua
714 2151 790 2201 arem,
823 2129 892 2205 sed,
925 2132 985 2189 Nos
1001 2132 1140 2189 credemus
1152 2139 1269 2207 propter

113 2236 189 2313 quod
204 2244 234 2294 et
252 2235 406 2313 loquamur,
440 2242 472 2294 ut
488 2251 521 2295 se
539 2252 603 2294 num
623 2229 744 2315 reliquis
759 2230 900 2316 apostolis
919 2231 1122 2315 coniungeret.
1169 2226 1269 2312 Quare

113 2335 155 2398 ita
169 2334 305 2419 scripsits
330 2336 472 2396 Habentes
485 2338 600 2396 umdem
613 2339 759 2415 spirituum·
784 2345 816 2397 nt
833 2334 1002 2397 ostenderet
1016 2334 1094 2398 illum
1109 2333 1203 2418 ipsum
1221 2334 1269 2416 qui

114 2456 167 2522 por
180 2434 323 2500 Davidem
341 2436 514 2520 loquebatur
528 2458 582 2522 per
598 2438 748 2522 apostolos
764 2457 879 2529 qqoqne
895 2435 1027 2521 spiritum
1045 2456 1111 2499 esse
1127 2437 1267 2512 lonutnm,

112 2538 196 2602 ouius
214 2538 262 2602 ille
279 2540 424 2622 quondam
443 2539 567 2623 impulsu
585 2539 749 2603 vaticinans
767 2537 904 2618 eredidit,
939 2549 968 2601 et
983 2540 1019 2601 ad
1036 2538 1160 2602 eundem
1178 2537 1268 2623 perti·

113 2652 218 2705 nentes
235 2641 283 2705 isti
301 2642 387 2705 modo
403 2642 527 2704 eredunt
544 2641 761 2725 adloquuntur.
810 2639 954 2704 Versatur
970 2652 1065 2704 autem
1083 2641 1112 2722 in
1130 2640 1186 2703 hoo
1203 2640 1268 2704 looo

113 2742 294 2828 intelligendi
316 2765 352 2807 ao
373 2743 538 2827 disputandi
559 2765 700 2827 perversu
722 2745 862 2827 quaedam
885 2765 919 2806 ao
943 2745 1053 2806 lraudis
1075 2743 1160 2828 plena
1179 2742 1267 2806 ratin.

113 2844 192 2910 Nam
216 2868 281 2910 oum
304 2847 455 2931 apostolus
479 2868 567 2909 unum
593 2846 774 2931 eundemque
797 2845 928 2932 spiritum
955 2867 1021 2910 esse
1047 2845 1179 2923 deliniat,
1213 2866 1269 2928 qua

113 2950 210 3013 fronte
234 2969 338 3012 vecors
361 2948 409 3012 illa
429 2946 563 3027 Marcio,
595 2949 644 3033 qui
667 2948 746 3012 illam
766 2970 935 3033 germanam
960 2947 1083 3032 apostoli
1106 2946 1267 3011 orationem

113 3071 180 3115 osse
202 3073 261 3115 uon
285 3062 373 3135 negat
393 3051 480 3115 alium
506 3063 574 3115 tuno
597 3052 729 3137 spiritum
750 3052 841 3116 luisse
859 3074 944 3136 qnam
966 3052 1014 3136 qui
1032 3051 1171 3137 apostolis
1189 3050 1269 3114 deiu-

114 3175 182 3241 oeps
205 3154 323 3218 alluerit
344 3175 433 3218 ausus
456 3165 502 3218 est
524 3154 674 3239 profiteri?

250 3345 297 3393 EX
316 3344 476 3395 urtSToLt
493 3345 538 3394 AD
556 3343 730 3406 ROMANOS,
753 3344 843 3406 QUAE
863 3344 923 3395 esT
944 3343 1068 3392 ORDINE
1087 3343 1130 3391 tv.

197 3461 264 3526 lloo
288 3464 366 3526 enim
392 3463 494 3526 ordine
518 3485 535 3525 a
558 3459 712 3526 Illaroinne
740 3464 873 3547 ponitur3
906 3483 942 3525 ue
967 3461 1033 3545 quid
1059 3472 1171 3524 neotum
1194 3463 1267 3547 apud

112 3566 192 3630 illum
215 3587 249 3629 ao
271 3584 441 3649 germanum
466 3565 641 3650 reperiatur.
678 3640 683 3644 ,

197 3665 299 3732 Sohul.
315 3667 327 3729 I
345 3679 374 3731 et
389 3666 539 3732 XXVIII.
576 3673 750 3749 (inituroque
758 3675 819 3730 erite
834 3671 896 3748 lege
908 3680 1106 3749 peecaverunt,
1130 3672 1191 3729 sirm
1206 3671 1268 3748 lege
1281 3690 1420 3745 ratmunt.

112 3783 140 3832 et
149 3773 299 3852 pendunt,
324 3783 352 3832 et
364 3777 529 3852 quatumque
544 3777 573 3832 in
588 3775 650 3852 tege
660 3783 863 3852 peccauerunt,
885 3794 939 3851 pen
954 3772 1265 3859 legemfltitdieaduntur.

111 3875 177 3934 Non
193 3879 266 3935 enim
283 3879 427 3935 nttdt'tores
444 3878 515 3954 legin
534 3879 604 3934 rusti
618 3879 693 3954 apud
710 3878 804 3946 deum,
837 3878 887 3934 sed
899 3877 1024 3954 foetores
1038 3868 1114 3951 legis
1131 3875 1268 3952 iustifica-

113 3977 228 4038 duntur.

197 4077 300 4142 Relut.
323 4076 331 4139 l
352 4090 381 4141 et
397 4078 549 4142 XXVlll.
587 4078 619 4144 Si
644 4078 817 4163 quicumque
843 4079 906 4143 siue
932 4079 997 4162 lege
1022 4090 1180 4163 peccarunt
1202 4077 1267 4140 sine

113 4180 180 4265 lege
196 4181 319 4267 perituri
335 4192 415 4259 sunt,
440 4184 572 4267 prolecto
588 4182 639 4245 loa
653 4181 776 4245 salntem
794 4182 950 4246 observata
967 4179 1120 4258 conciliat,
1145 4201 1200 4243 neo
1215 4200 1267 4243 eos

112 4283 161 4366 qui
175 4293 297 4348 servant
312 4283 408 4368 perire
423 4282 574 4368 permittit.
613 4281 687 4347 Item
704 4283 729 4348 si
747 4284 795 4368 qui
811 4285 839 4347 in
856 4284 920 4368 luge
936 4294 1095 4368 pennarnnt
1109 4303 1161 4368 per
1173 4282 1266 4367 legem

111 4384 256 4450 iudioundi
275 4396 361 4465 snut,
386 4386 476 4450 iudea
490 4386 579 4470 igitur
593 4386 858 4471 transgressionum
874 4386 925 4450 lex
941 4397 1001 4467 est,
1026 4406 1101 4470 queo
1117 4407 1174 4449 non
1193 4385 1267 4448 iute-

144 4605 186 4664 78.
205 4609 278 4673 Vntqo
297 4605 341 4664 διὰ
358 4605 497 4676 νοημάτων.
739 4609 780 4666 79.
798 4614 878 4674 Supra
897 4605 1016 4677 trudunt
