3046 5084
278 322 338 384 m
699 326 1004 378 smmmffl

277 448 337 532 θήλ
359 449 411 513 καί
427 443 556 531 Ἐφραίμ
574 445 623 510 ἐπί
639 441 693 525 τήν
709 440 827 526 ιίρεινήν
843 440 1024 529 ἀνερχομένῳ
1042 439 1102 506 άπδ
1119 448 1171 523 τῆς
1186 438 1342 527 Ἱεριχοῦς,
1370 447 1426 509 καί

277 547 476 631 ἀντιβάλλοντι
491 544 567 631 πρὸς
584 541 675 609 αῦτδν
690 545 756 627 περὶ
772 549 824 626 τῆς
839 551 894 608 τοῦ
911 550 1040 626 Χριστοῦ
1055 547 1234 629 παρουσίας,
1265 547 1315 610 καλ
1329 542 1424 611 αῦτοῦ

277 650 318 734 μή
335 648 538 733 ἀντιλέγοντος.
583 645 767 727 Θαυμάζοντι
784 646 817 709 δέ
833 671 899 726 μοι,
920 646 971 709 καί
988 647 1131 730 ἐρωτῶντι
1147 643 1239 709 αῦτδν
1254 644 1308 728 τήν
1324 649 1424 712 αίτίαν

279 747 328 834 (ῆν
342 749 397 837 γάρ
413 752 463 813 καί
477 747 654 830 νομομαθῆς
666 749 714 812 καί
730 745 893 826 δυνάμενος
906 744 1069 831 ἀντιλέγειν)
1083 751 1163 821 τίνος
1176 745 1260 831 χάριν
1274 745 1330 812 οῦκ
1344 746 1424 814 ἀντι-

276 857 365 938 λέγει,
396 848 466 916 ἀλλά
484 854 619 914 πείθεται
635 850 701 933 περί
721 852 852 931 Χριστοῦ
866 845 961 929 Ἰησοῦ
981 855 1034 913 τοῦ
1051 853 1155 932 τυρίον
1176 846 1273 930 ῆμῦν,
1304 847 1425 915 ἀκοῦων

277 953 313 1019 τά
328 960 465 1028 τοσαῦτα,
487 949 659 1032 άπεκάλνψέ
675 975 725 1032 μοι
740 951 791 1014 καί
804 941 891 1024 οὗτος
907 947 948 1024 οῖς
963 951 1072 1031 μέλλων
1084 958 1217 1014 τελευταῖν
1230 949 1338 1032 ἤκουσε
1351 949 1424 1037 παρ’

278 1054 375 1122 αὐτῶν
392 1058 433 1129 είς
448 1052 542 1135 ἀκοήν
557 1050 645 1117 ω’τίου
662 1054 693 1116 ἐν
706 1057 882 1137 ψιθυρισμῷ
898 1050 958 1128 ῦτι,
985 1048 1099 1132 Ἰησοῦς
1116 1051 1244 1137 Χρισιῦς
1258 1050 1277 1117 δ
1292 1073 1422 1137 σταυρω·

277 1160 344 1233 θεῖς
356 1156 421 1232 υίδς
435 1163 488 1220 τοῦ
502 1161 578 1219 θεοῦ
592 1153 686 1234 μέλλει
699 1173 730 1216 σε
745 1155 862 1235 κρίνειν.
903 1149 986 1215 Ἀλλά
998 1151 1089 1216 τοῦτοί
1105 1179 1155 1235 μοι
1168 1153 1360 1237 περὶτούτων
1370 1156 1423 1219 καί

278 1258 351 1326 κατά
373 1264 478 1322 τοῦτον
498 1254 550 1320 τδν
570 1252 657 1339 λόγον
676 1256 807 1319 ἐνταῦθα
829 1278 879 1335 μοι
900 1255 930 1330 ἐξ
946 1251 1090 1336 ἀληθινῆς
1110 1253 1204 1337 ἀκοῆς
1219 1261 1422 1339 παρακείσθω.

353 1460 419 1524 Ἔτι
435 1460 466 1524 δὲ
483 1455 501 1523 ά
514 1455 654 1540 Ἰώσηπος
670 1458 702 1521 ἐν
717 1453 794 1542 νόσω
811 1448 864 1537 ἦν,
887 1458 938 1520 καί
954 1455 1084 1533 ἀκοῦσας
1100 1457 1180 1541 παρά
1196 1464 1249 1523 τοῦ
1266 1463 1423 1545 πρεσβυτί-

280 1590 350 1650 ρου,
373 1559 413 1637 άς
428 1569 583 1645 προεῖπον,
605 1557 676 1640 μετά
689 1565 748 1622 τῶν
763 1555 854 1622 ἀλλων
868 1557 920 1638 ῦτι,
940 1556 1053 1640 Ἰησοῦς
1071 1557 1199 1644 Χριστός
1212 1582 1243 1624 σε
1256 1572 1360 1646 κρινεῖ,
1382 1566 1424 1628 ἐτι

281 1661 477 1748 ἐσκληράνετο.
518 1658 552 1724 ‘0
573 1661 605 1724 δέ
626 1658 730 1745 κάρτος
749 1658 836 1723 πάλιν
858 1658 934 1743 πράς
951 1659 1040 1725 αῦτδν
1056 1659 1130 1725 κατά
1145 1660 1199 1743 τήν
1214 1661 1306 1729 αῦτοῦ
1321 1672 1424 1743 φιλαν-

279 1769 419 1852 θρωπίαν
433 1761 470 1828 δι’
486 1761 633 1847 ὁράματος
647 1763 795 1839 ἐνυπνίου,
815 1757 901 1840 Ἰδσῦ,
918 1763 1019 1845 φησίν,
1043 1766 1132 1844 ίοῖμαί
1147 1785 1188 1841 σε,
1210 1761 1281 1828 ἀλλά
1296 1762 1425 1842 ἀναστάς

281 1873 404 1933 πίστευε.
436 1861 575 1940 Ἀναστάς
590 1864 622 1928 δέ
634 1862 721 1927 πάλιν
733 1860 793 1927 ἀπὸ
806 1870 858 1945 τῆς
872 1863 961 1928 νάσου
975 1863 1031 1928 οῦκ
1045 1867 1217 1930 ἐπίστευσεν.
1248 1862 1425 1951 ’Τγιαίνοντι

281 1971 313 2034 δέ
329 1966 407 2056 αῦτῷ
421 1972 555 2047 φαίνεται
569 1963 586 2030 δ
600 1964 703 2050 κῦριος
716 1963 803 2029 πάλιν
814 1962 876 2033 κατ’
890 1964 973 2045 ῦναρ,
991 1968 1120 2050 ἐγκαλῶν
1133 1964 1213 2055 αὐτῷ
1223 1964 1263 2031 δι’
1276 1968 1313 2050 ἣν
1327 1970 1425 2034 αἰτίαν

159 2069 337 2137 pus-1³⁴·023x
355 2073 527 2135 ἐπίστευσεν.
569 2065 786 2151 Ἐπαγγέλλεται
800 2067 831 2130 δέ
845 2064 924 2154 αὐτῷ
940 2068 1031 2152 λέγων
1047 2065 1065 2132 ὅ
1081 2066 1185 2154 κύριος
1199 2066 1258 2150 ῦτι,
1281 2072 1338 2146 Είς
1351 2078 1423 2153 πλη-

282 2176 429 2259 ροφορίαν
446 2175 569 2244 πίστεως
587 2171 616 2232 εί
629 2195 655 2232 τι
672 2166 772 2252 βούλει
789 2169 820 2231 ἐν
839 2166 961 2250 ὀνόματί
976 2196 1032 2251 μου
1048 2168 1225 2251 θεοσήμειον
1241 2172 1425 2257 ἐργάσασθαι

282 2274 466 2349 ἐπικάλεσαι,
495 2268 576 2355 κάγοί
599 2268 721 2351 ποιήσω.
764 2268 956 2351 Μαινόμενος
977 2272 1009 2335 δέ
1029 2297 1074 2346 τις
1093 2264 1132 2354 ῆν
1152 2272 1184 2336 ἐν
1204 2279 1240 2360 τῆ
1261 2271 1360 2353 πόλει,
1389 2272 1425 2350 ῦς

281 2374 392 2464 γυμνδς
407 2373 460 2456 τήν
476 2371 559 2437 πόλιν
577 2370 704 2459 περιήει,
734 2373 811 2452 φημί
829 2372 861 2435 δέ
880 2374 911 2436 ἐν
932 2371 1095 2457 Τιβεριάδι,
1124 2375 1176 2437 καί
1193 2372 1332 2450 πολλάκις
1347 2376 1423 2440 ἐνδι-

283 2476 462 2557 δυσκόμενος
477 2472 530 2556 τήν
546 2476 657 2554 ἐσθῆτα
674 2471 876 2558 διερρήγνυεν,
905 2470 946 2549 αῖς
961 2477 1034 2550 ἐθος
1049 2483 1111 2550 τοῖς
1124 2472 1277 2551 τοιούτοις.
1317 2473 1351 2539 ‘0
1366 2471 1423 2541 οῦν

280 2566 420 2660 Ἰώσηπος
432 2574 611 2659 βουλόμενος
625 2576 656 2638 ἐν
669 2579 754 2663 πείρμ
769 2577 904 2660 γενέσθαι
917 2584 971 2641 τοῦ
987 2573 1149 2661 δράματος,
1170 2576 1310 2655 διστάζων
1324 2577 1355 2641 δέ
1367 2579 1421 2656 ἐτι,

283 2684 364 2745 αἰδοῖ
375 2682 525 2759 κατείχετο.
564 2676 793 2760 Παραλαμβάνει
805 2685 878 2762 γοῦν
892 2684 995 2741 τοῦτον
1008 2680 1102 2756 ἐνδον,
1118 2680 1166 2742 καί
1182 2677 1355 2753 ἀποκλείσας
1366 2677 1423 2761 τήν

281 2780 397 2863 θῦραν,
419 2779 499 2860 ῦδωρ
514 2802 544 2841 τε
558 2776 656 2859 λαβιίν
672 2780 713 2853 είς
724 2777 779 2860 τήν
795 2788 889 2862 χεῖρα,
911 2780 962 2842 καί
978 2784 1141 2864 σφραγίσας
1162 2778 1272 2861 ιαῦτδ,
1294 2778 1424 2865 ἐρράντι·

282 2903 332 2946 οεν
349 2882 397 2945 ἐπί
414 2877 465 2943 τδν
479 2882 592 2962 ἐμμανῆ
606 2877 783 2965 άνθρωπον,
805 2880 918 2962 φήσας,
937 2877 987 2945 Ἐν
1004 2878 1123 2964 σ’νόματι
1139 2889 1193 2947 τοῦ
1206 2880 1303 2966 Ἰησοῦ
1320 2889 1424 2962 Natu·

283 2986 369 3068 ραίου
383 2988 436 3047 τοῦ
451 2982 672 3065 σταυρωθέντος
686 2984 784 3059 ἔξελθε
798 2980 832 3046 τδ
850 2979 1003 3064 δαιμόνιον
1017 2981 1066 3047 ἀπ’
1081 2980 1189 3062 αῦτοῦ,
1210 2987 1262 3050 καί
1279 2982 1365 3071 ῦγιής
1377 2986 1426 3071 γί-

283 3111 375 3168 νηται.
417 3080 451 3146 ‘O
472 3085 503 3148 δέ
523 3082 683 3167 άνθρωπος
698 3081 864 3169 ἀνακράξας
885 3085 958 3170 μέγα
978 3086 1030 3149 καί
1047 3087 1136 3167 χαμαί
1151 3084 1266 3166 πεσαίν,
1297 3085 1427 3172 ἀφρίσας

283 3184 373 3253 πολλά
386 3187 436 3249 καί
449 3186 639 3271 σπαραχθελς,
656 3186 747 3266 ἐμεινε
760 3185 870 3267 πολλήν
886 3187 966 3269 δίραν
980 3183 1125 3268 ἀκίνητος.
1152 3185 1295 3270 Ἰοίσηπος
1308 3190 1340 3253 δέ
1353 3186 1425 3253 άπε-

282 3288 371 3372 νάησε
383 3286 436 3354 τάν
448 3286 610 3372 άνθρωπον
622 3284 776 3351 τεθνάναι·
795 3283 813 3352 δ
827 3287 859 3351 δέ
870 3285 941 3369 μετά
954 3285 1033 3371 δίραν
1045 3288 1274 3373 διαιριιγάμινος
1286 3286 1319 3354 τῦ
1332 3288 1424 3371 πρός-

284 3418 365 3457 ωπον
386 3387 508 3472 ἀνίστη,
539 3389 612 3452 2καί
628 3385 780 3470 θεάμενος
801 3387 854 3471 τήν
876 3392 954 3453 ίδίαν
970 3388 1117 3474 γῦμνωσιν
1137 3389 1241 3456 δαυτῦν
1264 3393 1424 3476 ’ἐκρυπτα

284 3496 332 3558 καί
349 3492 402 3570 τάς
417 3501 514 3576 χεῖρας
529 3491 577 3556 ἐπί
593 3496 629 3578 τῆ
646 3488 766 3579 αίσχῦνγ
783 3491 926 3573 ἐπετίθει,
954 3493 1056 3573 μηκίτι
1070 3494 1171 3578 φέρων
1188 3494 1261 3556 ίδεῖν
1274 3490 1329 3577 τήν
1346 3494 1426 3559 ίδίαν

284 3593 440 3678 γῦμνωσιν.
480 3590 607 3676 Ἰμάτιον
622 3592 655 3656 δὲ
670 3589 738 3677 παρ’
755 3588 847 3656 αὐτοῦ
862 3598 915 3657 τοῦ
928 3590 1086 3676 Ἰωσήπου,
1117 3596 1147 3671 ἐξ
1163 3584 1205 3659 ἀν
1224 3589 1313 3677 εἶχεν,
1342 3596 1426 3661 ἐνδυ·

283 3697 365 3773 θείς,
395 3698 437 3771 είς
452 3693 627 3760 κατάστασιν
643 3694 785 3769 συνέσεως
799 3695 851 3758 καλ
867 3703 1076 3780 σωφρονισμοῦ
1092 3694 1205 3776 ἐλθοίν,
1232 3703 1273 3785 τῷ
1291 3721 1321 3762 τι
1339 3694 1427 3783 ἀνδρί

284 3794 376 3860 πολλά
390 3794 596 3883 εὐχαριστήσας
610 3798 661 3860 καλ
676 3801 754 3882 θεῷ,
783 3793 873 3879 γνοῦς
888 3794 933 3861 ῦτι
948 3794 985 3861 δι’
1002 3794 1094 3863 αῦτοῦ
1108 3801 1190 3881 ἐτυχε
1203 3804 1258 3881 τῆς
1271 3803 1425 3885 σωτηρίας,

284 3899 316 3962 ἐν
329 3903 365 3984 τῆ
380 3896 460 3962 πόλει
474 3882 624 3980 διεφήμιζε
639 3895 691 3962 τάν
697 3894 812 3999 ἀνδρα,
833 3899 885 3962 καλ
899 3896 1027 3984 γνωστδν
1042 3901 1153 3984 ἐγίνετο
1169 3908 1232 3977 τοῖς
1246 3903 1339 3967 ἐκεῖσε
1353 3899 1427 3967 Ἰον-

285 4003 379 4074 δαίοις
395 4006 479 4064 τοῦτο
497 3997 529 4064 τδ
546 4008 674 4082 σημεῖον.
720 3996 849 4084 Θρῦλλος
864 3999 896 4063 δέ
913 3997 1005 4079 πολῦς
1014 3998 1219 4083 ήκολοῦθηοεν
1232 4004 1265 4068 ἐν
1277 4030 1315 4092 τη
1331 4002 1427 4084 πόλει,

283 4103 424 4187 λεγόντων
443 4098 503 4179 ῦτι,
529 4099 677 4183 Ἰώσηπος
696 4099 732 4164 τά
748 4100 949 4186 γαζοφυλάκια
964 4099 1096 4183 ἀνοίξας,
1125 4105 1176 4169 καί
1190 4100 1286 4189 εῦριίν
1302 4128 1427 4187 γεγραμ-

284 4205 372 4285 μένον
391 4200 424 4267 τδ
446 4199 540 4284 ὄνομα
560 4210 615 4268 τοῦ
634 4210 724 4280 θεοῦ,
753 4205 804 4268 καλ
823 4200 985 4289 ἀναγνοῦς,
1014 4214 1119 4288 σημεῖα
1139 4204 1248 4290 μεγάλα
1269 4202 1427 4289 ἐργάζεται.

278 4297 334 4368 Ἦν
356 4305 388 4369 δὲ
411 4301 518 4386 άληθές
538 4303 571 4368 ιδ
593 4301 642 4368 ἀπ’
664 4303 762 4369 αῦτῦν
778 4304 948 4391 λεγόμενον,
980 4304 1033 4390 οῦχ
1054 4305 1095 4384 οἷς
1112 4308 1144 4372 δέ
1165 4304 1250 4373 αῦτολ
1267 4303 1427 4373 ῦπενάουν.

320 4460 378 4511 Gn.
395 4461 430 4511 X.
446 4488 481 4499 -
509 4457 531 4509 1.
547 4452 609 4512 αῦτδ
633 4462 683 4511 cod
698 4463 795 4524 Βλισλρ.
817 4467 839 4513 ιλ
905 4463 929 4513 λ.
948 4463 992 4517 καλ
1008 4458 1119 4525 ἀναστὰς
1134 4460 1179 4517 καλ
1195 4458 1352 4531 θεασάμενος
1375 4466 1429 4517 τοο.

283 4520 946 4594 mmffimmmm.m
