3046 5084
281 322 340 384 170
699 331 818 383 sANc‘rl
836 330 1001 382 EPIPHANH

278 449 404 532 βαθείαν
417 453 547 532 γλῶσσαν
560 444 765 529 έμμηνεύεται,
786 444 856 511 άλλά
871 448 922 511 καί
937 451 1076 533 Συριακή
1092 446 1238 532 διαλέκτῳ.
1285 441 1430 513 fliam

277 546 333 633 γάρ
346 547 379 613 τό
391 555 451 632 πῦρ
466 546 546 632 παρά
557 545 701 632 Ἑβραίοις
713 555 840 612 καλεῖται
856 545 953 612 ὅκατά
968 543 1023 628 τήν
1036 550 1162 628 βαθείαν
1175 553 1315 631 γλῶσσαν.
1347 550 1428 614 Τού-

276 675 330 715 του
352 648 435 734 χάριν
460 647 561 724 αύιοῖς
582 650 748 730 συμβέβηκε
769 646 844 713 κατά
866 647 988 734 άγνοιαν
1008 649 1056 710 καί
1081 645 1216 732 άπειρίαν
1237 654 1278 736 τῷ
1300 645 1428 732 όνόματι

276 749 371 838 τούτῳ
386 758 555 835 κεχρῆσθαι.
602 747 677 814 Ούτε
695 748 750 835 γάρ
769 752 898 834 ὕΠύρρα
914 747 934 832 ή
949 746 1173 833 παρ’Ἕλλησιν,
1196 747 1264 814 ούτε
1281 754 1387 836 Νωρία
1404 749 1429 835 ή

275 849 357 932 παρά
370 849 486 926 τούτοις
497 853 696 933 μυθευομένη,
713 848 783 915 άλλά
799 848 980 935 7Βαρθενῶς
992 857 1034 938 τῷ
1049 856 1120 915 Νῶε
1134 852 1233 934 γέγονε
1247 855 1332 935 γυνή.
1361 854 1428 919 Καὶ

275 956 307 1017 οί
322 950 459 1033 Ἕλληνες
485 952 540 1037 γάρ
563 975 636 1033 φασι
661 950 715 1032 τήν
737 956 941 1026 Δευκαλίωνος
969 961 1092 1036 γυναῖκα
1114 951 1241 1036 Πύρραν
1262 962 1426 1020 καλεῖσθαι.

274 1050 351 1117 Είτα
371 1052 424 1133 τήν
447 1056 542 1119 αἰτίαν
557 1051 747 1117 ύποτίθενται
761 1044 845 1117 οὗτοι
861 1056 893 1119 οἱ
911 1051 947 1116 τά
962 1060 1015 1117 τοῦ
1035 1057 1226 1128 Φιλιστίωνος
1243 1051 1314 1135 ήμῖν
1331 1047 1425 1132 αὖθις

167 1181 218 1224 μς.
229 1171 261 1215 οι.
275 1151 518 1238 προςφερόμενοι,
540 1152 586 1218 ότι
601 1150 740 1227 πολλάκις
755 1155 943 1241 8βουλομένη
959 1150 1030 1234 μετά
1048 1160 1102 1218 τοῦ
1118 1161 1189 1219 Νῶε
1205 1157 1237 1219 ἐν
1253 1162 1289 1243 τῇ
1303 1159 1422 1244 κιβωτῷ

273 1257 411 1340 γενέσθαι
427 1252 464 1319 ού
480 1263 684 1338 συνεχωρεῖτο,
706 1261 760 1319 τοῦ
777 1252 932 1339 άρχοντος,
959 1256 1071 1335 9φασί,
1093 1262 1147 1320 τοῦ
1167 1254 1217 1320 τόν
1232 1253 1345 1338 κόσμον
1361 1261 1424 1323 κτί-

275 1376 379 1431 σαντος
393 1357 574 1437 βουλομένου
591 1353 683 1437 αύτήν
696 1353 835 1420 ἀπολέσαι
850 1355 905 1419 σύν
919 1365 981 1432 τοῖς
996 1354 1092 1432 άλλοις
1107 1354 1217 1421 άπασιν
1230 1359 1262 1423 ἐν
1276 1365 1317 1445 τῷ
1333 1384 1421 1423 κατα-

273 1464 402 1544 κλυσμῷ.
445 1454 549 1538 Αύτήν
564 1458 597 1521 δέ
614 1477 706 1535 φασιν
720 1455 938 1534 ἐπικαθιζάνειν
954 1460 985 1522 ἐν
999 1465 1036 1546 τή
1050 1456 1182 1542 λάρνακι,
1203 1460 1253 1522 καί
1269 1461 1420 1545 ἐμπιπρᾶν

274 1555 376 1640 αύτήν,
400 1557 452 1640 ούχ
466 1557 556 1635 άπαξ,
578 1556 648 1623 ούδέ
663 1560 719 1636 δὶς,
742 1555 811 1622 άλλά
826 1557 973 1636 πολλάκις,
995 1561 1045 1623 καλ
1059 1566 1186 1641 πρῶτον,
1208 1560 1260 1623 καί
1273 1558 1421 1646 δεύτερον,

274 1661 325 1725 καί
346 1664 450 1744 τρίτον.
485 1658 581 1724 Ὅθεν
602 1658 639 1742 δή
664 1662 706 1733 είς
726 1661 775 1740 ἐτη
795 1658 887 1723 πολλά
905 1659 1039 1741 ἐλήλακεν
1060 1658 1150 1743 ήτῆς
1168 1657 1259 1725 αύτοῦ
1278 1669 1331 1727 τοῦ
1349 1669 1422 1728 Νῶε

273 1760 418 1846 λάρνακος
436 1759 616 1842 κατασκευή,
647 1759 697 1825 διά
711 1758 744 1826 τό
764 1759 903 1836 πολλάκις
920 1758 1012 1843 αάτήν
1028 1758 1078 1825 ὕπ’
1094 1759 1185 1842 αύτής
1201 1763 1419 1847 ἐμπεπρῆσθαι.

268 1855 326 1927 Ἠν
340 1860 412 1947 γάρ,
438 1864 544 1943 φασίν,
573 1859 592 1927 ό
609 1870 679 1927 Νῶε
694 1861 874 1944 πειθόμενος
887 1870 927 1950 τῷ
943 1861 1076 1947 άρχοντι,
1102 1859 1169 1945 ήδὲ
1187 1867 1292 1944 Νωρία
1310 1861 1421 1928 άπεκά-

275 1972 351 2045 λυψε
361 1962 413 2039 τάς
425 1962 484 2028 άνω
497 1961 634 2044 δυνάμεις
644 1966 695 2030 καί
705 1962 759 2046 τήν
771 1962 830 2029 άπό
843 1971 901 2028 τῶν
912 1963 1067 2047 δυνάμεων
1076 1961 1219 2047 Βαρβηλῶ
1232 1963 1284 2047 τήν
1294 1961 1420 2030 ύπεναν·

275 2070 338 2129 τίαν
354 2072 394 2154 τῷ
411 2063 541 2147 άρχοντι,
565 2062 605 2140 ῶς
620 2066 671 2128 καί
686 2069 719 2129 αἱ
730 2063 810 2130 άλλαι
828 2064 982 2146 δυνάμεις,
1003 2067 1054 2129 καί
1069 2062 1245 2145 ύπέφαινεν,
1268 2064 1314 2130 ότι
1332 2070 1424 2130 ιοδεῖ

274 2165 310 2231 τά
324 2168 488 2248 συληθέντα
503 2164 562 2231 άπό
576 2174 630 2248 τῆς
643 2165 761 2231 άναθεν
772 2165 881 2251 μητρός
895 2164 944 2230 διά
958 2173 1012 2231 τοῦ
1026 2164 1167 2250 άρχοντος
1179 2173 1233 2232 τού
1246 2164 1297 2232 τόν
1309 2166 1421 2248 κόσμον

274 2267 472 2350 πεποιηκότος
491 2270 542 2333 καί
563 2274 621 2332 τῶν
640 2265 734 2332 άλλων
754 2275 814 2332 τῶν
835 2265 889 2332 σύν
910 2266 990 2355 αύτῷ
1011 2275 1092 2332 θεῶν
1112 2292 1142 2331 τε
1159 2269 1211 2334 ιιαί
1225 2264 1354 2353 άγγέλων
1369 2270 1421 2333 καί

274 2368 423 2451 δαιμόνων
438 2371 581 2454 συλλέγειν
595 2366 654 2434 άπδ
672 2376 725 2451 τῆς
741 2373 772 2434 ἐν
787 2377 849 2443 τοῖς
864 2367 978 2451 στόμασι
995 2367 1163 2450 δυνάμεως,
1191 2367 1242 2436 διά
1259 2377 1313 2452 τῆς
1327 2367 1422 2455 άπορ·

274 2476 356 2555 ροίας
378 2468 508 2555 άρρένων
528 2495 558 2535 τε
579 2472 630 2535 καλ
651 2477 788 2551 θηλειῶν.

138 2589 204 2657 Κεφ.
222 2587 254 2660 μ’,
358 2574 419 2636 Καὶ
441 2569 541 2646 άπλῶς
563 2578 714 2655 περικακῶ
735 2569 788 2654 τήν
810 2577 909 2635 πᾶσαν
929 2569 1042 2636 τούτων
1064 2578 1118 2637 τοῦ
1140 2569 1265 2647 σκότους
1283 2567 1421 2654 πήρωσιν

272 2670 484 2738 ύποδεικνύων.
531 2671 653 2737 1Πολύν
675 2671 731 2758 γάρ
755 2672 861 2755 χρόνον
886 2670 1066 2754 άναλεόσαιμι
1087 2671 1140 2752 άν,
1168 2674 1196 2738 εί
1215 2674 1346 2738 ἐνταῦθα
1365 2669 1420 2753 τήν

273 2776 340 2859 περὶ
357 2772 469 2838 τούτων
484 2774 640 2857 γενομένην
657 2773 792 2851 σύνταξιν
808 2772 939 2856 ἐθελήσω
955 2781 1178 2859 λεπτολσγῆσαι,
1198 2770 1234 2838 τά
1251 2771 1348 2838 άτοπα
1365 2770 1420 2838 αύ-

273 2882 332 2939 τῶν
353 2882 405 2957 τῆς
421 2873 623 2956 ψευδωνύμου
642 2875 777 2960 γνῶσεως
793 2875 956 2960 διδάγματα
976 2873 1046 2941 καθ’
1063 2874 1189 2958 ἑκάστην
1203 2873 1420 2961 ύφηγούμενος.

263 2973 366 3040 ’Ἄλλοι
388 2977 420 3041 δὲ
441 2978 471 3052 ἐξ
488 2974 585 3040 αύτῶν
601 2976 752 3061 διαφόρως
767 2975 854 3042 πάλιν
869 2975 1107 3063 ἐπεντριβόμενοι
1121 2976 1175 3054 τάς
1191 3003 1221 3044 τι
1236 2976 1324 3059 όψεις
1343 2973 1420 3042 ’άν-

274 3075 409 3163 θρόπων
423 3075 579 3163 κρούοντες
590 3080 642 3143 καί
655 3076 896 3165 περικρουόμενοι
911 3082 1091 3166 Βαρκαββᾶν
1107 3106 1171 3145 τινα
1187 3078 1346 3166 προφήτην
1364 3104 1421 3144 πα·

274 3177 467 3266 ρειςάγουσιν,
490 3178 573 3257 άξιον
587 3188 640 3245 τοῦ
655 3179 751 3246 αύτῶν
765 3179 916 3262 όνόματος.
956 3184 1065 3263 Καββᾶ
1078 3178 1134 3264 γάρ
1149 3179 1336 3265 έρμηνεύεται
1348 3205 1424 3263 πορ-

272 3286 336 3349 νεία
350 3280 424 3348 κατά
440 3280 493 3365 τήν
507 3281 660 3366 Συριακὴν
677 3281 834 3363 διάλεκτον,
856 3287 1035 3363 φονοκτονία
1051 3281 1082 3347 δέ
1095 3278 1169 3346 κατά
1182 3279 1238 3363 τήν
1249 3278 1420 3364 Ἑβραλκήν.

275 3386 337 3449 Καί
353 3383 441 3450 πάλιν
457 3382 643 3470 ἑρμηνεύεται
657 3383 777 3470 τετάρτη
792 3394 881 3469 μοῖρα
897 3386 950 3450 τοῦ
966 3386 1081 3470 μέτρου.
1125 3380 1242 3464 Χλεύης
1257 3381 1289 3446 δλ
1307 3381 1358 3444 καί
1373 3381 1421 3464 γέ-

272 3493 365 3565 λωτος
384 3485 416 3554 τό
438 3493 586 3564 τοιοῦτον,
616 3493 724 3569 μᾶλλον
745 3488 777 3552 δέ
794 3493 980 3570 σχετλιασμοῶ
997 3484 1081 3563 άξιον
1096 3482 1178 3571 παρά
1192 3491 1255 3558 τοῖς
1274 3478 1308 3547 τό
1324 3478 1422 3564 όνομα

273 3595 360 3654 τοῦτο
375 3590 576 3671 ἐπισταμένοις
589 3585 663 3653 κατά
680 3585 732 3664 τάς
749 3591 825 3665 ίδίας
841 3588 977 3673 γλάσσας.
1024 3590 1154 3671 Φέρσνσι
1168 3585 1200 3650 δέ
1211 3581 1287 3668 ήμῖν
1304 3584 1338 3649 ἐκ
1353 3579 1421 3649 τού·

274 3710 328 3751 του
339 3697 392 3755 τοῦ
405 3687 654 3773 θαυμασιωτάτου
665 3687 823 3773 προφήτου
838 3689 974 3776 διήγησιν
987 3687 1116 3777 αἰσχράν,
1132 3686 1214 3764 ὅπως
1225 3689 1422 3774 φθοριμαίσις

275 3784 388 3868 στόμασι
407 3791 565 3875 πλησιάσαι
584 3798 768 3874 πεισθῶμεν,
798 3793 849 3856 καί
868 3800 923 3875 τῆς
945 3791 1087 3858 8άνωθεν
1107 3792 1224 3868 ἐλπίδος
1242 3792 1420 3871 ἐκπέσωμεν,

274 3883 331 3953 ούιι
345 3891 548 3974 αἰσχυνόμενοι
564 3891 664 3968 αύτοίς
679 3902 741 3969 τοῖς
755 3893 866 3976 βήμασι
880 3893 917 3958 τά
931 3901 985 3976 τῆς
1000 3897 1138 3980 πορνείας
1152 3899 1322 3980 διηγεῖσθαι
1341 3896 1420 3953 4τισι·

272 3990 443 4076 λινερωτικά
456 4001 510 4075 τῆς
526 3993 681 4080 Κύπριδος
696 3993 904 4078 ποιητεύματα.
937 3994 1038 4061 ”Auos
1051 3996 1084 4061 δέ
1097 3998 1128 4074 ἐξ
1145 3994 1244 4063 αὐτῶν
1257 3991 1345 4059 πάλιν
1359 3992 1422 4055 ἐπί·

306 4177 331 4232 4.
347 4176 419 4247 ήσάθ
435 4183 486 4230 cod.
502 4185 576 4234 λἀιιο.
894 4182 919 4233 U.
939 4186 1011 4249 λἰιλςσ
1028 4184 1173 4254 βουλομένη.

306 4251 330 4299 5.
348 4244 413 4300 κατὰ
436 4250 486 4297 σεδ.
505 4252 578 4301 Varie.
613 4245 642 4303 ον’
659 4248 724 4304 κατὰ
747 4253 830 4314 reliqu!
896 4249 921 4302 9.
939 4252 1005 4318 φησί
1020 4254 1088 4303 εσδιλ
1104 4254 1187 4314 reue„
1204 4252 1301 4313 Βλτδίμ.

272 4317 342 4379 labri,
359 4321 409 4365 λαοι
424 4318 504 4377 scripti
520 4332 592 4378 ηυαπι
609 4322 672 4371 editi.
899 4319 937 4371 10.
953 4314 1218 4382 δεῖτιιπλμιίρτσσή.
1231 4320 1421 4379 συνδλλθιλναλ-

306 4380 331 4434 6.
348 4379 428 4449 πυρραὶ
445 4384 494 4433 cod.
513 4386 586 4435 Velie.
863 4403 893 4451 ρο
905 4391 1030 4450 praebent,
1048 4388 1156 4437 θυτιστλλ
1168 4391 1190 4435 ελ
1204 4388 1296 4436 petavii
1311 4389 1422 4439 ιτατιλα-

305 4448 330 4501 7.
347 4447 483 4514 Βαρθενῶς
495 4453 546 4499 τοο.
557 4453 631 4501 λαλλσ.
645 4459 666 4502 ιλ
680 4454 734 4503 edit.
746 4456 829 4504 Ριιαν.
863 4459 947 4506 τίσαιτο
962 4461 1064 4506 secutus.

270 4516 391 4586 βαρθένος
407 4521 457 4569 ινδ.
473 4519 569 4581 θλισλς.
583 4524 605 4569 ιλ
618 4521 672 4570 edit.
684 4524 760 4582 μήτε.
