3046 5084
298 309 433 361 raunnn
452 310 515 363 ιιι
526 311 545 363 ι.
562 308 643 362 rou.
657 311 701 361 ιιι.
717 309 817 361 urea.
830 311 967 360 xxxvn.
1144 295 1206 358 497

55 450 128 493 ιιιι
145 439 215 493 sunt
230 450 305 514 quac
322 430 454 493 bominac
470 429 536 508 ιιιι,
560 429 647 493 atita
662 428 772 507 dicam,
797 439 942 506 eructant,
967 449 1005 492 ex
1022 427 1071 492 illo
1087 448 1140 491 esu
1156 448 1207 489 ιι-

55 532 99 596 lut
121 541 197 595 tetro
222 534 344 616 quodam
369 533 460 595 odore
483 533 598 595 relerti.
644 527 817 616 Serpentem
843 532 946 615 quippe
971 528 1038 592 nuci
1062 531 1208 594 cuiusdam

54 635 150 698 instar
170 634 297 698 numinis
317 645 509 699 venerantur.
554 633 601 697 Ac
626 633 692 697 vide
712 634 827 718 quantis
850 654 902 695 eos
922 630 1069 695 lraodibus
1092 633 1158 710 ille,
1192 654 1209 694 a

56 759 114 822 quo
132 737 323 801 circumventi
339 749 425 817 sunt,
450 757 572 822 serpens
588 736 719 800 irretitos
736 745 845 799 teneat.
890 733 967 798 Nam
985 747 1016 798 ut
1030 733 1123 797 Evam
1140 734 1208 795 olim

57 850 88 902 et
103 840 247 903 Adamum
268 840 388 918 lclellit,
412 840 452 903 ita
471 841 556 902 modo
575 840 701 924 seipsum
722 848 825 921 tegens
843 859 877 900 nc
895 837 1097 914 dissimulans,
1122 838 1209 899 odeo·

56 963 114 1027 que
130 953 198 1007 aute
217 964 234 1006 a
256 940 428 1006 ludaeorum
447 943 626 1027 temporibus
643 943 678 1005 ad
698 941 963 1023 adventum'nsque
981 937 1107 1018 Christi,
1133 960 1210 1002 mor-

56 1045 164 1108 talibus
189 1045 338 1130 imposuit.
385 1044 461 1109 Τιιιιι
487 1043 742 1131 progredientibus
766 1043 909 1105 aetatibus
935 1064 1003 1106 esca
1026 1043 1091 1122 illa,
1125 1063 1209 1127 qnam

57 1158 161 1211 contra
179 1146 225 1211 ιιι
243 1147 430 1212 interdictum
447 1169 589 1231 usurpare
603 1147 666 1210 ausi
685 1148 816 1222 inerant,
840 1146 1016 1230 prolectatos
1034 1146 1165 1209 homiues
1182 1155 1212 1207 et

57 1250 198 1313 aviditate
216 1267 369 1336 correptos
392 1252 428 1313 ab
450 1249 592 1334 obsequio
614 1250 661 1312 dei
679 1248 876 1312 callidioribus
895 1248 1034 1311 machinis
1052 1247 1208 1327 abstraxit,

56 1353 261 1417 vehementius
281 1353 438 1416 identidem
458 1353 626 1416 adulterans
644 1362 674 1413 et
692 1351 854 1436 instigans,
887 1372 921 1414 ac
941 1353 1093 1416 multarum
1114 1372 1210 1413 rerum

57 1476 158 1540 spem,
190 1454 323 1518 utinitio
344 1457 471 1534 lecerat,
505 1456 676 1518 ostendens.
722 1452 799 1518 Nam
818 1465 848 1517 et
867 1465 935 1517 tunc
954 1455 992 1519 ita
1013 1456 1078 1518 illos
1097 1455 1211 1536 decepit

58 1579 125 1620 cum
147 1557 276 1637 diceret,
309 1562 401 1620 Eritis
416 1563 493 1621 ιιιιι
507 1562 557 1620 dii.
605 1556 683 1621 'l'um
702 1558 838 1642 paulatim
857 1558 955 1620 varias
974 1579 1008 1621 ac
1026 1557 1152 1642 portenti
1170 1556 1210 1619 si·
1224 1575 1310 1630 neas,
1323 1575 1343 1618 ι.

58 1659 196 1724 millimas
218 1660 261 1724 eis
285 1662 400 1746 species
423 1661 541 1724 obiecit.
588 1656 662 1725 Cum
687 1659 763 1723 euim
788 1660 823 1723 ab
848 1682 905 1724 uno
923 1681 1053 1745 veroque
1071 1662 1125 1723 deo
1146 1660 1211 1723 illos

59 1761 234 1841 avertisset,
267 1763 429 1828 idololatria
447 1762 704 1848 multipliciurnque
723 1765 841 1825 deorum
859 1763 1048 1848 ineptissimis
1065 1763 1213 1846 religioni-

58 1866 113 1928 bus
132 1865 212 1929 velut
231 1867 291 1929 letu
310 1867 434 1951 quodam
454 1866 595 1951 implevit.
643 1862 793 1949 Siquidem
813 1867 850 1927 dii
871 1888 1015 1949 nunqnam
1036 1865 1210 1943 extiterunt,

61 1968 103 2031 uti
118 1988 173 2031 uec
189 1968 323 2032 existunt
337 1971 442 2046 modo,
466 1969 517 2032 scd
534 1969 607 2032 deus
622 1969 774 2032 duntaxat.
819 1966 929 2031 Verum
948 1969 1081 2032 insanum
1096 1968 1213 2032 simula·

59 2091 177 2134 crorum
197 2070 323 2150 cultum,
356 2074 528 2138 acdeorum
547 2071 758 2135 multitudinem
777 2081 805 2133 et
826 2072 1005 2134 fraudulenta
1024 2069 1144 2133 consilia
1163 2070 1214 2132 du-

59 2173 128 2236 dum
152 2172 226 2257 apud
250 2194 283 2237 se
307 2186 493 2260 conceperat.
539 2172 646 2258 Neque
670 2195 741 2237 vcro
760 2174 840 2237 solus
860 2174 926 2252 ille,
960 2175 1007 2258 qui
1027 2173 1213 2237 extrinsecus

60 2276 236 2362 apparebat,
267 2297 390 2361 serpens
409 2281 479 2340 tanti
500 2277 566 2340 nrali
585 2297 718 2341 caussam
738 2277 850 2354 attulit,
883 2277 934 2338 sed
953 2276 1000 2360 qui
1020 2297 1072 2361 per
1089 2276 1215 2338 emulo-

61 2379 204 2465 quebatur
220 2380 294 2442 alius
310 2399 451 2465 serpeus,
483 2379 539 2443 boc
556 2389 603 2443 est
619 2378 768 2457 diabolus,
800 2380 847 2463 qui
863 2380 991 2441 auditum
1011 2379 1065 2441 riri
1084 2377 1214 2441 mulieris

61 2503 134 2546 usus
151 2502 241 2567 opera
258 2481 450 2567 perturbavit.
495 2480 601 2566 Neque
621 2482 729 2568 liguum
747 2483 838 2568 ipsum
857 2492 1006 2566 peccatum
1025 2481 1087 2545 luit.
1132 2478 1214 2542 Nibil

61 2587 140 2649 enim
155 2605 172 2647 a
187 2584 243 2647 deo
260 2585 326 2648 mali
342 2584 462 2649 seritur.
509 2583 569 2649 Sed
584 2585 652 2648 boni
669 2586 793 2670 malique
810 2585 1004 2670 cognitionem
1021 2584 1129 2668 lignum
1145 2582 1214 2645 illud

61 2687 170 2752 attulit.
206 2687 249 2750 m
264 2709 321 2750 nou
338 2708 377 2751 ex
392 2708 427 2751 ea
441 2686 565 2751 scientia
582 2708 661 2750 mors
676 2698 732 2766 est,
752 2689 857 2750 sodex
874 2685 1055 2751 coutumacia
1073 2687 1212 2770 prolecta.

60 2788 140 2856 Nam
158 2800 218 2853 tota
234 2789 326 2853 bostis
342 2791 389 2853 illa
406 2790 548 2854 calliditas
563 2812 621 2853 aon
638 2791 673 2853 ad
690 2811 787 2854 escam
804 2790 983 2875 pertinebat3
1007 2791 1057 2853 sed
1074 2810 1110 2852 eo
1126 2793 1216 2875 potis·

60 2894 166 2957 simum
183 2891 344 2978 spectabat,
363 2902 394 2955 ut
408 2892 474 2956 illos
489 2894 524 2956 ad
540 2892 707 2957 violandum
722 2894 767 2956 dei
782 2895 945 2958 mandatum
961 2892 1134 2978 impelleret.
1166 2890 1216 2955 Ex

62 3017 122 3081 quo
135 3005 196 3059 tum
213 2993 320 3058 accidit
336 3005 368 3059 ut
384 2996 448 3079 lege
465 3005 631 3080 contempta
648 3017 665 3058 e
683 2996 818 3082 paradiso
835 2996 1029 3081 pellerentur,
1055 2999 1216 3079 meritoque

63 3097 297 3182 castigarentur,
329 3119 386 3161 uon
403 3098 471 3163 odio
486 3098 564 3177 ullo,
588 3098 639 3162 ιιι
658 3099 704 3161 ιιι
722 3120 792 3183 erga
809 3100 874 3163 illos
890 3121 959 3162 cura
977 3098 1216 3184 providentiaque

63 3199 217 3287 singulari.
258 3199 310 3265 Sic
326 3201 403 3263 enirn
420 3200 553 3264 dominus
564 3201 647 3286 ipsos
661 3202 832 3286 alloquitur:
861 3207 948 3264 Terra
960 3224 1000 3276 os,
1025 3214 1055 3263 et
1066 3205 1095 3262 in
1110 3214 1215 3262 tarum
1229 3223 1285 3267 cen.
1292 3223 1314 3279 a,
1323 3222 1354 3266 ιι.

62 3308 224 3367 νιιιιιιιιι.
272 3300 305 3367 Si
324 3305 438 3387 quidem
457 3302 563 3366 ratioui
580 3316 810 3368 cousentaneum
832 3307 900 3385 luit,
925 3317 956 3368 ut
972 3305 1021 3368 ille
1040 3325 1129 3368 verus
1147 3302 1217 3366 arti·
1419 3288 1423 3298 ¹

64 3409 134 3487 lex,
158 3406 235 3492 liguli
252 3405 363 3485 instar,
387 3407 485 3491 operis
503 3408 566 3470 eius
582 3428 617 3470 ac
634 3408 713 3472 vasis
729 3410 804 3493 qnod
823 3409 954 3471 manibus
973 3410 1097 3470 brixerat
1116 3426 1215 3468 curam

63 3531 189 3596 gorens,
213 3509 336 3592 idipsum
352 3529 391 3572 ex
412 3510 558 3594 praecepti
576 3509 736 3575 violatione
753 3510 951 3588 imminutum,
977 3509 1110 3593 quamdiu
1130 3509 1216 3571 molle
1304 3576 1310 3585 ,

25 3672 28 3677 .
64 3615 177 3691 adbuc,
201 3623 231 3674 ut
248 3613 286 3673 ita
302 3611 444 3690 dixerim,
468 3614 558 3677 lutum
575 3625 649 3692 erat,
674 3625 760 3699 atque
779 3636 816 3677 ιι·
835 3616 938 3676 ιιιιιιι
955 3615 1075 3696 quadam
1092 3633 1127 3676 ao
1144 3612 1214 3675 rima

64 3717 210 3802 perfluere
225 3724 380 3798 coeperat,
405 3737 463 3779 uon
479 3717 518 3779 ita
534 3717 723 3797 destitueret,
746 3720 798 3782 sed
816 3717 845 3780 ιιι
862 3718 1012 3802 pristinam
1029 3735 1151 3778 massam
1169 3736 1216 3778 re-

55 3820 196 3903 digeret,
226 3829 258 3881 ut
273 3817 303 3881 in
318 3817 480 3882 instaurata
497 3818 545 3882 illo
560 3821 769 3904 generatione,
799 3820 853 3882 boc
872 3831 919 3882 est,
936 3831 1115 3882 mortuorum
1133 3818 1215 3882 exci-

64 3923 194 4001 tatione,
223 3942 277 3985 ras
295 3919 364 3985 illud
384 3922 510 4007 priorem
532 3923 567 3986 ad
589 3923 827 4006 pulchritudinem
847 3923 1028 4006 nitoremque
1046 3931 1213 4000 revocaret,

64 4025 125 4089 imo
147 4023 255 4109 aliquid
280 4024 307 4087 ei
332 4025 451 4108 insuper
471 4024 622 4089 adiiceret.
668 4023 753 4108 Quod
777 4026 812 4088 de
831 4046 930 4087 eorum
950 4025 1121 4111 corporibus
1140 4025 1215 4088 acci-

65 4127 201 4214 piendum
220 4126 333 4211 estqui
351 4127 577 4210 postburreoda
596 4128 709 4192 scelera
729 4127 907 4213 poenitentia
927 4128 1003 4192 ducti
1022 4126 1084 4192 eta
1101 4127 1215 4192 delictis

64 4233 216 4308 revocati,
239 4229 269 4292 iu
289 4226 357 4292 lesu
374 4226 484 4293 Christi
503 4229 611 4295 domini
631 4229 908 4315 nustricoguitioue
927 4234 1048 4318 perlecti
1068 4245 1153 4314 sunt3
1185 4244 1216 4297 ut

64 4334 114 4398 illa
130 4335 166 4397 de
181 4343 261 4398 terra
277 4353 374 4397 massa
390 4333 485 4396 denuo
500 4344 646 4418 resurgat,
665 4333 785 4418 argillae
800 4333 892 4397 instar
905 4356 979 4419 quae
992 4335 1112 4400 artidcis
1128 4358 1216 4401 mono

64 4436 196 4500 mollitur
214 4455 249 4499 ac
266 4436 426 4521 subigitur,
461 4455 554 4521 euque
572 4437 657 4500 modu
676 4436 707 4501 in
725 4437 870 4521 antiquam
891 4439 938 4503 vel
956 4439 1044 4503 etiam
1064 4451 1215 4526 praestan-

65 4538 172 4602 tiorem
194 4537 321 4622 speciem
344 4540 533 4603 reformetur.

119 4638 208 4695 corpur
223 4636 358 4683 liberarent.
372 4637 400 4683 tt.
973 4648 1013 4712 32
