3046 5084
211 377 217 385 ι
312 316 448 370 raanan
463 318 527 372 Ltt.
539 320 560 373 i.
576 318 658 375 nott.
671 320 715 374 iii.
730 320 830 374 HAER.
840 323 989 376 xxxvnt.
1166 312 1224 376 521

71 461 126 522 par
143 460 222 522 mam
231 441 320 518 filiae
337 440 457 503 damaim
476 445 624 504 vadatur!
661 438 779 505 Etenim
800 439 885 506 iudas
904 443 978 507 haec
995 445 1025 507 ia
1043 463 1076 508 se
1093 464 1226 529 compro·

75 540 158 606 bavit
174 541 287 618 omnia,
319 549 406 625 atque
427 553 457 604 et
473 540 655 606 laudatorum
672 564 791 607 suorum
813 556 844 607 et
859 557 1003 608 suammet
1024 546 1086 630 ipse
1109 546 1227 609 demen-

77 644 145 708 tiam
165 645 212 708 vei
233 644 341 706 invitus
358 643 495 706 ostendit.
540 642 617 709 Nam
640 656 827 731 posteaquam
848 658 943 709 tamen
962 647 1079 728 triginta
1096 648 1162 711 illos
1180 670 1227 710 ar·

74 756 198 831 genteos
222 747 353 831 aceepit,
386 745 564 830 poenitentia
586 747 690 811 duetus
711 749 863 833 pecaniam
886 748 962 812 iliam
987 750 1131 828 restituit,
1165 763 1227 812 tan·

77 874 161 938 quana
181 850 249 914 mati
266 849 372 933 aliquid
390 858 588 934 perpetrasset
605 870 670 913 oum
687 850 761 929 sibi,
786 862 844 913 turn
863 852 900 914 iis
916 853 963 936 qui
983 851 1062 915 ornei
1078 848 1226 915 Christum

76 956 243 1018 affixerunt.
288 950 432 1015 Dominus
444 971 531 1030 vcro,
556 971 609 1036 per
621 973 654 1015 se
670 952 746 1036 quod
765 953 849 1017 nobis
865 965 951 1037 atque
966 954 1105 1018 universo
1121 954 1226 1016 bonum

76 1067 140 1121 erat
157 1055 303 1133 efficiens,
334 1053 460 1138 seipsum
481 1053 614 1131 tradidit,
647 1065 676 1117 nt
695 1054 781 1118 saluti
799 1057 932 1119 omnibus
949 1066 1040 1120 esset.
1084 1052 1227 1139 Nanigi-

75 1170 123 1222 tnr
138 1157 278 1244 proditori
297 1153 402 1234 iudae,
433 1155 484 1218 sad
503 1155 713 1239 benignissimo
730 1157 869 1220 salvatori
888 1159 999 1242 gratias
1017 1158 1146 1242 agimus,
1179 1159 1225 1242 qni

76 1262 200 1324 animam
219 1280 270 1344 pro
288 1257 389 1336 nobis,
413 1258 518 1320 onibus
533 1257 670 1323 videlieet
685 1259 764 1338 sois,
788 1262 942 1345 exposuit,
968 1271 999 1324 ut
1017 1273 1046 1323 ct
1062 1261 1124 1346 ipse
1139 1261 1224 1324 dixit.

76 1363 231 1448 Quomodo
251 1361 328 1425 enim
351 1362 376 1422 is
399 1360 445 1443 qui
468 1359 536 1423 boni
558 1359 663 1444 aliquid
687 1360 781 1424 moliri
805 1383 838 1424 se
862 1363 995 1426 erederet
1017 1375 1118 1449 postea
1140 1364 1224 1439 dixit,

75 1471 201 1529 Pocm'tet
218 1488 275 1539 me,
300 1467 375 1545 qaod
391 1465 553 1523 tradzdcraia
569 1467 734 1543 sangar'arcm
751 1468 872 1526 iactam:
896 1479 924 1526 ct
941 1470 1040 1528 retulit
1055 1472 1225 1547 argenteos?
1235 1481 1352 1532 Martum,
1359 1483 1377 1524 a.

75 1590 130 1656 pro
145 1586 181 1631 eo
196 1588 229 1631 ae
242 1566 400 1652 prophetae
415 1566 451 1628 de
465 1585 502 1628 eo
513 1565 712 1650 seripscrautc
735 1570 776 1628 Et
787 1572 886 1629 retulit
900 1572 991 1630 XXX
998 1581 1147 1649 argenteos
1157 1593 1224 1650 pre·
1236 1584 1339 1639 aucun,
1348 1584 1379 1628 ra

77 1678 144 1734 dam
160 1675 314 1752 apprrcn'ati
325 1690 343 1730 a
351 1671 429 1749 filiis
442 1671 543 1728 lsrael.
583 1664 655 1730 item
672 1670 745 1754 apud
761 1669 848 1732 alium
865 1670 1051 1755 prophetam:
1076 1675 1112 1732 Si
1124 1676 1226 1733 a'aastum

75 1787 118 1837 est
136 1776 228 1847 cadas,
253 1777 317 1833 date
335 1774 486 1843 mercedem
506 1791 608 1843 meam,
633 1783 686 1831 aut
700 1773 836 1832 abdicate.
885 1770 957 1835 item
975 1772 1050 1836 alins
1069 1774 1223 1857 propheta:

75 1882 221 1940 dederant
237 1886 385 1955 argentam
398 1878 520 1954 preta'am
537 1877 697 1952 appretiati.
743 1877 783 1934 Et
796 1880 884 1949 discit,
909 1880 993 1936 Mitte
1007 1878 1222 1958 aasaaeada'dalam,

76 1993 105 2043 ct
124 1984 187 2042 arde
206 2000 243 2040 aa
261 1979 380 2058 prodam
401 1981 455 2050 sit,
480 1989 514 2037 at
528 1977 665 2057 probatas
686 1997 747 2037 sum
768 1998 786 2037 a
799 1981 877 2056 filiis
899 1980 999 2038 Israel.

161 2284 257 2370 Quam
273 2283 361 2348 malta
377 2303 530 2369 possumus
546 2303 563 2346 e
580 2284 734 2369 scripturis
750 2284 841 2347 saeris
860 2285 982 2363 afferre,
1005 2286 1040 2348 de
1056 2286 1092 2348 iis
1106 2307 1180 2369 quae
1194 2287 1224 2350 in
1243 2301 1376 2369 capvttt.

77 2387 197 2456 Christo
215 2387 332 2451 domiuo
350 2389 477 2471 perfecta
495 2396 580 2466 sant,
613 2409 671 2450 non
691 2407 726 2451 ea
745 2388 858 2471 quidem
876 2387 912 2450 ab
932 2384 1002 2451 iuda
1019 2410 1057 2451 ex
1075 2389 1132 2451 ulta
1148 2411 1226 2452 eont-

77 2491 212 2557 nodaodi
227 2490 377 2553 voluntate
394 2490 542 2573 proiecta,
573 2490 624 2552 sed
642 2510 682 2552 ex
700 2510 736 2552 eo
752 2489 905 2567 nimirum,
937 2492 1011 2574 quod
1027 2491 1158 2555 salvator
1175 2514 1227 2555 no·

77 2605 139 2660 ater
160 2616 196 2658 aa
217 2591 351 2656 dominns
368 2589 452 2655 lesus
469 2588 605 2655 Christus
628 2593 699 2657 dens
721 2614 773 2678 pro
792 2592 876 2656 nobis
893 2614 959 2656 sese
978 2616 1035 2657 non
1053 2595 1227 2658 necessitate

76 2697 256 2782 compulsus,
280 2695 331 2758 sed
348 2705 452 2780 sponte
467 2715 532 2774 sua,
558 2695 673 2759 tradidit
687 2684 718 2759 et
730 2696 976 2760 administrandae
992 2697 1094 2760 salutis
1109 2708 1227 2759 nostrae

77 2820 181 2864 caussa
197 2819 314 2861 eraaem
330 2796 429 2860 subiit.
459 2794 525 2883 Ego
541 2817 613 2860 roro
630 2819 688 2862 ooo
706 2799 810 2882 ignoro
827 2821 911 2883 quam
929 2799 1071 2863 infinitum
1089 2801 1127 2863 sit
1145 2800 1226 2863 testi·

76 2902 175 2967 monia
197 2900 294 2965 omnnia
318 2899 464 2985 persequi.
511 2896 600 2964 Velut
619 2900 694 2984 qnod
714 2901 750 2965 ab
770 2902 828 2966 alio
848 2904 985 2987 propheta
1004 2903 1143 2987 scriptum
1164 2913 1224 2966 est:

77 3010 143 3069 Fiat
164 3006 299 3067 dubitatio
320 3009 381 3065 eius
402 3007 528 3077 deserta,
561 3015 590 3064 et
610 3007 795 3084 episcopatum
817 3012 878 3066 cias
899 3011 1021 3086 accipiat
1039 3009 1122 3067 altar.
1171 3009 1321 3084 (iniuratm.

76 3130 226 3190 auspcam
243 3112 354 3188 crepuit
364 3109 479 3180 medias,
504 3108 610 3190 dafflm
625 3119 694 3167 sunt
706 3112 797 3168 amam
810 3113 918 3169 oa'scara
932 3113 1001 3169 eius.
1048 3109 1094 3170 Aa
1111 3119 1223 3192 postre·
1239 3080 1285 3173 dd.
1295 3081 1319 3184 i,
1331 3129 1364 3172 ao.

77 3232 124 3274 mo
140 3211 243 3294 laqueo
259 3210 354 3294 guium
372 3211 507 3293 frangens
527 3207 594 3293 quid
614 3208 724 3293 egisset
738 3211 880 3289 ostendit,
906 3232 970 3274 oum
987 3212 1065 3273 omni
1082 3231 1115 3273 se
1131 3211 1225 3272 salute

77 3314 243 3399 spoliasset,
267 3333 303 3375 eo
318 3312 383 3395 ipso
397 3311 472 3396 quod
488 3309 524 3374 ob
540 3310 664 3375 suhitam
679 3311 756 3376 iiiam
771 3333 806 3377 aa
819 3323 929 3377 temere
946 3324 1108 3398 susceptam
1124 3323 1226 3375 eontra

78 3417 223 3480 dominnm
240 3414 388 3501 perfidiam
403 3414 439 3477 ab
454 3413 636 3478 aeternitatis
648 3434 701 3499 spe
717 3415 745 3477 in
760 3415 849 3479 divini
865 3415 989 3478 numinis
1002 3414 1225 3498 abnegationem

76 3519 238 3582 incidisset.
283 3515 369 3585 Uada
391 3527 422 3580 et
439 3516 562 3602 apostoli
581 3517 644 3581 cius
665 3518 732 3581 loeo
747 3514 900 3581 Matthiam
924 3519 953 3580 ia
973 3538 1123 3580 numeram
1141 3539 1224 3582 sunm

76 3621 255 3706 allegarunt,
280 3620 426 3700 dicantes,
450 3624 498 3682 Ea
512 3642 565 3702 qao
580 3625 667 3682 ladas
677 3626 891 3702 praevaricatus
906 3633 964 3694 cet,
989 3622 1127 3682 madiret
1140 3627 1169 3684 a'a
1184 3626 1226 3685 la·
1239 3640 1285 3681 net.
1300 3638 1319 3693 r,
1331 3637 1364 3681 25.

75 3746 138 3787 cam
154 3746 243 3786 snam.
292 3721 456 3808 Quemnam
475 3723 616 3801 obsecro,
650 3722 706 3787 uisi
725 3744 809 3808 quem
828 3724 960 3786 salvator
977 3722 1070 3786 eidem
1090 3725 1226 3787 ostende-

76 3837 140 3906 rat,
164 3848 229 3890 aum
243 3846 309 3890 eum
324 3825 495 3912 perditionis
513 3826 602 3891 fitium
618 3826 792 3914 appellavit?
834 3824 891 3888 Hie
908 3826 984 3889 enim
1001 3826 1041 3890 illi
1055 3827 1225 3912 perditionis

76 3928 232 3994 attributus
246 3939 293 3992 est
307 3928 405 3993 iocus:
429 3929 460 3993 ia
475 3951 533 4014 qno
546 3929 637 4015 partis
651 3930 716 3994 loeo
733 3939 843 4014 partem
860 3928 993 4009 aiteram,
1019 3930 1073 3992 hoa
1088 3940 1133 3993 est
1147 3930 1224 3994 iilam

75 4054 130 4119 pro
151 4031 311 4118 apostolico
333 4032 502 4118 episcopatu
524 4032 609 4096 exitii
628 4033 728 4098 sedam
751 4032 873 4118 adeptus
895 4043 951 4096 est.

159 4132 206 4199 De
222 4157 279 4218 qno
295 4156 359 4199 oum
376 4135 449 4199 satie
465 4155 627 4223 superque,
651 4145 788 4221 qnantum
805 4137 925 4221 opinor,
950 4135 1090 4199 hactonus
1105 4156 1121 4200 a
1139 4135 1223 4201 nobis

75 4237 250 4323 disputatum
267 4237 322 4316 sit,
355 4239 391 4301 ad
409 4237 495 4302 aliam
513 4238 657 4302 haeresim
676 4248 876 4319 transeamus,
905 4259 939 4303 aa
955 4248 1102 4318 tortuosa,
1133 4259 1223 4303 renc-

75 4423 156 4495 ptaidn
179 4424 324 4495 διδάγματα
347 4425 391 4480 καὶ
415 4421 503 4506 tepdta
523 4390 634 4479 catam-
667 4445 697 4478 ex
722 4428 827 4480 conficta
853 4428 975 4480 diabolica
1000 4428 1107 4479 versutia
1131 4427 1225 4479 mundo

74 4501 122 4547 tao.
158 4497 285 4547 Gomaartos
297 4499 379 4546 acrtit:
396 4493 495 4564 obitque
512 4504 538 4545 et
553 4510 630 4546 aeae·
666 4496 831 4570 corraptioaia
848 4498 929 4566 gratia
945 4496 1046 4548 immissi
1063 4507 1127 4549 aaut.

75 4572 134 4616 nata
157 4562 274 4631 dogmata
297 4563 449 4625 maelaatca,
480 4579 565 4620 eoram
590 4563 632 4632 qui
