3046 5084
416 312 550 364 rauaan
564 313 629 365 ara.
641 314 660 365 r.
676 313 757 367 roas
772 314 815 367 111.
833 314 930 366 uana.
942 313 999 366 xa.
1219 303 1279 367 543

135 431 373 511 concitabantur,
407 453 442 496 ac
463 453 521 497 non
543 431 610 497 ideo
632 432 710 517 quod
730 432 844 497 Abelna
866 434 923 498 deo
944 444 1025 497 esset
1046 433 1211 518 acceptior,
1240 435 1282 497 uti

135 555 203 600 scae
225 554 275 598 rea
297 533 402 614 babet,
433 534 485 599 aad
508 556 586 601 novo
604 534 728 619 quodam
747 534 899 599 mendacio
915 536 1070 600 veritatem
1088 535 1280 599 dissimulant.

134 634 248 701 Ambos
263 637 340 701 anim
353 637 434 701 aiunt
449 635 561 701 sororis
576 657 676 701 amora
690 637 841 720 flagrasse.
888 635 958 700 ldeo
972 633 1096 702 Geinum
1111 636 1141 700 in
1155 636 1280 700 Abelum

134 737 312 802 concitatum
330 739 423 825 ipsum
440 738 636 803 interemisse.
680 736 759 803 Nam
778 750 930 823 utrumque
948 739 1055 802 diaboli
1073 760 1089 801 e
1108 738 1198 823 stirpe
1216 760 1281 823 pro-

135 852 265 905 creatum
288 850 320 904 ut
340 841 485 920 diximus,
516 843 669 906 affirmant.
713 838 780 905 Nec
802 843 907 906 desunt
928 840 985 904 illis
1005 841 1171 904 testimonia
1189 839 1281 904 sacris

134 963 152 1007 a
165 941 260 1007 literis
274 943 455 1028 deprompta,
475 942 578 1027 quibus
591 944 626 1007 ad
643 942 804 1007 illudendos
819 942 951 1007 homiues
965 942 1133 1007 abutuntur.
1174 938 1282 1007 Cuius·

133 1045 210 1109 modi
231 1045 308 1109 istud
332 1055 378 1110 est
397 1046 426 1109 in
450 1044 508 1109 alin
530 1065 547 1109 a
569 1066 616 1110 ure
633 1045 749 1110 haeresi
768 1056 1041 1124 commemoratum,
1073 1046 1148 1130 quod
1168 1042 1281 1108 ludaeis

134 1146 266 1211 salvator
283 1147 374 1211 dixit:
399 1152 454 1210 Vos
471 1151 729 1211 mentasanus:
753 1159 799 1226 ct,
824 1151 939 1226 Quando
957 1152 1082 1229 lopuc'tm
1096 1152 1276 1222 mendacium,
1289 1160 1431 1219 loannem.

133 1271 172 1311 an
182 1254 309 1331 propriis
325 1253 467 1332 loquitur,
496 1254 626 1332 quoniam
642 1261 674 1313 et
681 1262 766 1332 pater
782 1254 842 1312 eius
856 1254 976 1313 mendac
991 1261 1044 1312 cat.
1090 1246 1130 1314 Ut
1145 1249 1279 1313 nimirum

133 1351 278 1416 diabolum
301 1372 368 1417 csse
387 1348 513 1417 Geinum
534 1353 675 1432 alliciant,
706 1373 746 1417 ex
768 1373 804 1416 co
827 1353 901 1436 quod
923 1353 1049 1432 dixerit,
1079 1356 1223 1415 Homicida
1240 1364 1282 1414 cst

133 1455 169 1516 ab
185 1458 283 1529 metro,
317 1464 403 1538 etque
421 1467 532 1540 patrem
551 1454 615 1520 eius
633 1474 700 1520 esse
720 1454 863 1519 diabolum
882 1455 1054 1533 ostendant,
1088 1453 1193 1518 diaboli
1209 1474 1280 1517 vero

132 1565 245 1640 patrem
260 1557 427 1621 mendacem
444 1557 523 1621 illum
541 1557 716 1643 principem,
738 1577 823 1641 quem
838 1557 869 1620 in
882 1567 967 1643 eaput
979 1577 1063 1620 suum
1080 1556 1281 1640 blaspbeman-

133 1669 179 1723 tca
194 1660 288 1744 ipsum
303 1678 370 1724 esse
388 1656 518 1723 Sabaoth
533 1658 713 1723 stolidissimi
728 1659 860 1722 homines
877 1668 994 1744 putant,
1019 1659 1094 1742 quod
1112 1679 1216 1722 nomen
1234 1659 1279 1721 dei

132 1760 281 1825 cniusdam
299 1761 445 1847 proprium
463 1781 530 1826 esse
546 1760 660 1825 volunt.
704 1758 751 1825 De
770 1782 826 1846 qua
841 1781 875 1825 re
889 1762 919 1824 in
936 1759 1135 1845 superioribus
1151 1761 1278 1825 haeresi·

131 1862 187 1929 boa
201 1863 316 1928 abunde
330 1863 558 1948 disputavimus3
581 1862 631 1927 ubi
643 1871 673 1926 et
688 1858 818 1927 Sabaoth
832 1863 1012 1945 aliorumque
1028 1863 1175 1926 nominum
1190 1863 1280 1927 inter·

132 1965 326 2049 pretationem
344 1965 509 2045 attulimus,
534 1965 615 2029 velut
631 1968 685 2027 Etr·
700 1976 731 2028 et
747 1968 828 2038 Erae,
860 1968 968 2037 lsrael,
1000 1967 1139 2038 Sadadm',
1171 1968 1277 2038 Ellrbu,

131 2068 272 2143 babbani,
296 2073 346 2142 la,
370 2073 499 2143 Adonai,
523 2068 600 2130 labe.
647 2065 729 2149 Ques
749 2066 862 2152 quidem
882 2086 971 2130 voces
995 2066 1019 2129 si
1039 2075 1119 2129 recte
1136 2065 1280 2150 interpre-

131 2178 246 2248 tentur,
277 2168 374 2234 varim
392 2172 427 2236 ad
446 2169 666 2254 praedicendam
684 2168 730 2231 dei
747 2168 869 2252 gloriam
888 2167 1095 2253 appellationes
1112 2187 1197 2246 esse,
1221 2189 1279 2232 non

131 2271 189 2357 ipsi
204 2271 348 2336 divinitati
367 2271 576 2356 significandae
589 2270 725 2356 imposita
742 2270 858 2335 nomina
876 2270 1037 2335 docuimus.
1084 2273 1130 2334 Ac
1146 2290 1201 2333 nos
1217 2270 1280 2332 illas

130 2370 238 2437 iterun
264 2372 407 2438 hocloco
430 2385 609 2459 repetemus.
653 2370 710 2437 Est
731 2372 820 2457 igitur
840 2377 934 2435 Israel
953 2371 1051 2451 Deus,
1086 2375 1175 2433 Elaim
1198 2369 1279 2435 Deus

131 2494 268 2560 semper,
295 2474 568 2556 stabulensem,
598 2479 708 2539 Saddar'
725 2475 887 2554 subiciens,
916 2477 1043 2537 ltabdom‘
1058 2471 1220 2553 Dominus,
1246 2479 1279 2536 Ia

130 2574 295 2658 Dominus,
317 2582 435 2642 Adonai
450 2577 509 2662 Qui
526 2587 572 2643 est
589 2577 740 2657 dominus,
764 2579 830 2640 labe
851 2575 909 2660 Qui
926 2587 990 2641 crat
1008 2587 1038 2640 et
1055 2586 1101 2639 est
1117 2586 1147 2639 et
1165 2596 1280 2661 semper

132 2679 252 2760 existit,
276 2681 514 2765 quemadmodum
528 2677 628 2767 Moysi
644 2679 705 2766 ipsc
721 2678 868 2744 declarate
893 2684 950 2758 (lui
960 2692 1003 2742 est
1018 2684 1096 2741 mahat
1108 2701 1151 2741 rue
1163 2684 1201 2741 ad
1215 2701 1274 2754 coa,
1291 2697 1386 2753 mons,
1399 2700 1430 2741 u.

131 2785 207 2845 aces
220 2786 261 2845 ad
271 2785 353 2858 illm,-
374 2786 471 2846 Elh'ou
486 2781 670 2847 Altissimum
683 2793 781 2863 sonat,
799 2783 924 2845 Sabaoth
937 2781 1142 2846 Exercituum.
1180 2778 1280 2863 Quare

129 2888 267 2947 machaas
283 2886 408 2947 Sabaoth
424 2868 504 2947 idem
529 2896 574 2950 est
592 2906 625 2948 ac
642 2882 786 2948 Dominus
803 2885 997 2949 exercituum.
1043 2882 1126 2967 Quae
1145 2906 1206 2948 vox
1222 2889 1279 2946 Do

130 2990 223 3049 mrbus
248 2986 314 3051 addi
340 2997 480 3073 perpetuo
506 2987 583 3051 solet
609 2986 779 3071 ubicumque
805 2985 934 3051 Sabaoth
962 3007 1066 3050 nomeu
1093 2987 1276 3071 exprimitur.

130 3086 203 3155 Non
224 3088 302 3153 enim
324 3089 387 3155 sola
406 3085 535 3154 Sabaoth
558 3089 645 3154 dictio
665 3090 797 3175 ponitur,
828 3101 913 3174 puta,
944 3087 1029 3153 Dixit
1045 3088 1116 3152 mihi
1136 3087 1276 3167 Sabaoth,

130 3201 198 3269 aut,
233 3186 367 3256 Locutus
390 3203 438 3256 cst
460 3189 609 3270 Sabaoth,
640 3192 692 3256 sed
717 3191 815 3256 stetim
840 3192 1023 3275 adiungitur,
1057 3188 1200 3255 Dominus
1223 3188 1279 3254 Sn-

128 3291 231 3357 baoth.
275 3290 321 3357 lta
339 3292 416 3358 enim
435 3292 582 3359 Hebraico
598 3295 756 3379 scriptum,
778 3298 895 3357 Adonai
909 3296 1051 3369 Sabaoth,
1068 3294 1130 3357 hoc
1152 3304 1197 3357 cst
1219 3290 1278 3356 Do·

129 3394 226 3459 minus
248 3390 390 3461 Sabaoth.
962 3477 965 3489 Ι

215 3492 275 3561 Sed
294 3518 368 3582 quae
386 3499 535 3584 praeclare
553 3498 672 3563 omnino
692 3499 768 3564 diota
784 3509 869 3579 sunt,
901 3499 973 3562 haec
989 3497 1025 3561 ab
1041 3497 1098 3562 illis
1114 3508 1145 3561 ct
1163 3498 1276 3561 illorum
1295 3507 1354 3575 top.
1369 3511 1411 3561 vt.

127 3596 273 3664 similibus
289 3600 398 3665 frustra
417 3622 486 3687 prae
503 3602 590 3666 enimi
609 3602 752 3667 caecitate
768 3623 820 3689 per
835 3600 1005 3667 calumniam
1023 3621 1057 3664 ac
1074 3600 1211 3663 malitiam
1227 3601 1277 3663 de·

127 3710 299 3786 precantur.
344 3700 461 3768 Etenim
484 3704 614 3769 salvator
635 3716 736 3770 noster
756 3705 786 3769 in
809 3726 845 3771 co
867 3726 951 3789 quem
975 3704 1010 3765 ad
1031 3699 1155 3766 ludaeos
1177 3703 1278 3767 habuit

127 3822 266 3868 armona
282 3824 461 3890 nequaquam
480 3807 516 3871 de
535 3806 648 3871 diabolo
667 3807 781 3873 locutus
799 3820 863 3886 cat,
895 3818 925 3870 ut
941 3826 1027 3869 nemo
1043 3827 1101 3869 nou
1117 3816 1218 3890 aperte
1232 3805 1277 3869 vi·

127 3904 178 3977 det
193 3905 243 3991 poi
257 3906 412 3972 inhaerere
427 3909 543 3974 veritati
558 3910 691 3989 student,
724 3911 776 3975 scd
794 3921 912 3995 propter
928 3905 1025 3971 ludam
1044 3908 1071 3970 id
1089 3907 1125 3971 ab
1139 3928 1176 3971 eo
1192 3928 1276 3971 usur·

127 4016 225 4094 patum
247 4018 305 4073 est.
348 4008 420 4074 Non
437 4012 513 4074 enim
530 4011 672 4077 Abraemi
689 4012 739 4075 lilii
757 4023 840 4077 erant
862 4010 910 4095 qui
933 4033 965 4076 sc
984 4022 1137 4096 autequam
1158 4029 1275 4073 carnem

126 4109 264 4175 indueret
277 4111 332 4176 sub
345 4111 395 4176 illa
411 4111 544 4179 Mambre
560 4134 670 4198 quercu
685 4113 753 4177 olim
768 4123 945 4199 exceperat,
969 4113 1021 4178 sed
1035 4113 1173 4199 perfidiae
1186 4110 1276 4176 Iudae

127 4211 221 4292 bhos,
244 4223 277 4277 ut
291 4214 333 4280 ita
350 4215 458 4296 dicam,
490 4237 545 4281 sua
560 4236 594 4280 ae
609 4216 756 4281 sententia
772 4215 1010 4296 declaraverunt,
1041 4234 1126 4301 quem
1142 4215 1275 4280 dominus

125 4355 175 4402 rent
225 4346 342 4411 όςκεοται.
637 4357 641 4365 “
715 4359 799 4418 parcnt
820 4357 846 4405 a'n
867 4357 920 4405 edit
932 4358 1024 4418 princ,
1048 4357 1159 4406 Pctcolus
1179 4368 1209 4404 cc
1224 4355 1274 4404 cod.

159 4420 186 4472 S.
240 4412 269 4472 ni
287 4417 611 4486 peloponnesum.
719 4425 793 4472 Vcttc.
810 4425 903 4474 adiecit,

159 4484 184 4538 9.
204 4490 280 4539 Verba
298 4482 376 4541 Diam
397 4486 446 4612 pplp
466 4483 486 4557 el
506 4485 613 4560 Ἕβραῖς
633 4486 683 4557 ori·
750 4490 809 4541 Cur.
820 4491 863 4542 Vl.
876 4517 910 4529 -
925 4490 947 4542 1.
959 4488 1040 4558 peirac
1053 4494 1145 4542 Pctoou'
1156 4497 1189 4544 cst
1198 4505 1276 4543 omem

126 4551 398 4627 σκωἊδοΜῒΣαβ
439 4558 683 4625 Μοσοοοοοοιο·
716 4560 789 4612 dotto.
822 4561 987 4613 moutam
1004 4557 1068 4627 μετὰ
1084 4555 1140 4628 τήν.
