3046 5084
281 302 343 364 664
705 308 826 362 οινοτι
844 310 1011 362 σεινιιιαιι

280 438 385 495 τεῦθεν
400 427 420 511 ή
437 428 518 514 άργή.
563 430 606 493 Εί
619 431 721 493 τοίνυν
738 425 796 493 άπό
814 427 879 493 τότε
894 425 914 510 ή
927 427 1004 515 γυνή
1019 427 1151 517 ῦπετάγη
1166 434 1200 499 ἐκ
1215 434 1438 522 προςτάγματος

281 539 357 597 θεοῦ
371 539 411 620 τῷ
425 529 521 615 άνδρί,
542 534 593 595 καὶ
609 529 784 605 ἀκολούθως
800 528 817 596 ό
830 528 991 608 ἀπόστολος
1004 534 1228 603 καθυποτάσσει
1241 537 1365 623 ταύτην,
1381 538 1436 605 οὐκ

283 634 442 710 άντιθέτως
465 642 504 722 τῷ
523 633 677 716 ποιήσαντι
698 630 748 697 τόν
767 630 932 717 άνθρωπον
952 637 1002 699 καὶ
1018 635 1072 718 τήν
1089 648 1219 722 γυναῖκα
1235 648 1318 729 θεῷ,
1346 640 1437 719 αὐτός

279 737 403 805 κελεύων
420 741 566 801 δείκνυσιν
584 734 745 813 ἐξάπαντος
763 735 808 800 ότι
824 743 878 800 τοῦ
896 734 988 801 αὐτοῦ
1003 746 1079 804 θεοῦ
1094 737 1219 825 ῦπάρχει
1236 739 1255 808 ό
1274 740 1437 821 άπόστολος

281 843 449 922 νομοθέτης
464 846 557 916 θεοῦ,
581 831 618 903 οῦ
632 840 680 902 καὶ
699 835 717 903 ό
731 840 823 921 νόμος
838 830 876 920 ἦν
891 842 941 903 καί
957 838 1071 922 ήπῦσα
1086 842 1196 907 παλαιά
1212 844 1365 929 διαθήκη,
1386 850 1436 912 καί

280 951 333 1010 τοῦ
355 941 448 1007 αὐτοῦ
469 939 489 1024 ή
510 939 598 1023 καινή
616 940 763 1023 διαθήκη,
792 943 939 1006 τουτέστιν
958 946 992 1006 αί
1009 942 1062 1009 δύο
1081 948 1242 1027 διαθῆκαι,
1273 951 1309 1013 αἱ
1321 948 1376 1031 τήν
1388 978 1436 1035 γυ-

281 1056 369 1112 ναῖκα
386 1044 450 1110 τότε
467 1046 519 1108 καὶ
536 1050 590 1107 νῦν
606 1042 852 1119 καθυποτάξασαι
866 1051 907 1132 τῷ
927 1041 1028 1130 α’νδρὶ,
1059 1045 1097 1111 δι’
1113 1045 1221 1132 εὐσεβῆ
1236 1052 1290 1115 καί
1307 1050 1437 1139 άντίρρο-

281 1176 339 1215 πον
360 1146 502 1224 εὐταξίαν.

367 1250 401 1326 ις’
420 1253 471 1316 καί
487 1247 533 1314 κδ
549 1248 634 1331 Σγόλ.
670 1250 746 1334 Περὶ
769 1246 955 1325 ἀναστάσεως
976 1258 1097 1337 νεκρῶν.
1140 1258 1280 1340 Γνωρίζω
1303 1256 1337 1322 δέ
1359 1253 1436 1338 ύμῖν,

282 1353 420 1434 άδελφοί,
444 1351 476 1418 τό
493 1350 668 1438 εὐαγγέλιον,
691 1350 709 1416 δ
726 1349 953 1436 εὐηγγελισάμην
968 1350 1046 1434 ύμῖν.
1092 1357 1152 1419 Καὶ
1168 1356 1229 1435 ότι,
1252 1360 1297 1421 Εί
1310 1358 1437 1445 Χριστός

282 1455 338 1523 οὐκ
355 1455 521 1541 ἐγήγερται,
544 1453 677 1537 μάταιον,
699 1456 750 1518 καὶ
764 1453 799 1517 τά
815 1456 889 1537 ἑξῆς.
937 1454 1041 1532 Οῦτως
1058 1455 1252 1542 κηρύσσομεν,
1276 1463 1329 1526 καί
1344 1460 1438 1539 οῦτως

282 1558 481 1636 ἐπιστεύσατε,
510 1557 556 1623 ότι
576 1555 704 1641 Χριστός
725 1555 874 1637 άπὲθανε,
902 1560 952 1622 καί
972 1559 1082 1642 ἐτάφη,
1112 1563 1162 1625 καὶ
1182 1560 1338 1648 ἐγήγερται
1358 1570 1437 1655 οιτή

281 1667 361 1751 τρίτη
384 1658 487 1748 ήμὲρηι.
522 1659 616 1724 Ὅταν
639 1660 670 1723 δὲ
692 1658 724 1724 τό
745 1658 857 1743 θνητόν
874 1667 960 1726 τοῦτο
979 1661 1135 1743 ἐνδύσηται
1153 1662 1344 1745 ἀθανασίαν,
1375 1664 1437 1732 τότε

283 1765 434 1852 γενήσεται
456 1760 474 1828 ό
494 1762 581 1848 λόγος
603 1759 621 1827 ό
643 1764 855 1848 γεγραμμένος,
879 1763 1042 1847 Κατεπόθη
1068 1763 1129 1830 ⁶²6
1150 1765 1292 1843 θάνατος.

368 1866 403 1941 ις’
418 1868 468 1930 καὶ
486 1864 531 1930 κδ’
540 1864 658 1951 Ἔλεγγ.
694 1869 829 1952 Γνωρίζω
847 1866 878 1930 δέ
895 1863 981 1949 ύμῖν,
1004 1865 1143 1948 άδελφολ,
1165 1866 1198 1934 τό
1215 1867 1399 1957 εὐαγγέλιον,
1419 1872 1436 1937 δ

282 1967 510 2055 εὐηγγελισάμην
528 1966 606 2051 ύμῖν.
652 1971 694 2032 Εἰ
707 1967 925 2054 εὐηγγελίσατο,
948 1972 998 2035 καί
1017 1968 1089 2036 αὐτό
1107 1968 1196 2036 πάλιν
1213 1979 1362 2058 γνωρίζει,
1384 1972 1436 2041 ούιι

282 2074 407 2140 άλλοθευ
423 2070 600 2158 εὐαγγέλιον,
624 2069 691 2136 οὐτε
707 2069 776 2153 άλλη
792 2079 898 2157 γνῶσις
913 2071 985 2156 μετά
998 2072 1052 2155 τήν
1068 2077 1137 2155 μίαν
1154 2075 1204 2139 καί
1219 2073 1254 2141 τό
1273 2082 1353 2143 ”ev
1367 2076 1436 2162 ὅπερ

280 2174 470 2262 ἐντυγχάνει
498 2173 547 2239 διά
571 2181 628 2238 τῶν
647 2173 794 2258 τεσσάρων
817 2172 988 2260 εὐαγγελίων
1014 2178 1065 2241 καί
1087 2183 1146 2241 τῶν
1169 2174 1359 2245 άποστόλων·
1388 2184 1437 2245 ἰ’να

282 2282 381 2367 ἐλέγξη
398 2277 449 2343 τόν
464 2281 635 2362 Μαρκίωνα
651 2275 702 2342 τόν
720 2275 791 2359 μετά
805 2285 932 2343 τοσαῦτα
947 2280 997 2360 ἐτη
1012 2277 1133 2361 ήκοντα,
1155 2278 1228 2362 μετά
1242 2280 1372 2365 χρόνους
1386 2290 1437 2349 τοῦ

283 2383 465 2464 καλουμένου
481 2378 651 2463 Ἀνικήτου,
682 2387 736 2445 τοῦ
751 2377 901 2463 Ῥωμαίων
918 2379 1100 2462 ἐπισκόπου,
1129 2390 1184 2447 τοῦ
1202 2382 1280 2449 κατά
1297 2384 1437 2469 διαδοχήν

283 2484 389 2552 ἐνάτου
407 2485 564 2570 γενομένου
582 2481 642 2549 άπό
661 2491 714 2565 τής
728 2490 787 2548 τῶν
801 2481 974 2550 άποστόλων
990 2486 1108 2569 Πέτρου
1120 2485 1171 2551 καλ
1189 2484 1316 2555 Παύλου
1330 2486 1437 2555 τελιιό·

284 2611 365 2663 σεως.
411 2585 467 2651 Διό
486 2585 752 2668 ἐπασφαλιζόμενος
773 2585 791 2651 ό
808 2584 897 2664 αὐτός
914 2585 1079 2663 άπόστολος
1095 2590 1187 2674 ἔλεγε,
1217 2588 1287 2657 Κάιν
1301 2616 1332 2655 τε
1347 2588 1438 2675 ήμεῖς,

282 2689 303 2774 ή
321 2690 440 2775 άγγελος
457 2688 669 2774 εὐαγγελίσηται
689 2686 761 2772 ύμῖν
779 2687 881 2775 παρ’ῦ
900 2676 1092 2776 παρελάβετε,
1122 2688 1261 2777 άνάθεμα
1277 2696 1370 2773 ἐστο),
1398 2722 1439 2781 γι·

284 2792 406 2859 νιόσκων
424 2790 568 2874 πνεύματι
586 2789 658 2881 άγίῳ
676 2791 721 2857 ότι
740 2794 832 2874 μέλλει
849 2798 999 2879 Μαρκίων
1012 2795 1064 2858 καί
1078 2793 1186 2860 εἴπατ’
1200 2792 1295 2863 αὐτόν
1311 2798 1440 2883 διαστρί·

284 2922 352 2979 φειν
368 2896 422 2980 τήν
436 2893 507 2961 όδύν
520 2894 575 2977 τήν
587 2902 685 2969 καλῶς
699 2896 908 2981 ἕδραιωμίνην.
941 2893 1040 2961 Ὅθεν
1054 2894 1153 2963 ούκίτι
1166 2894 1259 2977 εἶπεν,
1283 2898 1438 2987 Εὐαγγελί·

284 3008 368 3082 ζομαι
384 2997 470 3080 ύμῖν,
494 2995 579 3076 άλλά,
603 3002 739 3083 Γνωρίζω
757 2995 829 3081 ύμῖν
845 2996 878 3063 τύ
897 2996 1079 3083 εὐαγγέλιον,
1101 2997 1156 3065 οὐκ
1174 2998 1243 3067 ἄλλο
1261 2998 1314 3081 όν,
1335 3000 1407 3069 ἄλλά
1422 3002 1440 3070 δ

282 3102 341 3187 ήδη
356 3099 584 3187 εὐηγγελισάμην
600 3098 687 3182 ύμῖν,
709 3093 747 3166 οῦ
769 3099 822 3184 τήν
837 3098 1005 3184 ῦπόμνησιν
1021 3099 1092 3184 ύμῖν
1108 3110 1260 3185 ποιοῦμαι.
1305 3110 1440 3189 Γνωρίζω

162 3236 212 3282 ρος.
225 3224 270 3269 ³⁸5.
285 3205 371 3291 ύμῖν,
405 3211 468 3270 Τίνι
490 3204 567 3293 λόγῳ
583 3201 810 3289 εὐηγγελισάμην
832 3201 918 3286 ύμῖν,
949 3208 976 3268 εί
991 3207 1136 3289 κατάγετε,
1166 3206 1253 3285 ἐκτός
1273 3210 1303 3275 εί
1318 3206 1359 3293 μή
1374 3210 1440 3293 είαή

284 3307 477 3376 ἐπιστεύσατε.
523 3310 565 3371 Εἰ
587 3306 628 3389 μή
650 3305 705 3391 γάρ
727 3308 873 3390 κατέχετε,
905 3304 945 3382 τίς
966 3306 1093 3395 ἐκήρυξα
1114 3305 1203 3391 ύμῖν,
1234 3312 1326 3395 χωρίς
1348 3308 1441 3379 αὐτοῦ

285 3417 348 3496 εἰκῆ
369 3409 562 3478 ἐπιστεύσατε.
608 3407 851 3495 Εὐηγγελισάμην
872 3408 927 3496 γάρ
946 3407 1031 3493 ύμῖν,
1052 3408 1122 3476 ’Ὁτι
1142 3412 1271 3499 Χριστός
1289 3410 1441 3483 Mam

285 3515 359 3601 ῦπέρ
376 3523 435 3580 τῶν
454 3511 605 3599 άμαρτιῶν
622 3511 707 3596 ήμῶν
723 3510 798 3578 κατά
815 3511 868 3588 τάς
886 3512 1018 3599 γραφάς,
1047 3516 1097 3579 καὶ
1119 3512 1166 3581 ότι
1185 3522 1223 3605 τῇ
1243 3522 1328 3607 τρίτη
1343 3516 1440 3609 ήμίρη

285 3619 436 3705 ἐγήγερται
452 3616 527 3684 κατά
546 3615 598 3693 τάς
614 3615 746 3702 γραφάς,
779 3619 830 3681 καί
846 3613 882 3681 ού
898 3615 972 3681 κατά
991 3623 1107 3699 μῦθον,
1137 3622 1189 3683 καί
1209 3616 1281 3685 ούδδ
1296 3620 1373 3689 κατά
1388 3620 1441 3707 τήν

285 3726 475 3787 διδασκαλίαν
496 3728 555 3786 τῶν
576 3718 737 3803 μελλόντων
761 3716 812 3801 ὐφ’
835 3721 947 3784 ἐαντιῦν
967 3726 1062 3785 λαλεῖν
1083 3719 1104 3785 ά
1125 3719 1168 3805 μή
1188 3723 1358 3809 γίγραπται.
1404 3728 1444 3791 οί

285 3827 338 3909 μὲν
355 3823 410 3911 γάρ
425 3822 563 3889 Ἰουδαῖοι
580 3821 632 3903 ὐφ’
650 3825 761 3888 ἑαυτῶν
776 3824 892 3908 λέγουσι
909 3820 950 3905 μή
967 3824 1143 3908 ἐγηγέρθαι,
1170 3828 1324 3911 Μαρκίων
1339 3828 1375 3895 δὲ
1391 3832 1442 3895 nl

285 3934 316 3997 οί
338 3927 418 3994 άλλοι
440 3929 573 4014 λέγουσιν
594 3924 647 4006 ὐφ’
668 3928 782 3991 ἐαυτῦν
805 3924 924 4009 δοκήσει
946 3928 1130 3993 πεπονθέναι
1151 3930 1204 3993 καί
1227 3929 1441 4013 “testem

284 4031 358 4118 Ἐγοί
382 4032 413 4096 δέ
434 4029 508 4096 κατά
528 4029 580 4105 τάς
599 4029 718 4116 γραφάς
739 4027 932 4112 άσφαλίζομαι
953 4025 1040 4111 όμᾶς.
1086 4028 1195 4107 Εύθῦς
1214 4030 1273 4119 γάρ
1294 4034 1441 4123 ίπιφίροη
1466 4042 1479 4099 f

285 4137 390 4220 λέγων,
417 4132 519 4209 Οῦτως
533 4133 733 4218 κηρύσσομεν,
754 4136 804 4199 καί
822 4131 918 4209 οῦτως
933 4131 1136 4212 ἐπιστεύσατε,
1157 4132 1203 4199 ότι
1222 4136 1356 4223 Χριστός
1370 4136 1441 4207 Η-

285 4247 361 4301 θανε
377 4238 427 4301 καί
443 4239 553 4319 ἐτάφη,
576 4239 624 4301 καί
641 4239 789 4322 ἐγήγερται
804 4244 842 4326 τή
854 4239 936 4326 τρίτη
951 4232 1060 4324 ήμέρςι·
1082 4238 1135 4303 καί
1150 4234 1262 4319 εὐθύς,
1284 4242 1331 4307 Ee
1343 4242 1441 4331 νεαροὶ

319 4428 360 4480 61.
378 4430 410 4495 τῇ
428 4433 491 4479 abest
506 4444 588 4491 ιιιρτα.
877 4432 1036 4481 emendatione
1052 4433 1153 4482 Ριλσυίί.
1186 4432 1253 4483 δίδη·
1268 4436 1350 4499 «ἡ,
1370 4436 1442 4499 μί.

320 4496 361 4549 θλ.
379 4500 458 4558 Supra
476 4493 491 4549 δ
509 4494 616 4556 θάνατος
633 4496 670 4557 είς
686 4503 761 4558 νῖκος.
874 4503 994 4561 corrupte,
1018 4500 1116 4551 habene.-
1142 4497 1168 4553 ἐν
1194 4488 1266 4569 ᾧπερ
1288 4496 1441 4573 {mnia

319 4564 361 4618 63.
377 4560 404 4617 ἓν
428 4558 489 4632 ὅπερ
515 4562 542 4619 ἓν
568 4564 685 4635 τυγχάνοι
707 4571 791 4633 scripsi
813 4582 843 4619 ee
877 4569 1005 4619 commus
1018 4570 1102 4621 νοτίδι
1117 4584 1198 4637 neque
1208 4566 1261 4623 elie
1274 4570 1369 4625 aoeie-
1382 4578 1441 4647 μ
