3046 5084
442 363 575 416 rrnuurr
592 364 656 418 ιιι
666 367 689 418 ι.
704 364 787 419 τοι.
800 368 832 417 ιι.
849 367 1046 418 naenxxx.
1255 353 1316 417 aar

169 482 250 546 uitae
264 481 460 548 detestamur.
495 479 598 563 Quare
612 482 642 545 irr
656 479 837 547 Cireaitibm
849 484 915 548 iotis
929 505 1014 547 uuum
1032 481 1068 544 ad
1084 483 1249 549 institutum
1267 503 1316 547 ae-

168 585 389 649 eommodarunt
411 584 528 659 omnia,
559 603 594 645 ao
618 583 655 646 de
671 581 763 646 Petro
779 583 902 666 plurima
925 585 1074 646 mendnoia
1097 586 1314 648 eonbnxarnnt.

169 682 341 750 Cuiusmodi
367 695 414 759 est
437 685 516 748 iuter
537 695 655 762 uetera,
690 683 818 766 quotidie
842 685 920 746 illum
942 685 1131 747 castimoniae
1152 706 1256 748 ramea
1274 687 1317 748 la·

167 790 261 865 visse,
285 789 362 871 quod
380 786 429 849 isti
449 787 547 848 laneae
563 796 794 849 noasueverunt.
840 784 918 849 Turn
935 785 971 847 ab
987 785 1121 847 animatis
1139 786 1273 848 omnibus
1288 798 1318 850 et

168 888 325 965 oarnibus,
349 888 522 970 reliquoque
535 887 614 950 omni
631 887 707 970 quod
726 907 816 950 earne
832 897 948 949 constet
965 885 1159 966 abstinuisse,
1182 887 1317 970 quoniam

168 990 206 1052 ab
220 991 258 1052 iis
273 1001 332 1053 tam
349 986 444 1051 Ebion
462 989 529 1052 elim
546 1009 630 1072 quam
649 988 734 1051 bodio
746 987 901 1051 Ebionitae
918 1009 1020 1051 omnes
1032 988 1203 1051 abborreot.
1228 984 1318 1053 Cum·

171 1112 227 1173 que
243 1091 370 1174 aliquem
388 1109 427 1152 ex
442 1089 498 1153 illis
512 1089 743 1173 interrogaveris
757 1112 812 1153 our
827 1090 942 1152 tande·
959 1090 996 1151 ab
1013 1089 1147 1152 animatis
1166 1111 1233 1153 sese
1248 1111 1318 1153 uon·

169 1193 280 1269 lineat,
303 1191 380 1255 aliud
394 1190 469 1254 nibil
481 1202 599 1274 praeter
615 1191 669 1254 boa
688 1191 851 1277 imperitum
868 1202 898 1254 et
915 1192 1056 1255 insulsum
1072 1192 1216 1276 excipiet,
1241 1193 1317 1277 qood

168 1293 253 1357 illae
271 1313 423 1378 ιιιριιιι
440 1293 518 1355 uoitu
537 1292 750 1377 concubituque
765 1294 941 1377 gignantur,
965 1313 999 1356 se
1018 1292 1127 1355 ideireo
1144 1315 1201 1356 non
1221 1295 1314 1357 vesei.

170 1393 220 1459 Ex
239 1416 296 1479 quo
312 1393 381 1457 illud
399 1414 584 1478 consequens
600 1405 662 1472 est,
687 1395 741 1459 bos
759 1396 838 1481 ipsos
857 1395 905 1479 qui
924 1415 965 1458 ex
981 1395 1084 1458 eodem
1102 1395 1158 1459 viri
1176 1395 1316 1459 luminae-

169 1518 226 1581 quu
241 1496 396 1582 eomplexu
420 1496 481 1559 uati
504 1507 591 1572 suut,
616 1496 826 1559 abominandos
844 1517 929 1575 esse,
961 1496 986 1559 si
1004 1518 1074 1560 vera
1094 1508 1163 1561 sunt
1180 1519 1254 1581 quae
1276 1518 1316 1561 ex

170 1618 221 1662 ore
243 1613 297 1661 suo
318 1596 407 1661 stulte
427 1618 463 1660 ae
483 1597 605 1661 ridicule
627 1609 812 1661 vomuerunt.

251 1695 390 1762 Ceterum
408 1698 554 1783 baptismo
567 1719 682 1782 quoque
704 1711 822 1784 praeter
839 1700 1035 1782 quotidianum
1052 1700 1129 1763 illum
1148 1700 1311 1780 initiantur,
1329 1705 1466 1773 cavar.

167 1811 196 1864 el
211 1821 252 1864 ex
271 1795 505 1864 Christianorum
522 1799 725 1882 eoelesiaeque
743 1799 904 1862 imitatione
926 1802 1064 1885 mysteria
1081 1804 1220 1884 quaedam
1244 1826 1315 1887 qno·

166 1902 264 1966 tannis
280 1901 447 1977 eelebrent,
472 1900 501 1962 iu
519 1899 623 1983 quibos
645 1920 736 1984 panes
759 1922 899 1984 azymos,
930 1903 1017 1965 etad
1039 1904 1159 1966 alteram
1182 1906 1313 1988 mysterii

167 2015 277 2090 partem
297 2024 408 2065 meram
432 2023 535 2085 aquam
553 2000 702 2064 adbibeot.
747 1999 848 2079 Duos,
871 2013 903 2064 nt
919 2003 976 2064 iam
994 2004 1073 2080 dixi,
1098 2027 1114 2066 ι
1132 2007 1187 2067 deo
1204 2007 1314 2068 eonsti-

168 2116 245 2168 turm
268 2113 423 2181 asserunt,
456 2101 606 2166 Christum
630 2112 661 2165 et
683 2101 840 2164 diabolum.
887 2099 1018 2184 Quorum
1042 2104 1082 2165 illi
1111 2107 1216 2180 laturi,
1248 2107 1314 2169 buia

167 2206 331 2292 praesentis
356 2206 447 2268 seculi
469 2215 600 2290 potestas
624 2214 670 2267 est
695 2205 867 2281 commissa,
901 2204 986 2287 idque
1007 2205 1081 2266 adeo
1108 2206 1314 2290 omnipotentis

165 2308 243 2372 illias
265 2309 402 2370 mandato
423 2310 458 2369 ad
482 2306 621 2389 euiusqrre
644 2305 868 2390 postulationem
892 2325 959 2368 esse
982 2308 1099 2369 lactum.
1146 2304 1194 2372 (lb
1216 2307 1244 2370 id
1268 2307 1314 2372 le·

166 2432 229 2475 som
254 2430 294 2472 ex
316 2409 392 2471 virili
421 2409 533 2471 semine
559 2409 729 2492 productum
749 2409 888 2484 affirmat,
920 2419 951 2470 et
971 2408 1116 2485 electum,
1147 2409 1245 2492 itaque
1268 2412 1314 2473 dei

166 2512 254 2575 blium
275 2509 447 2594 appeliatum
460 2509 497 2572 ab
514 2529 551 2573 eo
567 2506 735 2588 Christum,
759 2509 855 2594 quiin
878 2509 972 2594 ipsum
992 2510 1143 2573 columbae
1166 2512 1258 2594 ligura
1278 2514 1314 2576 de

167 2614 250 2677 aoelo
267 2613 403 2696 delapsus
426 2623 483 2676 est.
528 2608 649 2696 Negant
669 2632 742 2676 vero
759 2633 776 2674 a
795 2613 851 2675 deo
868 2611 948 2675 illum
973 2633 1040 2676 esse
1064 2625 1147 2697 patre
1170 2614 1313 2698 genitum,

167 2717 219 2779 sed
243 2725 378 2798 tanquam
405 2735 492 2777 unum
511 2735 550 2778 ιι
565 2714 749 2798 arebangelis
765 2724 912 2790 ursatum,
947 2726 976 2778 et
994 2715 1030 2777 iis
1056 2725 1152 2779 minen
1173 2715 1313 2779 maiorem

167 2817 215 2901 qui
232 2816 405 2900 mengede,
431 2825 461 2879 et
476 2816 622 2880 universis
640 2836 713 2900 quae
730 2816 846 2878 suntab
863 2817 1062 2901 omnipotente
1082 2819 1198 2881 condita
1221 2817 1313 2881 domi·

167 2930 270 2997 netur,
293 2929 325 2980 ot
340 2919 369 2981 in
389 2917 465 2981 burro
480 2917 580 2981 orbem
597 2919 690 2997 verrit,
714 2929 800 3002 atque
818 2917 872 2980 boo
890 2918 965 3001 quod
984 2929 1031 2981 est
1046 2919 1074 2982 in
1091 2919 1205 2984 illorum
1222 2942 1313 2985 evan·

167 3020 245 3104 petio
264 3019 408 3083 docuerit.
452 3024 532 3101 Ego,
556 3019 667 3102 inquit,
696 3024 736 3081 ad
755 3022 919 3101 abroganda
940 3024 1084 3101 suonflmir
1106 3028 1184 3098 ueni,
1209 3036 1239 3085 et
1257 3029 1317 3085 nisi

165 3124 331 3204 auerrflmre
348 3125 504 3196 desieritis,
528 3126 577 3184 dai
591 3127 621 3184 r'n
638 3143 687 3184 ιιι
703 3127 748 3185 r'rn
765 3145 821 3184 non
837 3123 967 3184 cessabit.
1015 3122 1166 3188 Eiusmodi
1186 3145 1257 3207 ergo
1278 3124 1313 3187 il·

165 3224 259 3289 lorum
276 3224 408 3288 instituta
426 3234 506 3287 suut.
549 3220 710 3287 Praeterea
727 3224 937 3309 Apostolorum
956 3225 1029 3289 alios
1046 3227 1140 3289 dutus
1159 3225 1314 3288 circumle-

166 3336 245 3402 ruat‚
270 3326 300 3388 in
316 3325 420 3410 quibus
438 3326 561 3410 plurima
577 3336 647 3389 sunt
662 3324 820 3410 impietatis
833 3327 946 3390 illorum
961 3328 1098 3411 vestigia,
1122 3329 1244 3411 eiusque
1261 3349 1313 3412 po·

166 3427 308 3492 tissimum
323 3429 498 3492 austeritate
512 3427 580 3490 libri
589 3428 624 3490 ad
638 3429 859 3512 oppuguandam
868 3430 1021 3492 ueritatem
1032 3438 1194 3492 armantur.
1219 3425 1314 3514 Quip-

167 3551 203 3616 pe
217 3541 316 3596 sartos
337 3531 395 3595 illia
418 3530 544 3614 gradus,
573 3531 603 3593 in
626 3531 721 3614 iisque
742 3528 840 3593 iacobi
859 3530 1045 3594 narrationes
1060 3531 1199 3613 quantiam
1218 3532 1313 3619 expli·

166 3642 250 3712 aaut,
274 3633 379 3718 quibus
400 3634 543 3697 adversus
564 3634 701 3718 templum
724 3643 754 3696 et
774 3633 934 3711 sacrificia,
965 3633 1120 3715 ignemque
1142 3631 1192 3715 qui
1215 3645 1260 3698 eat
1281 3635 1312 3700 in

165 3735 250 3799 altari
272 3735 440 3799 deulamans
464 3733 622 3800 induoitur.
672 3736 826 3799 Aeuedunt
852 3745 882 3797 et
909 3735 964 3797 alia
987 3733 1194 3818 quamplurima
1225 3736 1311 3821 longe

164 3836 370 3917 stolidissima,
393 3847 425 3901 ut
439 3834 619 3903 velPaulum
636 3837 729 3924 ipsum
745 3837 802 3900 illio
818 3856 959 3899 auousare
973 3855 1032 3898 ιιι
1048 3835 1217 3902 erubuerint
1229 3859 1311 3902 men·

165 3939 328 4005 durissimis
345 3938 517 4022 quibusdam
531 3939 734 4018 sermonibus,
757 3960 830 4023 quos
849 3937 987 4000 falsorum
1005 3958 1045 4000 ex
1063 3937 1117 4001 itto.
1131 3960 1221 4024 grege
1241 3961 1311 4024 apo·

165 4042 305 4105 stolorum
329 4060 416 4104 error
430 4050 516 4123 atque
536 4040 706 4124 improbitas
728 4038 919 4124 excogitauit.
965 4036 1114 4124 Siquidem
1129 4040 1309 4105 Tarsensem

129 4147 132 4152 '
165 4142 245 4207 illum
261 4143 430 4223 nominant,
451 4142 479 4204 id
497 4143 573 4227 qood
590 4142 653 4228 ipse
670 4163 728 4207 non
745 4152 845 4225 negat,
868 4140 927 4205 imo
944 4142 1036 4228 palam
1055 4145 1216 4229 profitetur.
1247 4144 1310 4207 Ad·

196 4397 222 4451 3.
243 4396 317 4454 δόλια
330 4392 519 4465 ἐπιτηδεύματα
535 4399 585 4448 uod.
606 4400 676 4448 Valle.
755 4393 784 4451 ori
801 4404 861 4462 cett,
876 4401 917 4451 sed
931 4404 1068 4451 ouetam'tute
1083 4403 1215 4451 radiatio.
1229 4404 1311 4451 surtrrtr'

196 4479 222 4535 4,
240 4484 335 4548 πολλῆς
352 4486 403 4535 uod.
419 4487 491 4535 Vatia
753 4486 923 4536 ιἰιιιιιιιιάιιιι
940 4489 1000 4537 r'ttud
1017 4482 1056 4538 τὰ.

197 4568 221 4619 5.
241 4570 297 4618 Cori
308 4570 431 4632 dbtdiput
445 4570 501 4620 editi
516 4570 599 4619 bobmt
613 4563 721 4622 biberari
