3046 5084
381 350 517 404 tuututt
533 351 630 405 utu-t.
646 353 728 407 ΤΟΜ.
741 354 772 406 tt.
789 354 888 406 fldlill.
901 355 990 407 XXX.
1202 347 1259 407 261

111 471 213 549 limus,
236 470 375 551 contulit,
399 469 595 553 comitamquc
610 469 698 548 iecit,
721 470 825 535 iubens
840 473 1007 556 insaporet
1022 472 1157 556 quicquid
1174 473 1264 538 rellct

112 583 237 658 optaret.
283 570 336 636 llle
355 572 425 635 nihil
444 569 522 634 aliud
538 568 595 632 niti
613 569 670 632 boc
690 591 779 633 ouum
796 573 917 634 mani-i
933 573 1064 635 beneficii
1081 572 1147 637 loco
1162 585 1263 659 postu·

112 675 199 753 lavit,
230 673 286 737 sibi
310 683 341 736 ut
363 672 394 736 in
413 670 588 735 ludaeorum
606 669 689 754 pagis
706 671 841 734 omnibus
857 681 889 733 et
904 672 1016 756 oppidis
1032 675 1261 738 extrncodarum

111 776 140 838 iu
163 773 275 841 Christi
298 775 439 837 bonorem
463 771 655 835 ecclesiarum
680 782 811 856 potestas
834 770 1018 856 imperatoris
1046 774 1142 836 edicto
1167 775 1260 839 lieret.

111 875 226 960 Quibus
241 878 271 939 in
285 874 358 938 locis
372 895 460 937 nemo
474 893 598 956 uuquam
613 872 756 936 ecclesias
770 873 924 936 aedificare
939 883 1085 957 potuerat,
1108 874 1183 957 quud
1199 876 1262 938 nul-

111 978 156 1041 lus
172 978 251 1040 inter
266 997 319 1039 cos
336 995 431 1059 neque
446 975 579 1059 gentilis,
604 994 698 1057 neque
716 970 939 1051 Samaritanus,
963 995 1057 1058 neque
1077 971 1263 1040 Christianus

111 1079 268 1141 habitaret.
312 1073 548 1160 Praesertimque
563 1073 734 1152 Tiberiade,
759 1073 989 1154 Diocaesarcae,
1012 1098 1087 1159 quac
1101 1087 1132 1139 et
1147 1076 1262 1162 Sephu-

112 1181 166 1240 rim
185 1179 306 1257 dicitur,
328 1176 485 1256 Nazareti,
509 1174 744 1261 Capharnaumi,
776 1176 824 1239 ubi
844 1177 999 1260 diligenter
1017 1177 1071 1241 boc
1087 1179 1259 1258 observant,

112 1299 198 1340 trema
221 1288 253 1341 ut
272 1279 369 1361 gentis
388 1279 507 1342 alterius
529 1277 704 1342 domicilium
727 1278 785 1340 illic
808 1277 923 1340 habeat.

197 1379 239 1442 At
257 1377 398 1464 Iosephus
414 1380 541 1464 acceptis
558 1401 624 1442 uum
641 1401 675 1443 ea
693 1389 837 1465 potestate
854 1400 890 1442 ac
907 1380 1045 1462 dignitate
1060 1381 1154 1446 literis
1168 1380 1259 1446 Tibe·
1277 1400 1404 1468 copxrr.

113 1481 221 1544 riadem
239 1481 387 1566 perrexit,
417 1500 531 1565 unaque
549 1491 579 1542 et
595 1481 751 1564 diplomata
768 1502 867 1545 secum
886 1480 996 1560 attulit,
1028 1482 1131 1565 quibus
1149 1485 1258 1567 impen-

114 1603 192 1645 sase
210 1583 281 1645 lisoo
296 1591 429 1667 caperet,
453 1603 517 1645 cum
537 1581 669 1666 privatim
688 1581 750 1665 ipse
765 1584 909 1668 stipendia
928 1604 966 1644 cx
982 1584 1083 1646 eudem
1098 1586 1256 1670 acciperat.

112 1683 205 1766 lgitur
225 1683 384 1747 Tiberiade
406 1683 561 1746 ecclesiam
583 1683 740 1746 aedificare
760 1686 865 1770 coepit.
912 1683 986 1748 Erat
1007 1687 1036 1750 in
1061 1687 1162 1750 eadem
1186 1689 1258 1752 urbe

110 1786 245 1870 templum
260 1785 367 1869 ingens
381 1784 450 1847 olim
465 1792 645 1862 extructum,
669 1785 744 1866 quod
759 1785 945 1865 Adriauium,
969 1789 1025 1850 nisi
1043 1789 1136 1865 isidor,
1160 1789 1258 1874 appel-

109 1887 218 1951 labunt.
262 1884 348 1969 Quod
366 1907 432 1949 cum
448 1885 649 1968 imperfectum
665 1884 806 1947 haetenus
823 1888 995 1966 mansisset,
1019 1890 1152 1973 oppidani
1167 1891 1259 1975 publi-

109 2009 160 2052 cas
185 1989 215 2052 in
234 1989 355 2052 balneas
375 1998 554 2051 commutare
577 1985 742 2048 studebant.
788 1983 853 2048 lice
876 1984 1016 2069 Iosephus
1039 2001 1141 2053 noctus
1167 1993 1203 2055 ad
1227 1993 1256 2055 id

109 2090 184 2174 qnod
201 2091 297 2153 animo
310 2097 488 2172 conceperat
503 2087 725 2151 accommodare
739 2085 874 2150 instituit.
908 2085 948 2150 Et
964 2100 995 2150 ut
1009 2090 1149 2171 quadrato
1164 2090 1257 2176 lapide

109 2202 280 2275 quaternum
298 2191 460 2254 cubitorum
479 2199 588 2252 certam
608 2190 642 2250 ad
661 2188 840 2250 altitudinem
858 2201 987 2251 ereetum
1004 2189 1175 2268 invenerat,
1205 2214 1257 2255 vo·

109 2294 164 2357 teri
178 2304 344 2357 structurae
361 2313 466 2356 novam
485 2290 629 2354 ecclesiae
645 2289 749 2352 molem
766 2289 916 2373 imponere
933 2290 1043 2353 statuit.
1089 2292 1136 2354 Ad
1153 2293 1181 2356 id
1199 2295 1257 2357 cal-

108 2416 143 2458 ce
160 2395 226 2461 vira
247 2415 319 2480 opus
337 2405 416 2474 crat,
447 2394 615 2478 reliquaque
634 2391 713 2454 omni
731 2392 865 2454 materia.
909 2389 1003 2476 lgitnr
1020 2393 1151 2457 caminos
1170 2405 1257 2460 extra

109 2496 210 2561 urbam
230 2495 297 2560 lieri
314 2518 373 2559 nou
390 2516 498 2582 paucus
517 2495 656 2579 imperat,
685 2505 823 2578 septenos
838 2493 973 2573 circiter,
1004 2515 1076 2578 quos
1091 2497 1178 2580 vulgo
1196 2499 1257 2562 lor·

107 2619 197 2663 uaces
214 2598 376 2662 nominant.
420 2594 483 2662 Sub
502 2597 574 2659 haec
592 2592 694 2659 ludaei
712 2595 747 2658 ad
767 2596 900 2659 audenda
917 2595 1062 2680 quaelibet
1079 2598 1200 2682 proiecti
1220 2601 1255 2663 ad

106 2700 215 2765 usitata
232 2700 354 2785 cigenti
370 2699 515 2764 maledicis
530 2697 713 2780 confugiunt.
757 2693 877 2759 Etenim
893 2697 1014 2780 magicis
1027 2699 1205 2765 carminibus
1221 2722 1256 2765 ac

108 2801 273 2888 praestigiis
285 2801 343 2865 rim
358 2801 435 2886 ignis
451 2801 590 2886 impedire
606 2797 717 2883 egregii
732 2797 864 2861 homines
877 2800 1009 2882 aggressi
1025 2813 1110 2881 aunt,
1130 2805 1182 2867 sed
1197 2826 1255 2868 nuo

107 2914 248 2990 perpetuu
263 2914 430 2988 potuerunt.
475 2905 518 2967 At
531 2900 614 2964 initio
627 2911 725 2963 tameo
739 2900 875 2964 cessabat
888 2902 982 2984 ignis,
1006 2902 1132 2988 nihilque
1148 2927 1255 2990 coqne-

108 3009 174 3085 bat,
206 3006 326 3068 naturae
347 3025 418 3069 suae
440 3005 521 3068 rclut
541 3004 635 3066 officio
657 3003 823 3066 destitutus.
870 3002 947 3066 Tum
974 3004 1022 3088 qui
1044 3008 1254 3090 suppeditando

106 3108 168 3192 igni
183 3107 305 3193 pabulo,
328 3106 462 3189 virgultis
476 3106 591 3171 scilicet
605 3126 640 3168 ac
656 3105 813 3186 fructibus,
838 3115 924 3169 erant
937 3106 1077 3191 appositi,
1101 3129 1167 3170 cum
1184 3109 1255 3171 nihil

106 3229 140 3275 sc
158 3209 302 3296 proficere
320 3208 603 3288 animadverterent,
635 3228 696 3271 rem
713 3208 748 3271 ad
766 3206 921 3292 losephum
939 3210 1083 3272 delerant.
1128 3206 1256 3295 Pupugit

106 3333 142 3376 aa
165 3333 216 3377 res
239 3311 401 3392 bominem,
432 3311 587 3394 statimque
609 3311 730 3374 coelesti
754 3310 782 3372 in
804 3310 951 3372 dominnm
970 3312 1075 3374 ardore
1094 3331 1253 3375 succensus

106 3424 192 3479 extra
208 3414 309 3477 urbem
325 3414 459 3491 advolat,
483 3434 586 3497 aquarn
603 3413 745 3498 pustulat:
769 3413 890 3475 affertur
907 3413 936 3474 in
953 3433 1047 3476 aeueo
1064 3430 1154 3489 vase,
1178 3414 1252 3494 quod

105 3536 278 3600 campsacau
293 3516 393 3600 vulgo,
417 3515 477 3579 illic
491 3515 641 3579 cacubium
657 3524 774 3578 rocaut.
810 3511 856 3576 Eo
871 3535 968 3576 coram
985 3513 1119 3576 omnibus
1133 3524 1253 3597 accepto

104 3622 187 3697 (uam
205 3618 240 3680 ad
259 3617 315 3681 huc
330 3618 526 3703 spectaculum
545 3615 716 3681 ludaeorum
735 3615 819 3679 turba
835 3625 1030 3692 coruvencrat,
1055 3624 1086 3676 ut
1104 3614 1147 3677 rei
1164 3635 1254 3680 eren·

106 3729 185 3798 tum,
208 3738 243 3783 ac
261 3719 328 3805 quid
345 3724 462 3783 tandem
479 3718 622 3806 losepbus
637 3729 741 3804 ageret
754 3719 903 3799 viderent)
921 3716 1017 3779 crucis
1033 3718 1147 3799 siguum
1164 3739 1253 3804 super

105 3821 173 3885 illud
189 3821 280 3907 digito
297 3822 391 3899 ducit,
414 3843 450 3885 ac
465 3819 533 3886 lesu
550 3842 655 3885 nomen
672 3821 814 3884 invocans
832 3840 936 3902 magna
956 3839 1030 3882 voce
1046 3819 1090 3882 sic
1108 3820 1252 3904 loquitur=

103 3928 139 3987 Ia
153 3929 263 3987 mmaite
276 3929 342 3986 lesu
357 3927 521 3999 Nasus-ead,
544 3947 623 4006 prtem
640 3928 697 3986 mei
706 3927 819 4003 puriter
833 3933 917 4002 utque
936 3925 1034 3984 horum
1049 3929 1179 3999 omarum,
1204 3930 1256 4006 qui

104 4029 152 4088 hic
163 4030 288 4102 adstant,
306 4031 427 4087 marom
442 4030 471 4087 iu
485 4048 595 4089 crucem
612 4037 742 4106 egerunt,
757 4028 826 4085 dccc
839 4045 913 4105 apuu
929 4029 983 4085 oria
999 4026 1098 4087 habeto
1111 4030 1151 4087 ud
1162 4032 1252 4106 mugi-

105 4150 154 4191 ess
169 4139 247 4191 artes
264 4130 458 4208 maleficosque
474 4133 566 4190 omnm
581 4130 797 4208 mungumdu,
827 4147 898 4206 puae
913 4130 965 4188 riu·
978 4140 1191 4208 compararunt,
1216 4131 1252 4188 ab

136 4280 162 4331 2.
180 4282 222 4332 Sic
234 4283 285 4332 oud.
299 4282 397 4344 llltedr'p.
412 4285 432 4329 ct
446 4282 521 4331 editus
533 4283 590 4330 tsucr·
600 4286 662 4331 uter-
694 4280 744 4330 cod
759 4294 802 4329 mr.
820 4282 895 4330 actuo
911 4295 948 4330 oua
949 4296 977 4330 us
993 4297 1066 4344 uuum
1081 4285 1107 4331 iu
1122 4297 1199 4364 morp.
1216 4285 1254 4332 sui

103 4351 242 4413 uuscud.
255 4352 328 4401 rouo.
344 4352 411 4399 habet
424 4341 478 4414 nan
491 4345 662 4434 τιτραπήτους
693 4349 940 4410 «complasmatum
952 4355 984 4399 cst
996 4352 1110 4400 schottus.
1133 4345 1254 4418 ἀπέχοντο

103 4362 259 4544 &libore
273 4414 317 4471 broi
330 4416 489 4499 τετραπέδων
503 4407 623 4470 libos‘
594 4432 662 4483 supe,
694 4417 731 4466 sd.
745 4419 821 4479 princ.
854 4409 991 4501 ἀπέσχοντο
1007 4419 1058 4467 cod.
1074 4419 1168 4479 tttudtp.

170 4478 237 4569 ipsu
238 4502 332 4544 ςτινος
347 4479 506 4553 ἀνεγηγερμέ
506 4501 569 4544 usuc
729 4481 861 4536 baal
834 4501 862 4537 το
880 4487 930 4535 cod.
949 4487 1021 4534 t’uttc.

137 4553 162 4605 3.
179 4486 310 4622 απιίχοοτο
325 4554 362 4603 ed.
376 4555 466 4616 Pctus,
482 4555 512 4604 du
526 4556 663 4604 auctoritate
