3046 5084
437 852 516 1027 's
554 940 943 1057 narraturi

332 1158 565 1211 mmeramme
583 1160 674 1221 cuae
691 1158 729 1209 m
747 1158 855 1209 crrao
872 1160 934 1209 asa
951 1156 1097 1208 muscorr

268 1324 496 1405 anteusus,
514 1326 642 1393 LXXX
664 1325 888 1393 flauuestds
911 1322 1019 1393 OPUS
1042 1323 1156 1410 Quod

542 1500 572 1575 P
585 1500 618 1575 A
630 1500 662 1575 N
674 1500 708 1575 A
719 1501 756 1575 R
767 1500 787 1575 1
800 1499 832 1575 U
843 1500 880 1573 u

478 1702 553 1753 utve
572 1702 708 1753 aucune
728 1701 948 1753 tusctuctTtJta.

219 1936 389 2002 Instituenti
406 1936 476 2001 milri
492 1937 529 2000 de
549 1936 605 1999 lide
624 1937 736 2021 pariter
751 1947 783 2000 et
798 1937 985 2015 infidelitate,
1017 1937 1111 2021 deque
1136 1938 1227 2001 rectis
1248 1958 1284 2000 ac
1302 1951 1361 2015 erp.
1378 1949 1396 1997 1.

138 2040 288 2126 perversis
315 2039 498 2123 dogmatibus
523 2058 690 2103 sermonem
715 2038 827 2121 ingredi
856 2039 983 2101 amnium
1009 2040 1103 2124 primo
1126 2041 1162 2102 de
1186 2038 1285 2102 mundi

137 2141 354 2227 procreatione,
379 2140 473 2224 dequo
486 2140 522 2203 iic
538 2160 612 2223 quae
628 2139 766 2224 deinceps
780 2150 849 2203 eunt
863 2151 1032 2217 consecuta,
1057 2141 1190 2204 iacienda
1204 2160 1286 2203 meu·

137 2244 179 2306 tic
198 2254 257 2307 est.
302 2238 393 2325 ldqua
412 2262 468 2324 ego
494 2262 552 2305 nou
576 2242 650 2305 meis
668 2240 780 2305 ruilus
802 2250 853 2303 aut
869 2241 990 2324 privatis
1014 2241 1285 2305 ratiocinationibus

138 2346 232 2409 iratus
251 2344 418 2427 aggrediar,
442 2343 494 2406 sed
518 2354 661 2427 quatenus
681 2342 797 2427 quidem
815 2340 948 2405 domiuus
965 2342 1094 2405 omnium
1117 2364 1152 2407 ac
1171 2344 1286 2407 miseri·

139 2466 208 2511 cors
224 2446 298 2507 deus
315 2444 463 2529 propinetis
480 2444 543 2510 euin
560 2442 691 2530 aperuit,
714 2462 874 2525 eorumque
895 2443 980 2506 nobis
1005 2444 1146 2506 berelicio
1167 2446 1286 2507 unirer-

140 2568 239 2611 sernm
254 2546 353 2609 rerum
372 2546 521 2625 notitiam,
545 2557 683 2630 mantum
702 2545 848 2609 domiuum
866 2554 969 2607 natura
986 2545 1055 2624 fert,
1077 2544 1227 2629 impertire
1243 2545 1286 2607 di-

118 2659 246 2731 ·guntos
262 2658 320 2711 est.
363 2644 416 2711 dle
434 2668 508 2711 vero
529 2647 588 2711 iam
609 2658 670 2727 ¹tum
694 2646 758 2731 ipso
776 2646 979 2730 disputationis
1002 2646 1085 2709 initio
1107 2646 1190 2729 angit
1211 2645 1285 2709 haud

140 2750 329 2813 mediocriter
341 2760 428 2832 atque
443 2759 535 2813 terret
549 2747 677 2833 suscepti
691 2748 790 2831 operis
805 2748 985 2831 magnitudo.
1016 2745 1119 2831 Quare
1132 2747 1286 2817 sanctissi-

140 2872 218 2913 mum
232 2850 312 2914 iilum
327 2851 425 2929 deum,
448 2850 570 2933 eiusque
586 2848 675 2913 tilium
692 2849 808 2913 unicum
821 2847 919 2913 lerum
932 2847 1095 2929 Christum,
1115 2870 1170 2913 nec
1184 2870 1243 2913 non
1256 2860 1288 2912 ct

140 2959 273 3014 sancta·
291 2950 356 3014 eius
371 2952 504 3036 spiritum
520 2950 646 3037 appulin,
668 2961 703 3015 ut
717 2951 891 3014 ad-laaiusce
907 2951 951 3013 rei
969 2952 1169 3014 illustrandam
1185 2952 1287 3033 cogui-

141 3053 250 3115 tionem
275 3062 403 3117 mentem
427 3063 558 3117 nostram
577 3052 676 3117 divina
698 3052 764 3115 luce
788 3054 953 3138 perfundat.
997 3048 1039 3116 Ut
1062 3054 1139 3116 enim
1161 3053 1287 3137 gentiles

22 3216 27 3228 ,
140 3154 318 3239 scriptores,
341 3165 400 3217 tam
420 3164 525 3237 poetae
544 3152 772 3237 qoam-alterius
792 3155 928 3238 munds,
952 3155 1066 3231 solent,
1090 3176 1154 3217 cum
1175 3154 1286 3216 fabulo-

139 3256 332 3339 eum'aliqucd
346 3276 420 3340 opus
432 3256 597 3333 instituunt,
614 3253 768 3319 Musarum
785 3257 943 3342 implorare
958 3256 1122 3341 quampiam
1135 3288 1176 3302 -
1191 3274 1286 3337 neque

139 3357 218 3421 enim
243 3358 330 3421 deum
358 3356 498 3422 invocant
520 3357 541 3421 ii
568 3376 691 3441 quornm
718 3358 814 3421 omnis
837 3380 878 3423 cx
899 3360 1072 3423 daemonum
1096 3356 1193 3419 afflatu
1219 3376 1287 3441 pro·

138 3480 242 3543 messa
258 3458 408 3544 sapientia·
418 3470 478 3538 eut,
500 3458 660 3543 eademque
675 3469 805 3539 terrena,
829 3482 885 3523 nec
899 3481 916 3523 e
932 3460 1144 3545 superioribus,
1168 3468 1199 3521 ut
1213 3458 1286 3523 scri·
1299 3475 1343 3518 ιιι.
1357 3474 1379 3531 ι,
1392 3475 1423 3517 ιι.

140 3571 219 3643 ptum
236 3572 300 3639 est,
325 3561 522 3640 descendens,
544 3596 589 3609 -
608 3563 650 3625 ita
669 3583 724 3625 uos
746 3583 845 3626 rerum
867 3562 995 3624 omnium
1018 3561 1230 3625 moderatorem
1250 3580 1287 3625 ac

141 3660 288 3726 domiuum
311 3683 450 3747 rogamus
476 3673 509 3727 ut
536 3663 642 3727 edesse
668 3664 801 3727 tenuitati
826 3674 944 3726 nostrae
969 3660 1058 3739 velit,
1092 3680 1127 3723 ac
1153 3673 1286 3726 sanctum

141 3759 227 3823 nobis
241 3763 374 3847 spiritum
388 3764 556 3843 immittere,
580 3784 618 3829 ne
633 3765 700 3848 quid
715 3764 745 3827 in
763 3784 853 3848 opere
867 3762 1017 3847 proposito
1032 3765 1217 3827 contexendo
1235 3764 1288 3829 iai-

142 3881 207 3924 sum
232 3873 262 3923 et
281 3864 474 3931 adulterinum
491 3867 679 3929 misceamus.
725 3862 820 3948 Quem
845 3886 898 3927 nos
923 3864 1054 3949 spiritum
1081 3866 1286 3930 imbecillitatis

142 3971 262 4025 nostrae
285 3966 397 4027 conscii
417 3988 470 4053 pro
489 3968 564 4032 ¹lidei
588 3967 674 4031 modo
697 3986 733 4029 ac
758 3966 873 4031 ratione
894 3967 997 4031 donari
1021 3968 1105 4032 nohis
1129 3988 1286 4054 magnope-

141 4086 177 4129 re
196 4084 363 4150 precamur.

175 4300 636 4371 emunctoriorum,
661 4322 698 4359 re·
731 4310 848 4373 puram

142 4374 206 4423 aditui
222 4386 252 4423 ec
268 4374 319 4423 cod.
338 4375 426 4423 Veneto.
764 4374 789 4429 6.
814 4374 899 4439 cairate
927 4381 995 4431 codd.
1021 4383 1096 4431 Vocet
1122 4384 1144 4431 ct
1167 4382 1287 4445 dtdcdipcr.

175 4434 200 4491 4.
217 4437 270 4494 uida
287 4442 339 4492 ood.
357 4444 412 4491 Ven-
443 4444 524 4496 παῖδα
537 4444 621 4505 relicui
635 4446 697 4496 libri.
732 4447 806 4513 totpo
822 4442 912 4513 αὖιῆς.

174 4506 201 4559 d.
215 4507 275 4575 ampl
287 4506 381 4564 mitur
396 4511 448 4561 cod
460 4514 525 4575 Van,
538 4506 628 4565 τούτου
642 4517 697 4564 mtt·
762 4514 787 4571 7.
804 4512 835 4571 τὸ
851 4519 928 4568 odteci
944 4530 974 4568 cc
992 4518 1042 4567 cod
1058 4520 1113 4568 Vm.
