3046 5084
289 375 424 448 nannum
442 376 505 429 aru.
517 378 538 429 t.
553 377 636 430 nont.
649 379 692 430 111.
708 378 806 431 esau.
817 380 965 431 xxxviii.
1140 368 1200 430 515

55 501 112 560 dnm
129 498 244 572 donum,
269 501 444 578 pniponunt
459 497 704 571 tenebrositatem,
726 510 758 560 ct
770 501 858 561 lacem
875 502 1019 572 tenebras,
1044 503 1095 580 par·
1106 503 1204 561 ducunt

55 604 137 663 dulce
154 621 280 662 arnamar
287 645 296 674 ,
320 610 351 661 et
364 620 490 672 maram
505 603 596 661 dadae.
643 597 720 663 Nam
736 599 765 662 iu
784 600 877 663 veteri
894 610 924 662 et
938 621 1015 664 novo
1030 610 1204 663 testamento

56 698 141 767 Caini
155 701 290 786 impietas
305 712 407 786 aperta
425 722 459 764 ao
475 700 555 765 ciana
571 722 644 766 voce
660 703 855 787 praedicatur.
893 699 938 765 lili
957 713 1052 765 autem
1069 702 1206 766 tenebra·

55 825 120 868 rum
136 814 282 867 amatores
296 825 332 867 ac
347 803 543 867 maleficorum
558 803 721 868 imitatores
736 804 860 868 Abelum
876 804 1010 883 oderunt,
1035 814 1065 867 et
1081 801 1206 868 Caiuum

56 917 172 986 amant,
205 918 236 969 et
253 902 353 969 iudam
374 905 532 990 praeconio
552 927 607 970 suo
626 906 786 970 celebrant.
832 905 892 970 Sed
913 917 943 969 et
961 906 1207 990 perniciosissime

58 1009 207 1087 sentiunt,
231 1008 298 1071 dnm
318 1006 466 1072 Virtutem
485 1008 627 1092 duplicem
642 1011 838 1087 constituunt,
869 1008 1040 1072 irnhecidlnm
1057 1021 1087 1072 et
1101 1008 1208 1071 firmio-

58 1132 138 1191 rem,
167 1131 240 1195 quae
257 1130 357 1173 secum
374 1109 499 1174 inuicem
519 1111 695 1189 dissideant,
726 1131 835 1174 acuon
856 1111 1035 1174 voluntatum
1055 1111 1083 1173 iu
1103 1110 1209 1173 mundo

59 1213 229 1279 varietatem
247 1213 393 1292 inferant,
427 1214 479 1276 sed
495 1213 564 1277 ittud
582 1214 749 1298 perficiant,
780 1213 877 1296 utqui
896 1213 925 1275 iu
943 1213 1036 1276 lucem
1053 1214 1207 1298 prodeunt,

58 1316 107 1381 atii
122 1315 241 1401 primam
259 1337 274 1377 a
291 1315 367 1379 malo
383 1324 504 1378 naturae
518 1315 672 1399 originem,
693 1316 741 1379 aiii
755 1337 772 1378 a
787 1316 863 1378 bono
879 1316 1037 1379 derivatam
1053 1316 1207 1400 accipiant.

59 1416 215 1483 Neminem
239 1418 315 1481 enim
337 1417 380 1480 itti
401 1437 442 1480 ex
463 1417 550 1480 animi
573 1417 783 1482 deliberatione
806 1419 911 1481 bonum
934 1438 1002 1481 esse
1024 1419 1071 1483 uel
1091 1419 1209 1498 mnium,

59 1523 110 1585 sed
134 1530 238 1585 natura
259 1519 324 1603 ipsa
345 1519 496 1583 definiunt.

145 1620 205 1688 Sed
222 1624 257 1686 de
275 1619 369 1687 Caino
384 1623 506 1706 primum
524 1623 589 1707 quid
606 1633 707 1686 uetere
721 1622 751 1685 iu
769 1631 943 1685 testamento
958 1624 1097 1706 scriptum
1113 1624 1151 1686 sit
1167 1622 1211 1684 in·
1231 1634 1289 1703 dap.
1305 1636 1346 1685 tt.

61 1726 230 1812 spiciamus.
274 1728 461 1800 Maledictus,
493 1724 603 1809 iuquit,
634 1729 839 1798 metatores,
871 1747 942 1806 qnae
956 1731 1068 1805 aperuit
1083 1748 1114 1786 os
1129 1746 1210 1786 sarem
1224 1743 1350 1797 aemam

61 1841 91 1892 et
107 1835 231 1909 suscepit
245 1833 410 1908 sangumem
419 1829 529 1909 fratres
546 1832 590 1888 tui
608 1831 642 1888 de
658 1848 742 1888 nnana
762 1837 825 1901 tna,
857 1833 967 1908 erisque
980 1849 1094 1906 gemens
1113 1839 1144 1888 et
1159 1840 1215 1888 tre-

62 1953 139 1994 mens
151 1952 238 2012 snper
254 1943 368 1992 terram.
417 1925 530 2010 Quibus
548 1949 582 1992 ea
599 1929 798 2006 consentiunt,
823 1950 897 2012 quac
912 1929 948 1991 de
963 1931 1064 1992 eodem
1082 1931 1215 1992 dominus

63 2034 93 2097 iu
112 2032 265 2116 evangetio
283 2032 425 2116 loquitar,
456 2053 521 2095 oum
540 2028 640 2094 ludaei
655 2031 816 2108 dixissent,
849 2036 959 2092 Patrem
974 2032 1105 2092 dademas
1121 2035 1211 2092 darem.

65 2133 116 2200 Sic
134 2136 211 2199 enim
226 2134 359 2197 domiuus
378 2134 524 2197 occurrit:
557 2139 611 2195 Vos
620 2136 687 2214 stat
699 2139 766 2195 estis
778 2139 873 2214 patris
890 2139 979 2194 nestri
991 2135 1112 2207 diaboli,
1145 2155 1213 2214 qao·
1227 2152 1303 2196 tonos.
1315 2154 1335 2208 e,

63 2245 139 2302 ariam
156 2241 276 2300 mandam
293 2250 352 2310 est,
386 2241 515 2318 quantam
530 2249 615 2317 pater
631 2242 693 2299 er'ns
709 2241 829 2298 mendam
850 2248 909 2297 est:
941 2238 991 2296 otte
1005 2238 1216 2318 damnositasar't
1245 2207 1279 2261 ‘⁵¹'
1292 2205 1323 2248 ἢ

63 2344 100 2404 ad
115 2346 195 2404 mitris
203 2386 212 2415 ,
237 2352 265 2401 et
282 2344 312 2401 in
327 2344 445 2400 ueritate
457 2361 513 2400 aaa
527 2344 615 2401 stett't.
662 2343 730 2401 Cam
748 2342 888 2420 laprn'tnr,
913 2343 1084 2401 mendacium
1100 2360 1136 2399 ea
1147 2359 1217 2418 pra·

60 2450 127 2527 prio
145 2447 285 2525 loquatur,
317 2446 446 2523 pacatam
461 2454 490 2503 et
499 2446 657 2522 paterenus
672 2445 792 2504 merdae
807 2453 878 2502 erat.
926 2439 1049 2524 Exque
1067 2452 1097 2502 et
1114 2440 1217 2503 diacre-

65 2567 116 2612 ses
131 2546 206 2610 aliae
223 2566 288 2608 cum
304 2544 378 2607 ianua
393 2563 497 2607 vocem
511 2544 648 2623 audiunt,
671 2541 846 2608 Indaeorum
862 2555 971 2628 patrem
989 2543 1133 2606 diabolum
1152 2561 1217 2606 esse

66 2649 182 2727 dicuat,
213 2646 260 2710 cui
277 2656 307 2710 at
322 2645 395 2709 alius
412 2647 452 2708 sit
467 2656 565 2731 pater,
596 2646 720 2730 huicque
735 2646 834 2731 itidem
850 2648 936 2710 alins.
981 2643 1042 2709 Sed
1060 2655 1219 2708 excaecata

66 2762 165 2816 merite
188 2749 385 2834 effrenataque
408 2748 507 2834 lingua
527 2749 584 2812 ista
604 2749 749 2813 iactitant.
795 2747 944 2832 Siquidem
961 2750 997 2812 ad
1014 2749 1220 2813 universorum

68 2853 215 2917 domiuum
237 2873 272 2915 ac
296 2848 469 2915 ludaeorum
493 2863 522 2915 et
543 2848 796 2930 Christianorum,
830 2853 960 2935 adeoque
984 2853 1111 2916 omnium
1135 2853 1220 2915 deum

68 2956 146 3020 iliius
165 2954 369 3040 cognationem
389 2955 539 3031 referunt,
572 2974 694 3038 eumque
716 2964 825 3040 putrem
845 2975 912 3019 esse
929 2956 1056 3039 parentis
1074 2955 1151 3018 iilius
1169 2976 1220 3039 pu·

69 3069 132 3124 taut
151 3058 200 3144 qui
219 3054 320 3143 Moysi
341 3057 436 3141 legem
459 3056 699 3142 praescripserit,
729 3079 765 3121 ac
787 3069 844 3121 tam
867 3058 956 3122 muita
980 3059 1108 3143 prodigia
1126 3069 1222 3142 patm-

69 3159 157 3227 verit.
203 3157 263 3225 Sed
285 3160 373 3244 longe
394 3179 429 3222 se
450 3157 722 3238 reordinatores,
754 3162 959 3225 nantissime!
1005 3161 1082 3225 Nam
1099 3161 1222 3224 subinde

69 3264 204 3328 dominus
224 3261 317 3326 nostri
339 3263 368 3324 ia
392 3261 525 3324 omuibus
542 3282 642 3325 curam
661 3283 786 3346 gerens,
821 3285 858 3326 ne
879 3286 930 3347 pro
947 3264 1011 3326 aliis
1027 3264 1084 3326 niin
1101 3263 1222 3325 subdole

71 3367 263 3451 ingeremus,
286 3376 336 3428 aut
350 3364 464 3427 iliorum
480 3374 591 3449 patrem
607 3385 712 3427 revera
727 3365 962 3429 existimaremus
979 3387 1046 3429 esse
1063 3364 1220 3441 diabolum,

69 3469 111 3533 ita
128 3467 285 3552 discipulos
301 3487 372 3530 suos
390 3466 563 3551 adloquitur:
594 3471 696 3529 Nonae
712 3471 854 3530 duodecem
873 3491 920 3528 vos
938 3472 1025 3547 elegi,
1050 3480 1079 3528 et
1096 3489 1169 3528 anas
1184 3490 1221 3528 ea
1234 3488 1372 3545 nodosum.

71 3574 148 3636 rodes
163 3572 291 3633 anatolus
306 3577 370 3657 estt
400 3590 458 3632 riou
477 3589 542 3631 eum
560 3581 684 3650 natura,
708 3572 759 3633 sed
777 3573 872 3633 animo
891 3570 1034 3633 diabolum
1051 3590 1119 3633 esse
1132 3569 1222 3654 sigui-

72 3676 172 3739 iicans.
219 3668 328 3735 lterum
345 3671 403 3734 alio
419 3671 449 3733 iu
468 3671 549 3734 loco:
580 3677 666 3735 Pater
680 3677 789 3736 domena
803 3677 922 3734 coeliae
940 3685 1048 3747 terrae,
1077 3695 1160 3734 serua
1175 3695 1222 3734 eos
1235 3695 1312 3739 resno.

72 3799 142 3860 quas
162 3777 362 3837 dedistismihi.
411 3778 479 3835 Cam
496 3796 571 3837 eram
589 3798 652 3838 cam
669 3781 752 3858 aptes,
783 3777 927 3836 seruabam
948 3798 1011 3849 eos,
1044 3788 1073 3836 et
1087 3798 1167 3838 nemo
1187 3799 1224 3838 ea
1237 3748 1269 3803 U'
1284 3748 1315 3790 ω’

72 3882 132 3942 ν’ἱίιὶν
144 3882 246 3960 percit,
268 3878 420 3956 nairifilr'as
429 3880 607 3957 perditionis.
654 3878 739 3942 Atius
757 3878 843 3941 item:
868 3882 983 3957 Oportet
989 3880 1087 3958 stlsina
1103 3883 1222 3940 tomento
1235 3900 1319 3968 merch.

74 3985 160 4056 trudi,
177 3985 253 4042 arent
264 3983 399 4058 sareptam
413 3991 457 4040 est
469 3982 504 4041 de
516 4003 565 4042 eo:
587 3986 643 4042 Vae
655 3993 746 4043 autem
760 3993 790 4042 et
795 4003 851 4060 per·
864 4003 942 4061 prtem
958 3985 1102 4057 tradetnrp
1123 3982 1222 4043 bonnm
1239 3955 1273 4008 ω
1285 3954 1319 3996 ²⁴⁴

73 4089 145 4148 earm
160 4095 225 4145 erat
239 4087 280 4155 er',
310 4086 434 4143 sinatus
447 4085 618 4165 consuesset
629 4087 710 4145 domn
722 4086 771 4144 itte
787 4095 840 4144 eto.
889 4081 954 4146 Hoc
968 4084 1056 4167 igitur
1071 4085 1224 4149 manifeste

106 4239 131 4288 ⁴2.
150 4231 275 4302 ἀγαπητοί
291 4237 342 4286 cad.
359 4236 431 4285 Vatia.
463 4229 580 4302 α’γαπητέ
595 4252 632 4288 re·
699 4234 724 4287 4.
742 4234 836 4288 ἑαυτῶν
854 4240 908 4287 edit.
921 4242 997 4300 princ.

74 4311 133 4371 ttpnt
149 4309 210 4355 aare
700 4306 723 4355 5.
743 4306 817 4355 Verbo
830 4299 937 4369 Ἰούδαν,
952 4299 979 4358 ‘o'u
994 4304 1037 4360 καὶ
1047 4307 1166 4361 Σατανᾶν
1182 4307 1224 4360 et-

107 4374 132 4426 3.
150 4366 356 4436 dsscendentem,
373 4384 431 4435 quat
448 4375 580 4423 aestuaria
593 4378 633 4435 cat,
666 4375 761 4439 κληκε,
778 4372 822 4424 καὶ
838 4369 952 4443 διάβολον
970 4377 1046 4426 adieci
1064 4391 1094 4427 ea
1110 4378 1160 4427 eod.
1178 4378 1225 4427 Va·

72 4444 169 4507 repetiti
186 4454 215 4492 ta
230 4442 299 4506 pontt
314 4443 405 4504 saltada
454 4455 474 4491 a.
490 4437 633 4508 διανοούμε-
667 4444 720 4504 tia,
738 4443 898 4493 desiderantur
914 4446 939 4494 in
954 4446 1057 4507 rationis.

74 4529 119 4566 um

952 4601 991 4666 33
1005 4596 1023 4638 *
