3046 5084
247 301 288 361 94
667 310 788 364 omer!
804 309 975 363 ΕΡΙΡΗΑΝΙῙ

246 427 397 511 παρετέθη
418 423 438 491 ό
457 423 576 510 μόσχος·
607 424 685 492 ὅπου
707 428 739 492 δέ
757 425 891 510 Ἅβραάμ
912 424 1042 512 ἀγγέλοις
1062 425 1209 509 παρέθετο
1229 432 1324 512 κρεῶν
1344 425 1403 511 τὴν

247 531 431 615 ἓτοιμασίαν,
453 527 591 595 ἀποδέων
612 525 668 594 ούκ
689 522 729 611 ἦν
750 528 840 606 αύτός
860 536 914 611 τῆς
934 526 1047 593 τούτων
1065 534 1196 610 μετοχῆς.

111 633 177 699 Κεφ·
195 627 227 698 λ’·
327 629 411 697 Ἀλλύ
428 633 547 697 καὶτοῦ
563 629 715 717 προβάτου
732 634 874 706 ταθέντος
891 632 923 696 έν
940 632 977 721 τῇ
993 636 1053 695 τῶν
1069 633 1241 715 Αἰγυπτίων
1256 629 1338 719 χιόρᾳ
1357 634 1402 697 ἔτι

245 732 314 818 παρ’
331 736 508 819 Αἰγυπτίοις
524 733 658 818 τυγχάνει
675 731 804 821 ἀδομίνη
824 731 845 816 ἦ
861 731 1040 818 παρύδοσις,
1069 733 1120 796 καλ
1137 729 1218 817 παρά
1235 741 1298 808 τοῖς
1315 736 1401 799 εἰδω-

244 836 403 921 λολότραις.
445 832 495 899 Ἐν
515 833 571 920 γάρ
595 843 636 924 τῷ
654 843 764 923 καιρῷ,
794 835 842 900 ὅτε
859 832 891 898 τό
909 834 1006 917 πάσχα
1022 835 1134 919 ἐγένετο
1152 837 1246 899 ἐκεῖσε
1264 831 1349 919 (ἀρχὴ
1366 838 1401 902 δί

246 939 321 1022 αύτη
341 942 450 1023 γίνεται
470 944 523 1002 τοῦ
547 939 650 1021 ἔαρος,
680 936 728 1000 ὅτε
748 934 769 1016 ἦ
788 934 891 1019 πρύτη
909 938 1071 1020 ἰσημερία),
1100 938 1133 999 ἰκ
1151 940 1270 1017 μίλτεως
1286 937 1400 1020 λαμβά.

244 1063 330 1107 νουσι
347 1039 453 1112 πάντες
469 1037 628 1121 Αἰγύπτιοι
643 1036 717 1101 κατά
735 1034 897 1120 ἀγνωσίαν,
926 1038 977 1101 καλ
993 1040 1110 1118 χρίουσι
1125 1037 1178 1119 μέν
1199 1036 1235 1100 ταί
1250 1036 1398 1122 πρόβατα,

244 1147 358 1226 χρίουσι
380 1140 412 1204 δὲ
432 1141 483 1202 καί
504 1137 540 1200 τά
561 1140 682 1220 δένδρα,
711 1135 764 1211 τοίς
784 1144 893 1215 συκᾶς,
920 1140 971 1202 καί
988 1136 1025 1201 τύ
1041 1136 1128 1216 ἀλλα,
1156 1142 1330 1220 φημίζοντες
1345 1142 1400 1205 καλ

244 1246 375 1328 λέγοντες
395 1240 457 1318 ότι,
492 1241 602 1317 ιφασὶ,
630 1236 663 1303 τό
681 1245 741 1322 πῦρ
763 1241 796 1303 έν
812 1237 903 1327 ταύτη
920 1246 956 1327 τῇ
973 1236 1069 1327 ἡμέρᾳ
1086 1242 1240 1320 κατέφλεξέ
1257 1265 1328 1306 ποτε
1340 1239 1399 1326 τὴν

246 1344 434 1424 οἰκουμένην·
466 1336 499 1405 τύ
522 1341 554 1404 δὲ
573 1347 669 1421 σχῆμα
689 1348 744 1405 τοῦ
761 1343 884 1422 αἳματος
903 1340 936 1405 τό
959 1340 1105 1424 πυρωπόν
1127 1339 1314 1426 ἀλεξητήριόν
1334 1345 1398 1409 έστι

245 1454 298 1529 τῆς
312 1442 456 1525 τοσαύτης
468 1448 580 1526 πληγῆς
593 1443 644 1505 καλ
659 1441 803 1523 τοιαύτης.
838 1442 970 1506 θΠόθεν
986 1444 1018 1507 δέ
1033 1440 1089 1509 ούκ
1102 1447 1205 1526 ἔχομεν
1219 1447 1312 1520 δεῖξαι
1325 1447 1396 1530 περὶ

244 1555 298 1631 τῆς
313 1544 511 1621 ἀκολουθίας,
540 1540 580 1619 τός
597 1546 639 1608 έτι
658 1545 708 1608 καλ
724 1548 811 1629 δεῦρο
831 1541 867 1607 τά
881 1549 1006 1624 λείψανα
1020 1553 1073 1627 τῆς
1089 1553 1145 1610 τού
1164 1552 1235 1610 Νῶε
1248 1544 1396 1628 λάρνακος

245 1653 393 1714 δείκνυται
407 1649 439 1711 έν
452 1653 488 1734 τῇ
503 1652 563 1710 τῶν
578 1646 740 1729 Καρδυέων
755 1644 850 1733 χοίρμ,
872 1648 923 1710 καί
938 1644 1056 1722 πόντως
1070 1648 1103 1711 δέ
1116 1650 1143 1710 εί
1157 1645 1335 1730 έκιζητήσειέ
1350 1674 1396 1724 τις

243 1752 296 1817 καί
308 1746 510 1832 ἀνερευνησειε
524 1749 574 1811 καί
589 1743 624 1811 τά
637 1751 762 1829 λείψανα
776 1754 830 1812 τοῦ
844 1753 1069 1831 θυσιαστηρίου,
1091 1751 1209 1833 ἐπείπερ
1223 1745 1396 1815 ἀκόλουθόν

245 1853 338 1927 ἰστιν,
368 1849 449 1934 εὕροι
470 1847 507 1913 ἀν
529 1851 560 1914 έν
581 1855 617 1937 τῇ
633 1845 751 1937 ύπωρίγ
769 1856 823 1914 τού
840 1847 943 1936 όρους,
974 1851 1052 1916 ὅπου
1070 1852 1164 1932 ίμεινε
1181 1857 1252 1915 Νῶε
1267 1848 1396 1928 ἰξελθιύν

246 1951 306 2017 ἀπό
328 1958 382 2034 τῆς
402 1955 532 2033 κιβωτοῦ
554 1953 604 2015 καί
621 1952 814 2036 προςενὲγκας
835 1950 894 2017 ἀπό
914 1959 973 2016 τῶν
994 1950 1078 2030 ζοίων
1096 1959 1156 2016 τῶν
1176 1959 1321 2038 καθαρῶν
1340 1955 1395 2019 καλ

243 2061 303 2120 τύν
319 2051 445 2118 στεύτων
459 2057 553 2140 κυρίῳ
573 2060 615 2140 τῷ
635 2061 714 2141 θεῷ,
744 2053 793 2117 ὅτε
806 2051 949 2136 ἤκουσεν,
977 2051 1071 2132 Ἰδού,
1100 2053 1216 2118 δέδωκύ
1232 2075 1280 2119 σοι
1296 2053 1396 2120 πόντοι

245 2153 288 2232 τίς
300 2154 409 2237 λόχανα
424 2153 539 2240 χόρτου,
561 2162 659 2220 θῦσον
673 2157 722 2219 καί
738 2153 822 2240 φύγε.
868 2154 1090 2238 Παρελεύσομαι
1102 2156 1134 2219 δέ
1147 2157 1199 2221 καί
1212 2154 1319 2239 ταύτης
1333 2154 1395 2221 καί.

243 2266 289 2322 λιν
302 2257 336 2323 τό
354 2260 522 2331 ίπιίςακτον
535 2259 586 2322 καί
600 2255 719 2339 ἠλίθιον
732 2264 785 2338 τῆς
800 2257 948 2340 αἱρέσεως,
970 2256 1126 2343 ἀρκεσθεὶς
1140 2266 1205 2332 ταῖς
1218 2259 1394 2344 προειρημέ-

243 2386 308 2435 ναις
324 2357 434 2443 όλίγαις
446 2361 562 2438 λέξεσιν,
583 2361 787 2442 ένσπαρείσαις
802 2354 861 2422 ύπύ
876 2367 930 2439 τῆς
944 2356 1030 2441 ἡμῶν
1042 2358 1238 2444 βραχύτητος,
1260 2363 1395 2427 ἐνταῦθα

244 2461 320 2547 πρός
340 2459 492 2526 ἀντίθεσιν
511 2467 565 2542 τῆς
585 2457 698 2541 κλύνης
717 2463 770 2541 τῆς
790 2462 1004 2545 προειρημένης
1027 2463 1173 2546 αἱρέσεως.

582 2807 728 2877 ΚΑΤΑ
764 2809 1054 2879 ΟΣΣΗΝΩΝ.

235 2923 349 3017 Ἔκτη
363 2923 484 3019 αἵρεσις
499 2918 565 2995 ἀπὸ
576 2919 793 3018 Ἰοοδιιϊσμού,
809 2924 1084 3040 ἰννεακαιδειιότη
1097 2927 1135 2998 δὲ
1147 2933 1193 3023 τη
1207 2925 1391 3028 ἀκολουθίηι

108 3081 175 3147 Κεφ.
193 3071 227 3127 α’·
329 3066 417 3134 Μετά
433 3066 543 3151 ταύτην
557 3069 646 3135 πόλιν
661 3070 731 3152 ἀλλη
747 3097 791 3146 τις
806 3075 917 3157 αίρεσις
931 3071 1051 3150 ταύταις
1065 3076 1342 3160 καρατιικλιγμίνη,
1371 3072 1394 3158 ἦ

135 3206 185 3252 1³⁸3·
198 3192 230 3236 ιο.
244 3179 304 3242 τῶν
318 3171 466 3254 Ὀσσηνύν
482 3175 655 3255 καλουμένη.
697 3171 838 3238 ’ίουδαῖοι
858 3176 913 3239 Ῑδέ
930 3167 1027 3255 ούτοι,
1050 3173 1092 3252 οίς
1106 3179 1157 3242 καί
1174 3180 1208 3242 αἰ
1220 3179 1394 3263 προειρημέ-

245 3304 294 3343 ναι
302 3328 311 3357 ,
334 3273 491 3360 ύποκριταί
503 3273 557 3339 τόν
572 3273 697 3358 τρόπον,
720 3277 811 3340 δεινοί
825 3274 879 3358 τήν
896 3279 1036 3342 έκίνοιαν.
1071 3277 1237 3364 Ὥρμηνται
1251 3280 1284 3344 δί
1296 3270 1392 3356 νότοι,

247 3376 322 3463 ω’ςὴ
338 3381 379 3454 εἰς
394 3375 473 3461 ἡμᾶς
487 3378 615 3443 έλθούσα
632 3377 756 3459 περιέχει
769 3375 943 3462 παρύδοσις,
965 3375 1025 3444 ἀπό
1040 3385 1093 3462 τῆς
1108 3385 1281 3463 Ναβατικῆς
1295 3375 1393 3464 χαίρεις

246 3482 296 3544 καλ
308 3479 490 3568 Ἰτουραίας,
513 3479 708 3563 Μωαβίτιδός
720 3504 751 3544 τε
764 3482 815 3545 καλ
824 3478 1024 3566 Ἀρηῖλίτιδος,
1046 3486 1103 3548 των
1117 3485 1251 3549 ἰκίκιινιι
1263 3486 1316 3564 τῆς
1330 3504 1391 3547 κοι·

246 3579 334 3656 λύδος
352 3590 405 3665 τῆς
422 3581 546 3666 Ἅλυκης
566 3581 660 3657 οὕτως
680 3584 713 3646 έν
731 3586 767 3671 τῇ
782 3587 852 3671 θεία
867 3589 968 3672 γραφῇ
985 3586 1167 3668 καλουμένης
1182 3582 1393 3670 όκερκοιμὲνης

247 3678 357 3762 χώρας·
388 3687 445 3749 ἔστι
463 3686 496 3750 δέ
511 3684 585 3768 αύτη
604 3681 706 3769 Νεκροί
721 3687 886 3768 καλουμένη
901 3684 1044 3753 θάλασσα.
1092 3694 1186 3755 Τοῦτο
1206 3687 1240 3753 δέ
1258 3683 1291 3751 τό
1308 3686 1395 3773 γένος

246 3785 306 3845 τοῖν
318 3779 466 3863 Ὀσσηνύν
480 3786 667 3870 ἑρμηνεύεται
685 3786 799 3872 διαίτης
812 3788 956 3864 ἐκδόσεως
967 3793 1021 3853 τού
1036 3786 1182 3870 όνόματος
1194 3787 1335 3876 στιβαρόν
1348 3790 1395 3874 76-

246 3907 308 3958 νος.
352 3883 505 3968 Συνήφθη
519 3889 551 3953 δὲ
567 3888 683 3967 τούτοις
695 3893 844 3974 μετέπειτα
859 3887 877 3954 ό
892 3888 1070 3972 καλούμενος
1083 3887 1197 3972 Ἠλξαί,
1226 3895 1259 3958 έν
1274 3890 1396 3977 χρόνοις

250 3988 398 4069 Τραϊανοῦ
412 3989 563 4069 βασιλέως,
583 3991 654 4075 μετά
668 3992 724 4075 τήν
734 3999 788 4057 τοῦ
800 3997 931 4076 σωτῆρος
944 3996 1120 4077 παρουσίαν,
1142 3991 1178 4069 δς
1193 3995 1307 4079 ἰχίνετο
1320 4011 1393 4072 ψευ-

246 4085 448 4171 δθπθθφλίηλς·
491 4093 704 4177 Συνεγράψατο
722 4094 755 4157 δέ
768 4084 857 4169 οὗτος
873 4097 987 4180 βιβλίον
1001 4098 1096 4177 δῆθεν
1109 4094 1185 4160 κατά
1200 4096 1394 4182 προφητείαν,

244 4184 267 4271 ἢ
286 4186 328 4266 εἷς
347 4187 424 4255 κατά
444 4190 550 4255 ἔνθεον
566 4197 682 4273 σοφίαν.
727 4196 807 4259 Φασὶ
822 4195 855 4260 δὲ
870 4197 922 4260 καλ
936 4192 1021 4261 ἀλλον
1036 4194 1101 4263 τινά
1120 4194 1252 4287 ’,Ἲιξίον
1263 4189 1395 4274 ἀδελφόν

280 4376 339 4430 οο».
350 4381 394 4430 ¹1¹·
412 4408 445 4418 -
464 4377 486 4430 1.
500 4374 566 4441 ναοὶ
577 4384 736 4447 ramosum
751 4400 801 4450 φη-
835 4392 867 4438 ιιι
880 4389 999 4438 octavos.
1034 4389 1161 4438 cmm
1175 4388 1308 4437 ιααωιι
1321 4400 1396 4449 ινα»

246 4443 289 4506 σίν
305 4450 368 4509 ΨΜ
384 4450 438 4498 ΠΜ
454 4451 558 4498 ΝΜ·
835 4456 978 4516 elevantia:
996 4454 1147 4518 „Quomodo
1163 4468 1223 4504 vero
1236 4468 1288 4534 noo
1304 4470 1396 4521 poseo-

278 4512 304 4566 2.
318 4517 395 4579 ίιιιμλι
405 4517 478 4578 olom
490 4517 548 4567 ίιαιο
559 4516 632 4567 vobo
642 4519 804 4584 ιἰιίενρττιαίια
836 4536 890 4571 mn·
910 4522 1043 4576 ostendere
1066 4522 1098 4574 de
1121 4530 1313 4588 coaequam,
1340 4538 1396 4574 cum
