3046 5084
268 331 329 393 694
689 342 808 393 samem
828 343 997 393 ονιειιινιι

270 481 319 522 σεν
343 460 392 523 ἕνα
414 457 497 523 άλλον
520 457 601 524 θεόν.
644 456 677 523 ‘0
697 459 729 523 δέ
749 457 902 544 γενόμενος
928 458 1012 536 άλλος
1032 458 1106 536 θεός
1126 462 1221 526 ἐκτισε
1245 459 1282 526 τά
1307 458 1411 539 πάντα,

269 558 396 646 οὐρανόν
412 564 461 626 καὶ
475 570 537 646 γῆν,
560 564 611 626 καὶ
625 559 721 626 πάντα
736 559 771 626 τά
788 563 819 626 ἐν
836 569 876 649 τῷ
893 559 1002 650 κόσμφ.
1046 560 1155 645 ’Λπέβη
1170 562 1201 627 δέ
1216 559 1272 630 οῦκ
1286 559 1410 648 άγαθδς,

268 665 320 728 καὶ
346 661 382 726 τά
408 661 456 727 ὑπ’
484 662 574 729 αὐτοῦ
598 662 753 748 γενόμενα,
777 665 884 745 φησὶν,
912 661 966 728 οῦκ
989 661 1112 749 άγαθοῦς
1131 666 1322 749 εἰργασμένα,
1342 661 1411 729 άλλά

270 763 344 830 κατά
366 765 419 848 τήν
441 763 533 830 αὐτοῦ
556 765 672 848 φαύλην
694 764 829 831 διάνοιαν
851 763 911 829 ἰτοί
933 762 983 830 ὑπ’
1004 764 1098 831 αὐτοῦ
1118 768 1252 832 ἔκτισται.

135 857 201 924 Κεφ·
220 854 251 927 β’·
359 873 409 943 Τίς
428 869 458 933 δὲ
475 866 600 944 άνέξεται
615 873 673 932 τιῦν
686 865 830 933 τοιούτων
843 866 951 952 λόγων,
973 870 1024 933 καλ
1040 866 1077 932 ου’
1092 875 1200 949 μᾶλλον
1213 865 1413 953 καταγελάσαι

270 980 322 1054 τῆς
337 973 473 1054 τοιαύτης
490 974 716 1052 ματαιοπονίας,·
741 967 824 1033 Κανά
848 968 903 1054 γάρ
927 968 982 1034 δύο
1004 968 1134 1055 τρόπους
1150 967 1342 1056 εῦρεθήσεται
1363 968 1415 1053 οόχ

271 1072 419 1159 άρμοδίως
443 1072 593 1159 πράττων,
623 1075 770 1157 χριόμενος
791 1079 828 1161 τῇ
853 1069 973 1162 τοιαύτη
995 1069 1130 1161 όπονοίρι.
1174 1074 1234 1139 Καί
1256 1070 1309 1137 διά
1329 1080 1414 1139 τοῦτο

269 1176 345 1262 πρός
362 1174 452 1241 αὐτόν
474 1174 514 1250 οἷς
535 1173 609 1260 πρός
629 1173 760 1260 παρόντα
778 1177 852 1259 ἐρῶ,
874 1175 951 1259 Λέγε
969 1200 1034 1257 μοι,
1057 1167 1199 1251 άοῦτος·
1221 1173 1327 1250 δυ’σεις
1348 1174 1414 1261 γάρ,

271 1272 447 1361 ιδἈπελλή,
470 1277 490 1360 ή
507 1275 557 1342 τόν
570 1275 644 1341 θεόν
661 1275 809 1362 άγνωστον
827 1283 885 1341 τῶν
902 1274 1062 1358 μελλόντων
1084 1275 1269 1360 πεποιηκότα
1284 1274 1360 1342 θεόν
1379 1275 1415 1343 δν

270 1381 392 1463 φάσκεις
420 1379 456 1443 τοί
485 1377 633 1461 ποιήματα
663 1377 728 1443 ιοῦ
750 1385 843 1453 καλῶς
872 1382 1177 1464 ’ἐδεδημιονργηκέναι
1200 1377 1221 1462 ἢ
1247 1378 1414 1464 8προγινιό·

271 1507 379 1549 σκοντα
406 1484 458 1563 μὲν
482 1480 526 1545 ῦτι
549 1488 682 1556 τοιοῦτος
705 1477 723 1545 ό
744 1478 794 1545 ὑπ’
819 1479 910 1545 αὐτοῦ
929 1480 1094 1563 κτιζόμενος
1114 1481 1185 1558 θεός
1208 1478 1413 1565 4α’ποβήσεται

270 1586 377 1650 τούτου
396 1583 481 1668 χάριν
503 1581 593 1648 αὐτόν
616 1586 820 1665 πεποιηκέναι,
841 1587 891 1647 ἵνα
915 1586 1008 1659 αίτιος
1030 1585 1142 1669 γένηται
1162 1590 1223 1649 τῶν
1242 1590 1344 1660 κακῶς
1363 1580 1412 1649 ὕπ’

271 1686 364 1752 αὐτοῦ
385 1689 709 1769 5δεδημιουργημένων.
756 1688 814 1749 Καὶ
835 1687 914 1750 ἐσται
937 1685 1096 1763 ἐξάπαντος
1114 1682 1132 1751 ό
1150 1683 1211 1751 άνω
1231 1684 1306 1761 θεός
1326 1683 1415 1763 αῦτδς

271 1788 464 1874 δημιουργός,
492 1787 619 1872 ποιήσας
641 1787 692 1854 τόν
715 1790 766 1853 ἕνα
789 1786 840 1854 τόν
860 1787 894 1852 τά
916 1787 1014 1853 πάντα
1034 1785 1232 1870 πεποιηκότα,
1259 1790 1313 1853 καλ
1332 1790 1412 1853 ἐσται

271 1891 367 1958 οόκέιι
381 1896 473 1966 αίτιος
492 1888 509 1956 ό
523 1890 573 1967 τάς
592 1897 697 1967 κτίσεις
711 1890 894 1973 πεποιηκώς,
917 1888 987 1955 α’λλά
1003 1887 1020 1955 o‘
1034 1888 1095 1956 άνω
1108 1888 1181 1968 θεός
1195 1888 1213 1956 ό
1227 1888 1279 1957 τόν
1296 1890 1415 1975 κτιστήν

271 1995 398 2078 ποιήσας
406 2046 414 2073 ,
437 1997 487 2057 καὶ
510 1993 552 2058 οῦν
574 1992 663 2069 αότδς
684 2000 742 2059 τῶν
764 1996 881 2058 πάντων
903 1992 1090 2079 δημιουργός.

359 2094 486 2181 Χριστόν
511 2098 542 2161 δὲ
563 2097 644 2180 ήκειν
667 2095 728 2185 φής
748 2094 793 2162 ἐπ’
809 2094 935 2179 ἐσχάτων
956 2103 1015 2161 τῶν
1033 2102 1160 2181 καιρῦν,
1183 2094 1250 2161 υίόν
1271 2094 1342 2162 ὄντα
1363 2104 1415 2163 τοῦ

271 2200 331 2266 άυω
351 2198 469 2284 α’γαθοῦ
487 2206 576 2277 θεοῦ,
600 2202 649 2263 καλ
670 2197 702 2264 w*
721 2197 804 2284 άγιον
827 2196 918 2262 αῦτοῦ
937 2205 1068 2282 πνεῦμα,
1092 2195 1228 2275 ω’ςαάτως
1249 2200 1300 2264 ἐπλ
1324 2220 1414 2283 σωτη·

271 2309 320 2391 ρίμ
343 2310 401 2366 τῶν
416 2305 457 2377 εἰς
473 2308 580 2386 γνῶσιν
597 2300 688 2367 αὐτοῦ
706 2303 883 2386 ἐρχομένων,
905 2302 954 2365 καλ
976 2300 1102 2367 ἐλθόντα
1124 2298 1160 2367 ον’
1178 2300 1299 2385 δοκήσει
1320 2326 1414 2385 πεφη·

271 2408 369 2482 υένιιι,
392 2401 462 2468 α’λλά
478 2407 509 2468 ἐν
527 2402 649 2493 άληθείρι
668 2404 761 2490 σάρκα
780 2405 943 2486 εἰληφέναι,
966 2400 1021 2469 οῦκ
1043 2402 1103 2470 άπδ
1122 2408 1246 2490 Μαρίας
1267 2412 1322 2489 τῆς
1343 2432 1414 2491 παρ-

271 2510 381 2585 θένου,
404 2504 473 2569 άλλά
491 2505 633 2589 α’ληθινήν
650 2508 703 2590 μέν
723 2509 872 2590 ἐσχηκέναι
888 2504 941 2589 τήν
964 2504 1059 2592 σάρκα
1075 2508 1126 2572 καλ
1146 2510 1246 2591 σῶμα,
1266 2503 1336 2573 οῦτε
1357 2504 1417 2573 ἆκδ

272 2611 436 2690 σπέρματος
456 2606 572 2693 άνδρός,
595 2607 661 2675 οῦτε
680 2607 739 2674 άπό
757 2608 898 2695 γυναικός
913 2611 1078 2694 παρθένον,
1101 2606 1158 2675 άλλ’
1173 2610 1235 2692 ἴσχε
1253 2610 1308 2693 pir
1322 2608 1417 2697 σάρκα

273 2708 418 2794 άληθινήν
443 2709 537 2799 τούτῳ
561 2717 602 2800 τῷ
623 2711 738 2800 τρόπφ·
772 2714 846 2790 Καὶ,
869 2714 977 2794 φησὶν,
1005 2714 1038 2777 ἐν
1058 2718 1098 2800 τῷ
1118 2713 1256 2797 ἐρχεσθαι
1277 2708 1338 2779 άπό
1358 2718 1418 2779 τιῖν

274 2818 472 2900 ἐπουρανίων,
499 2808 591 2895 ήλθεν
611 2817 652 2890 εἰς
670 2814 725 2907 τήν
742 2823 812 2900 γῆν,
833 2818 884 2879 καὶ
904 2815 1064 2900 συνήγαγεν
1088 2815 1182 2903 ἐαυτῷ
1198 2810 1258 2881 άπό
1275 2820 1336 2882 τῶν
1356 2836 1417 2881 τισι

274 2916 371 3002 σάρων
385 2921 530 2999 στοιχείων
546 2924 637 2999 σῶμα.
683 2921 743 2982 Καὶ
761 2925 825 2993 πῶς
843 2918 894 2983 καλ
909 2908 995 2993 οῦτος
1010 2914 1066 2982 οῦκ
1083 2918 1227 3004 ἐπείγεται
1240 2920 1284 2995 εές
1298 2913 1333 2985 τό
1354 2944 1417 2999 φω-

146 3039 195 3085 νεε·
208 3028 252 3074 ³0²·
272 3028 404 3106 ραθῆναι
422 3017 513 3085 ου’τοῦ
528 3019 581 3103 τήν
595 3017 718 3102 άνομίαν
734 3017 957 3086 άκολουθοῦσαν
973 3028 1036 3096 ταῖς
1049 3026 1109 3085 τῶν
1126 3026 1260 3087 παλαιῶν
1272 3016 1418 3105 Ἑλλήνων

272 3130 403 3205 ποιητῶν
424 3124 491 3208 περὶ
511 3130 563 3206 τῆς
581 3127 764 3201 κενοφωνίας
784 3122 891 3205 ταύτης
911 3121 1025 3201 δόξαις,·
1049 3119 1161 3189 Φάσιια
1179 3121 1236 3209 γάρ
1258 3124 1312 3189 καλ
1329 3114 1418 3199 σῦτος

274 3223 313 3301 ως
340 3228 458 3303 ἐκεῖνοι,
489 3227 540 3290 καὶ
565 3228 606 3290 ἐτι
629 3228 819 3311 ψυχροτέρως
842 3224 910 3313 παρ’
935 3228 1065 3301 ἐκείνους
1087 3226 1194 3313 λέγων,
1223 3224 1275 3293 τόν
1300 3232 1416 3313 σωτῆρα

273 3331 365 3416 ἐαυτῷ
385 3326 612 3411 ὑποστήσασθαι
632 3327 664 3395 ιδ
686 3336 776 3412 σῶμα.
818 3327 890 3394 ’And
912 3328 966 3415 γάρ
994 3335 1046 3393 τοῦ
1067 3332 1160 3413 ξηροῦ
1180 3325 1215 3395 τό
1236 3328 1341 3415 ξηρόν,
1366 3330 1418 3397 καὶ

273 3429 332 3497 άπό
351 3438 404 3495 τοῦ
421 3439 536 3518 θερμοῦ
553 3431 586 3497 τό
607 3431 737 3519 θερμόν,
759 3435 810 3497 καὶ
832 3430 891 3498 άπό
914 3439 967 3497 τοῦ
984 3428 1078 3517 όγροῦ
1101 3428 1134 3497 τό
1155 3426 1263 3517 ῦγρδν,
1285 3434 1337 3499 καλ
1357 3428 1417 3499 διεδ

272 3542 325 3599 τοῦ
342 3540 461 3620 ψυχροῦ
476 3533 508 3599 τό
525 3534 652 3620 ψυχρόν·
675 3538 723 3600 καὶ
742 3535 837 3611 οῦτως
852 3533 964 3611 πλάσας
977 3536 1071 3623 ἐαυτῷ
1092 3540 1177 3617 σῶμα
1198 3530 1350 3617 ἀληθινοῖς
1368 3536 1418 3601 d·

274 3663 366 3719 φηνεν
383 3640 414 3702 ἐν
430 3636 547 3726 κόσμῳ,
570 3641 621 3703 καὶ
643 3641 773 3716 ἐδίδαξεν
789 3636 867 3722 ήμῦς
880 3636 933 3721 τήν
950 3636 1011 3704 άνω
1027 3643 1148 3724 γνοῦσιν,
1169 3646 1370 3725 καταφρονεῖν
1387 3662 1418 3705 τε

272 3747 326 3805 τοῦ
350 3743 547 3826 δημιουργοῦ,
575 3743 625 3806 καλ
649 3739 801 3826 άρνεῖσθαι
827 3740 920 3807 αὐτοῦ
941 3739 977 3808 τά
998 3742 1085 3827 ἐργα,
1112 3735 1273 3819 ῦποδείξας
1292 3738 1366 3825 ήμῖτ
1386 3742 1419 3809 ἐν

273 3848 345 3931 ποίη
363 3850 462 3932 γραφή
484 3842 556 3908 ποῖά
581 3847 641 3910 ἐστι
658 3843 693 3909 τά
712 3843 798 3926 φύσει
817 3848 847 3923 ἐξ
867 3842 959 3911 αότοῦ
974 3845 1127 3930 είρημένσ,
1147 3843 1200 3909 καλ
1212 3842 1287 3910 ποῖά
1306 3846 1368 3911 ἐστι
1382 3840 1419 3911 n*

272 3944 332 4011 άπό
350 3954 403 4011 τοῦ
422 3950 611 4031 δημιουργοῦ.
659 3946 760 4023 Οῦτως
773 3946 845 4034 γάρ,
867 3950 973 4031 φησὶν,
995 3950 1054 4031 ἐφη
1070 3948 1104 4013 ἐν
1118 3951 1159 4035 τῷ
1174 3942 1347 4037 σῦαγγεέίφ,
1369 3950 1418 4015 ss·

272 4058 376 4114 νεσθαι
402 4047 519 4130 δόκιμοι
542 4058 716 4135 τραπεζῖται.
763 4058 836 4138 Χρῶ
859 4049 930 4138 γάρ,
958 4052 1066 4135 φησὶν,
1095 4045 1156 4114 άπδ
1179 4046 1279 4131 πάσης
1302 4058 1421 4139 γραφῆς

273 4149 422 4235 άναλέγων
438 4151 472 4217 τοί
486 4152 619 4237 χρήσιμα.
655 4152 742 4234 Εἶτα,
765 4156 867 4237 φησὶν,
889 4157 999 4221 ἔδωκεν
1013 4151 1032 4221 ό
1047 4148 1175 4238 Χριστός
1190 4150 1297 4219 ἐσνεδκ
1309 4164 1422 4225 παθεῖν

273 4258 304 4320 ἐν
327 4253 405 4343 αὐτῷ
428 4262 468 4344 τῷ
492 4254 619 4339 σοι’ματι,
641 4259 691 4324 καί
714 4256 889 4343 ἐσταυριόθη
913 4260 946 4323 ἐν
963 4254 1104 4347 άληθείφ,
1124 4258 1177 4323 ιιαλ
1197 4258 1307 4337 ῦδιιξτν
1326 4256 1422 4345 affin

305 4389 329 4443 4.
348 4398 454 4444 Fortasse
470 4390 557 4448 πάντα.
894 4397 919 4448 2.
946 4400 1020 4449 Verba
1035 4396 1281 4466 δεδημαρχηκότα
1317 4426 1359 4439 ··
1374 4416 1422 4455 a·

308 4462 366 4510 (λιι.
383 4466 411 4511 Η.
430 4491 464 4503 -
499 4466 520 4512 1.
540 4459 568 4516 ου’
584 4467 736 4527 καλῶςωδ.
753 4471 825 4519 λοιιο.
859 4467 912 4526 κῶς
934 4459 975 4519 ἐπ’
999 4461 1094 4533 αὐτοῦ,
1123 4482 1185 4531 ςυστ
1205 4482 1254 4519 m
1285 4474 1423 4535 mnu

272 4530 360 4588 κακῶς
383 4535 477 4582 coniecit
500 4535 618 4587 Ριλαυίαι.
665 4538 750 4596 καλῶς
774 4539 828 4587 libri
859 4540 886 4585 in
901 4536 955 4585 edit.
969 4540 1045 4599 pr'mc.
1051 4571 1061 4598 ,
1083 4538 1196 4589 Ρελαολεε
1207 4538 1309 4591 ΜΗ
1321 4550 1354 4591 Β
1367 4538 1423 4593 ΙΙ.

272 4602 327 4651 editi
343 4604 364 4650 ιλ
379 4602 430 4652 οοιλ
446 4602 567 4665 Rhodion.
863 4606 984 4655 λοθοτιιο.
