3046 5084
389 333 729 390 reassumam.
746 339 777 389 ll.
795 339 1007 390 trasmundus.
1216 330 1275 390 147

125 473 181 541 qua
205 453 351 539 originem
376 452 504 537 aceepit.
550 451 611 535 Qui
632 453 747 536 quidem
772 457 995 539 praestigium
1021 456 1071 519 illa
1095 477 1150 523 sun
1173 460 1274 525 eondi-

123 555 253 642 seipulo,
277 577 365 640 qoem
386 549 523 638 insyria
540 553 714 635 reliquerat,
738 555 847 616 maiora
862 557 951 620 multo
973 557 1142 641 praediosre
1164 559 1272 643 eoepit,

122 669 154 722 nt
175 657 394 722 sublimioribus
416 676 503 738 quam
531 653 581 717 ille
608 653 768 716 tractandis
790 655 972 737 dogmatibus
1000 657 1139 720 maiorem
1161 659 1274 722 audito-

121 760 201 823 ribus
223 761 286 823 suis
309 760 407 820 ionum
432 757 560 832 laceret,
582 753 745 838 iisdemque
765 755 925 840 impensius
941 756 1101 836 arrideret,
1125 777 1160 821 ao
1177 759 1275 841 plures

121 862 213 925 sodali
232 881 287 923 suo
304 855 457 922 Saturrilo
478 866 641 918 sectatores
665 855 827 939 colligeret.
874 855 977 940 ltaque
1000 857 1138 923 fabulosis
1157 859 1275 943 quibus-

120 964 186 1025 dam
204 959 327 1025 adiectis
343 957 464 1021 somniis
484 957 559 1020 buno
575 957 605 1020 in
622 957 738 1021 modum
756 979 882 1021 exorans
897 970 953 1022 est.
999 955 1061 1023 Sed
1077 970 1109 1023 ut
1126 960 1204 1044 quod
1225 981 1274 1025 ras

120 1074 168 1126 est
182 1064 294 1139 dinam,
319 1080 378 1122 non
393 1058 442 1122 ille
457 1078 510 1143 per
528 1078 597 1122 sese
615 1079 650 1122 ae
665 1070 770 1144 suopte
791 1059 911 1142 ingenio
927 1060 990 1123 dira
1008 1060 1056 1123 illa
1074 1082 1110 1125 aa
1133 1060 1275 1145 pestilera

120 1166 258 1246 dogmata
273 1162 383 1247 primns
398 1160 588 1244 excogitauit,
612 1161 665 1225 sed
680 1182 698 1225 a
712 1158 864 1226 Saturnilo
880 1182 916 1225 ae
929 1157 1052 1227 Simone
1065 1159 1169 1246 Mago,
1187 1182 1273 1246 quero

122 1285 212 1348 supra
230 1262 439 1341 refutavimus,
461 1261 574 1325 erroris
592 1274 765 1346 argumenta
786 1273 935 1327 mutuatus
958 1275 1020 1342 est,
1053 1284 1128 1348 quae
1147 1264 1203 1326 alia
1224 1285 1273 1328 ra·

122 1368 204 1428 tione
220 1375 345 1428 traetare
361 1374 390 1426 et
404 1363 517 1427 maiore
533 1385 600 1427 oum
617 1385 720 1449 pompa
738 1384 878 1428 enarrare
892 1364 1028 1429 instituit.
1062 1363 1149 1443 Erat,
1167 1366 1270 1448 inquit,

121 1465 282 1549 ingenitam
300 1487 388 1528 unum
403 1465 593 1550 prineipiunr,
617 1466 665 1549 pui
681 1466 762 1531 solus
786 1477 833 1530 est
854 1467 982 1531 emnium
1001 1463 1139 1545 Parens,
1164 1468 1200 1530 nb
1218 1467 1272 1529 bne

123 1577 275 1652 procreata
293 1564 401 1645 Mens,
424 1564 563 1631 abieoto
579 1564 729 1646 Verbum,
753 1567 790 1631 ab
811 1568 866 1631 lroe
888 1565 1065 1646 Prudentia,
1090 1590 1107 1630 a
1130 1590 1185 1652 qua
1204 1566 1273 1633 l'ir·

120 1680 167 1732 tos
182 1679 213 1732 et
232 1665 381 1754 Sapientia
398 1668 517 1753 prodiit.
562 1667 611 1732 Ab
634 1678 756 1751 utroquo
778 1690 866 1754 porro
881 1666 1079 1753 Priueipatus,
1104 1668 1272 1735 Potestates

119 1782 149 1836 et
172 1771 291 1855 Angeli.
337 1767 455 1834 Deinde
478 1766 613 1832 Virtutes
635 1769 802 1852 Angeliqne
828 1771 876 1832 isti
901 1771 1023 1854 primum
1048 1793 1083 1833 ae
1105 1792 1270 1857 supremum

116 1874 230 1937 eoelum
255 1872 349 1936 moliti
366 1871 501 1954 Angelos
522 1890 638 1935 rursum
664 1869 738 1933 alios
759 1880 967 1955 propagarunt.
1012 1868 1070 1952 Qui
1096 1875 1201 1957 stipsi
1224 1896 1272 1937 se-

116 1977 241 2039 eundum
265 1974 379 2038 eoelum
403 1971 536 2035 febrienti
559 1980 647 2060 sunt,
678 1981 708 2034 et
734 1970 808 2035 alios
832 1972 953 2055 insuper
968 1970 1103 2055 Angelos
1125 1976 1271 2057 produxe-

114 2087 194 2140 runt.
239 2075 280 2140 ili
304 2075 424 2138 tertium
442 2071 580 2137 adieeere
602 2071 734 2139 eoelessr
764 2082 851 2154 atque
875 2073 915 2135 ita
935 2072 1102 2157 singillatim
1126 2096 1184 2137 uuo
1207 2089 1272 2159 post

115 2179 192 2242 aliud
216 2178 302 2242 eoelo
325 2175 504 2240 indentidem
527 2174 687 2239 comatum
708 2174 745 2241 ad
769 2169 944 2239 CCCLXV
968 2174 1136 2256 perficiunt,
1161 2197 1270 2257 quasa

116 2282 209 2367 primo
233 2298 430 2365 supremoque
452 2277 488 2341 ad
510 2277 540 2343 id
560 2277 639 2360 quod
661 2275 746 2343 nobis
768 2277 898 2341 eitimam
921 2287 968 2341 est
990 2288 1174 2338 enumerant.

198 2584 261 2651 Sed
281 2585 356 2648 bueo
377 2584 514 2667 bgmenta
533 2583 649 2649 nonnisi
674 2582 847 2669 insipientes
870 2583 989 2647 allioere
1009 2593 1150 2668 possunt,
1175 2593 1208 2647 ut
1227 2583 1272 2647 io·
1294 2597 1352 2666 cap.
1374 2604 1406 2651 rr.

114 2690 196 2754 sanis
216 2687 332 2751 illorum
348 2685 436 2771 nugis
454 2685 540 2749 fidem
557 2686 789 2751 accommodent.
836 2681 992 2770 Sapientes
1011 2705 1083 2748 varo
1102 2685 1215 2750 lanilem
1235 2688 1270 2750 ad

114 2789 325 2854 revincendum
347 2788 476 2873 ineptam
498 2787 584 2852 buius
601 2808 668 2852 runs
682 2786 865 2864 orationem,
890 2797 950 2849 tum
969 2786 1143 2851 seutentiam
1159 2787 1269 2853 iudiea-

113 2892 204 2967 bunt‚
228 2889 356 2972 illudpue
372 2889 451 2954 nullo
470 2889 593 2972 negotio
607 2889 764 2973 detegent,
789 2899 926 2972 quantam
938 2909 1084 2974 quamque
1096 2888 1269 2955 immensam

113 2995 144 3057 in
163 2991 336 3077 pravitatem
354 3000 479 3055 meatem
493 3012 578 3057 snam
597 3001 685 3074 atque
707 2989 835 3055 animum
850 2990 1003 3074 ablegarit.
1049 2988 1167 3056 Etenim
1189 2993 1270 3056 uelut

114 3095 232 3182 poetieo
247 3092 370 3176 quodam
390 3093 490 3157 lurore
506 3092 659 3178 pereulsus
677 3091 784 3157 inielix
797 3091 971 3172 bumanoio,
996 3093 1151 3180 unianimo
1170 3093 1269 3159 anelo-

112 3219 178 3262 rum
196 3195 320 3282 prineipi
344 3207 425 3259 enrta
442 3194 561 3258 nomina
575 3193 766 3279 praeseribit,
790 3193 895 3278 quibus
910 3215 928 3257 a
945 3216 978 3259 se
995 3197 1126 3260 confictis
1142 3194 1267 3259 nomini-

112 3299 166 3364 bus
182 3320 199 3363 ι
215 3298 329 3362 levibus
344 3307 375 3361 ot
390 3296 544 3360 imbesillis
558 3295 685 3381 ingeniis
701 3315 855 3361 maeosnm
870 3297 1027 3383 exprimat,
1045 3318 1080 3360 ae
1097 3295 1198 3361 fraude
1211 3313 1265 3361 sua

110 3403 327 3465 ouenmventos
350 3398 381 3464 in
400 3398 523 3463 exitians
542 3399 657 3462 animae
674 3397 881 3482 interitumque
899 3398 1060 3484 pertrahat.
1104 3394 1266 3459 Praeterea

110 3503 231 3586 magieis
248 3501 363 3566 artibus
386 3501 464 3565 idem
484 3500 678 3585 impostores
694 3500 863 3585 praestigiis
885 3511 1026 3585 perpetuo
1044 3498 1099 3560 fuit
1118 3493 1261 3563 addictus.

110 3600 170 3686 Qui
184 3605 221 3668 ab
231 3605 356 3689 Angelis
376 3603 475 3668 citime
491 3601 559 3667 bru'e
572 3600 657 3667 eoelo
676 3600 869 3686 proximoque
886 3600 970 3664 nobis
982 3595 1131 3663 attributis
1146 3615 1182 3665 aa
1194 3592 1263 3660 Vir·

108 3715 171 3770 tute
202 3726 276 3790 quae
307 3704 374 3768 istie
406 3705 519 3769 residet
546 3714 648 3769 ornata
675 3705 857 3789 postmodum
887 3699 1030 3767 inferiora
1059 3707 1161 3763 neusa
1188 3697 1262 3763 bane

108 3807 220 3872 omnia.
266 3803 379 3868 llorum
394 3826 434 3868 ex
451 3807 634 3891 Angelorum
651 3827 774 3871 numero
790 3825 877 3868 ιιιιιιι
895 3799 1046 3864 constitnit
1057 3800 1146 3865 deum
1161 3822 1260 3886 mern,

105 3920 139 3973 ut
159 3908 197 3972 ab
222 3905 289 3970 aliis
315 3904 491 3989 distinguat,
523 3904 640 3973 ludaeis
663 3907 808 3972 duntaxat
824 3901 993 3991 praeponit,
1024 3911 1111 3989 atque
1133 3905 1258 3977 eundem

105 4011 200 4097 ipsum
219 4009 248 4072 in
273 4028 376 4071 eorum
392 4005 576 4091 Angelorum
590 4009 722 4073 ordinem
747 4010 839 4072 relert
863 4003 967 4088 quibus
987 4003 1158 4070 bistrionioo
1174 4026 1257 4071 more

108 4124 206 4177 nemas
222 4109 434 4198 appellationes
451 4107 565 4175 indidit.
602 4111 650 4198 Ab
666 4110 716 4177 illo
733 4128 805 4175 voro
822 4111 977 4171 formatam
996 4106 1141 4173 bominem
1158 4109 1256 4185 donet,

105 4337 152 4383 tots
167 4335 218 4383 eod.
236 4335 308 4383 Votis.
327 4335 401 4395 Vulgo
420 4328 588 4396 europeam.
735 4329 759 4380 5.
777 4324 818 4381 ὁπ’
835 4321 1054 4387 ndaedrod.l¹atie.
1074 4323 1259 4395 ambroseus

139 4397 164 4450 4.
182 4396 294 4458 τάττων.
318 4402 382 4465 guod
403 4400 552 4451 emtarum
574 4400 601 4448 lu
615 4396 668 4451 eod.
701 4398 754 4448 libri
769 4402 791 4449 rt
806 4399 857 4449 eod.
875 4398 973 4460 lilledlg.

105 4469 203 4531 Μία.
220 4471 309 4519 dedit
320 4471 415 4532 priora,
438 4469 553 4521 ramum
568 4467 670 4529 rspssud
735 4463 761 4518 6.
779 4462 922 4519 renidebat
936 4467 1021 4528 abhus
1034 4467 1081 4528 ferr
1096 4468 1210 4528 seriptum
1226 4470 1259 4514 est

104 4550 134 4588 ss
149 4536 203 4587 sed.
218 4536 291 4587 toste
700 4537 727 4586 ia
738 4535 791 4586 ssd.
807 4535 905 4597 llludlg.
921 4535 991 4584 rted.
1004 4537 1080 4596 prins.

990 4618 1056 4682 10*
