3046 5084
416 345 461 396 ut)
479 344 667 397 calaronam
685 344 794 398 acucu
815 346 858 398 ΒΤ
875 346 983 397 PAULI.
1234 338 1270 397 l5

125 475 214 529 sont:
247 461 431 543 Simoniani,
452 460 677 543 Menandriani,
701 460 911 544 Saturniliaoi,
934 462 1118 545 basilidiani,
1141 463 1272 529 Nicolai-

127 577 193 648 tae,
218 563 371 645 Gnostici,
395 564 444 650 qni
461 574 490 627 et
507 560 689 640 Stratiotici,
711 585 748 629 ac
763 563 964 642 Pbibicnitae,
988 566 1024 629 ab
1039 567 1105 630 aliis
1124 588 1196 632 vero
1216 565 1271 633 Se·

127 667 274 747 candiani,
296 667 333 731 ab
346 667 413 731 aliis
428 664 587 742 zacchaei,
611 686 739 729 necnon
755 662 899 728 Condiani
917 676 948 730 et
959 665 1135 733 borboritae
1153 691 1187 732 ac
1199 667 1272 733 Βοτ-

127 770 243 856 belptac
266 769 417 847 dicuntur,
442 763 680 850 carpocratitae,
710 762 911 845 cerinthiani,
939 768 988 850 qui
1013 778 1043 831 et
1066 765 1270 850 Meriothiani,

127 869 297 949 Naaoraei,
321 866 481 946 Ebicnaci,
503 864 671 945 Valentini,
695 865 891 945 Secundiani,
914 867 1017 951 quihus
1041 868 1184 932 accedunt
1199 869 1271 955 Epi-

128 972 240 1059 phanes
264 981 295 1036 et
317 967 465 1045 isidorus,
488 965 663 1033 Ptolemaei.
706 965 742 1032 lu
765 969 853 1033 tertio
868 980 965 1031 antem
983 978 1061 1031 tomo
1083 969 1188 1054 prioris
1206 970 1272 1033 libri

128 1075 268 1138 haereses
292 1070 391 1133 itidem
413 1065 490 1132 Xlll
514 1080 599 1133 sante
635 1067 797 1148 Marcosii,
821 1067 1006 1147 Colorbasii,
1029 1068 1270 1150 Heracleonitae,

129 1172 273 1260 ophitae,
308 1167 430 1251 Caiani,
460 1167 614 1249 Sethiani,
645 1171 834 1248 Archontici,
868 1169 1063 1250 Cerdoniani‚
1086 1170 1269 1251 Marciones,

126 1273 333 1350 Laciacistac,
365 1270 566 1357 Appelleiani,
599 1270 774 1353 Severiani,
805 1272 937 1337 Tatiani.
981 1272 1064 1337 llaec
1092 1286 1139 1338 est
1159 1295 1272 1338 summa

128 1389 273 1440 tomorum
293 1373 380 1437 trium
396 1374 481 1458 primi
501 1373 581 1437 libri.
626 1372 754 1439 Secundi
772 1396 844 1439 vero
867 1374 933 1438 libri
950 1376 1020 1438 torni
1036 1377 1092 1439 duo
1111 1386 1196 1455 sunt,
1221 1399 1272 1440 cu·

127 1479 174 1541 ius
197 1476 227 1539 in
252 1475 349 1560 priore
371 1485 466 1554 tomo,
499 1476 547 1559 qui
565 1487 685 1560 quartus
713 1487 776 1554 est,
806 1475 832 1539 si
853 1487 948 1539 toruos
969 1477 1105 1561 deinceps
1128 1476 1164 1540 ab
1186 1478 1271 1542 initio

129 1597 276 1654 numeres,
301 1577 439 1640 haereses
457 1573 567 1640 XVlll
584 1579 771 1642 contineatur
790 1578 844 1640 hoc
863 1578 965 1640 modo:
998 1576 1186 1657 Eucratitac,
1212 1575 1272 1642 Ca·

130 1679 297 1765 tophryges,
321 1678 368 1761 qui
390 1690 419 1740 ct
435 1675 635 1743 Montanistae
651 1700 686 1742 ac
703 1678 953 1762 Tasccdrugitac,
975 1677 1154 1765 Pepuziani,
1178 1681 1273 1763 quiet

128 1780 320 1865 Quintiliani,
343 1779 447 1863 quibus
471 1780 667 1863 adiunguntur
685 1779 890 1865 Artotyritae,
913 1778 1270 1862 Tessarcscaedecatitae,

126 1884 175 1967 qui
191 1880 305 1945 Pascha
321 1881 353 1944 ic
368 1880 491 1943 eandem
509 1879 578 1943 anni
597 1882 671 1944 diem
690 1882 866 1959 coniiciunt,
890 1882 997 1966 Alcgi,
1021 1883 1116 1966 quiet
1134 1881 1271 1967 Evange-

126 1986 197 2049 linm
219 1995 249 2047 et
270 1980 469 2068 Apocalypsin
492 1979 611 2045 loannis
636 1974 805 2068 repudiant,
829 1984 1002 2062 Adamiaui,
1026 1983 1197 2068 Sampsaei,
1222 1986 1270 2069 qui

125 2097 156 2151 et
174 2085 344 2163 llclcesaei,
369 2082 584 2162 Theodotiani,
608 2081 883 2163 Melchisedeciani,
907 2083 1164 2163 Bardesianistae,
1187 2084 1271 2149 Nod-

128 2189 209 2266 tiaoi,
233 2185 356 2263 Valesii,
382 2181 514 2264 Gothori,
537 2184 690 2269 Angelici‚
714 2185 894 2270 apostolici,
919 2187 966 2269 qui
986 2187 1073 2250 etiam
1091 2185 1269 2271 Apotactici,

127 2290 232 2374 quibus
256 2286 365 2351 annexi
388 2297 457 2349 sunt
472 2284 670 2372 Saccophori‚
695 2284 872 2365 Sabelliani,
896 2284 1101 2369 Origenistae‚
1126 2287 1272 2351 foeditatis

127 2401 280 2467 auctores,
310 2386 498 2472 Origenistac
522 2389 558 2452 ab
582 2385 706 2473 Origine
729 2388 918 2450 Adamantio.
964 2386 996 2451 lo
1020 2389 1148 2451 secundo
1174 2400 1271 2452 autern

128 2502 206 2555 tomo
230 2491 361 2555 eiusdem
378 2487 464 2569 libri,
488 2489 537 2574 qui
553 2490 650 2574 priore
675 2490 723 2552 illa
748 2490 919 2553 cuurerandi
940 2489 1054 2551 ratione
1072 2489 1189 2571 quintus
1211 2501 1269 2569 cst,

127 2593 267 2659 haereses
295 2591 421 2675 quinque
449 2603 534 2654 sunta
574 2589 659 2655 Pauli
689 2589 923 2668 samosatensis,
953 2589 1139 2668 Manichaei,
1172 2591 1272 2670 quiet

126 2695 302 2773 donandae,
326 2690 507 2774 Hieracitae,
531 2690 696 2772 Meletiaui,
720 2692 768 2776 qui
785 2693 816 2755 in
834 2693 968 2779 Aegypto
983 2692 1108 2756 schisma
1125 2692 1270 2770 lecerunt,

127 2795 245 2858 Ariani.
288 2793 388 2877 Atque
407 2794 477 2857 baec
500 2805 546 2858 est
569 2804 715 2858 tomorum
737 2793 804 2857 libri
823 2795 943 2858 secundi
961 2815 1085 2858 summa.
1130 2790 1273 2876 Similiter

127 2906 160 2959 et
180 2897 211 2959 in
225 2898 313 2959 tertio
331 2895 404 2958 libro
420 2897 491 2958 tomi
511 2896 568 2959 duo
584 2906 664 2960 suot.
711 2892 744 2958 ln
766 2895 859 2979 primo
883 2907 961 2959 tomo
983 2897 1061 2959 tertii
1077 2895 1160 2974 libri,
1184 2906 1272 2959 sexto

129 3005 225 3060 antem
245 3018 281 3059 eo
297 3017 383 3080 quem
397 2995 523 3060 diximus
539 2997 660 3076 ordine,
684 2997 823 3060 haereses
841 2994 898 3062 Vll
915 3008 1000 3061 sunt:
1032 2997 1173 3076 Audiani,
1195 2995 1272 3060 Phc-

129 3097 241 3178 tiniani,
263 3094 460 3175 Marcelliani,
478 3094 666 3178 Seruianam,
684 3096 953 3178 Pneumatomacbi,
973 3100 1020 3184 qui
1039 3099 1153 3183 spiritui
1170 3110 1272 3162 sancto

127 3199 338 3265 contumeliose
354 3199 521 3278 detrahunt,
544 3199 680 3279 Adriani,
703 3200 836 3279 Adriani,
859 3201 894 3263 ab
910 3202 1000 3265 Aetio
1019 3203 1184 3276 Acomoec‚
1209 3199 1271 3282 qui-

127 3302 182 3366 hus
199 3301 312 3366 accedit
335 3312 365 3364 et
379 3298 543 3364 Ennomius
559 3301 742 3366 doomoens.
788 3300 822 3365 ln
840 3306 969 3367 sccundo
995 3325 1067 3366 vcro
1093 3313 1169 3363 rouro
1194 3300 1272 3361 eius-

126 3405 191 3469 dem
212 3403 290 3469 tertii
307 3403 387 3484 libri,
409 3402 533 3488 septimo
550 3413 647 3466 autem
663 3424 702 3467 ex
718 3404 860 3468 divisione
878 3405 926 3468 illa
945 3427 1029 3488 quam
1046 3403 1184 3478 diximus,
1209 3401 1271 3483 qui·

126 3529 182 3592 qne
202 3506 300 3594 operis
315 3506 405 3571 totius
422 3516 586 3591 postremus
602 3516 659 3587 est,
676 3505 815 3571 haereses
830 3518 954 3592 quatuor
966 3516 1052 3569 sunt:
1078 3501 1269 3583 Dimoeritae,

158 3771 200 3827 42.
217 3778 241 3831 οἱ
255 3779 429 3832 anteactae.
460 3782 531 3844 Vctpo
548 3777 572 3834 οἳ
589 3778 641 3833 καί.
715 3778 760 3833 καί
782 3773 949 3831 Macrocremni
973 3771 1016 3825 καί
1036 3771 1260 3841 Ταοκοδρουγῖται.

158 3855 199 3911 43.
217 3856 504 3918 obdormisceret.
530 3858 682 3928 VutpoOdn·
748 3860 789 3915 48.
806 3857 970 3914 Κυίντιλιανοί
985 3860 1035 3909 cod.
1054 3863 1127 3910 Venet.

125 3929 233 3981 wilm·
747 3943 789 3999 to.
805 3942 871 3998 κατὰ
887 3945 963 3993 edicet
976 3959 1005 3993 ec
1020 3946 1071 3995 cod.
1089 3947 1180 3995 Veneto.

158 4008 199 4065 44·
217 4010 342 4094 3¹59&th
358 4015 402 4068 act
418 4011 547 4082 Ίίῦῑόωρθί
559 4019 610 4070 004·
627 4021 682 4066 l'ffl·
748 4033 788 4082 50.
806 4027 911 4082 Παύλου
922 4028 1149 4094 τοῦΣαμοοατέως
1164 4031 1216 4079 cud.
1228 4033 1269 4080 Ve-

158 4075 200 4134 45·
216 4081 281 4131 him
295 4094 373 4131 Μία
386 4080 543 4148 Μαρκίωνῑς,
557 4089 681 4146 “litum
713 4105 759 4150 net.
791 4101 863 4160 Vulpo
880 4096 1067 4150 Παυλιανισταί.

123 4226 132 4252 ‚
157 4162 199 4220 46·
220 4169 258 4219 1¹⁶
283 4165 333 4216 Μ·
359 4166 455 4230 diffidit·
480 4174 501 4218 ⁶⁸
534 4171 588 4219 ίίίΐῑ
615 4170 681 4218 4444·
748 4181 788 4233 51.
807 4184 857 4234 τῶν
874 4179 899 4234 ἐν
916 4182 949 4250 τῇ
967 4179 1084 4249 Αἰγύπτῳ
1103 4180 1199 4264 σχίσμα
1216 4183 1267 4232 cod.

132 4231 279 4289 Ᾰπὸίλῑαίῠί
294 4234 346 4284 Wl-
369 4234 442 4284 imi·
716 4254 791 4301 Vocet.
827 4254 899 4313 Vutpo
916 4250 1012 4319 σχίσμα
1029 4249 1055 4302 dr
1072 4249 1200 4317 Αίγυπτῳ.

157 4313 199 4372 47.
218 4322 291 4382 Vutpo
306 4313 372 4370 κατὰ
387 4315 544 4382 despectus
561 4318 681 4370 Μοντανι-
747 4319 787 4368 52.
804 4319 954 4384 προείπαμεν
970 4322 1022 4370 cod.
1038 4323 1113 4368 Vocet.

125 4385 200 4440 craia
227 4389 417 4451 cherampum
432 4389 604 4436 conducimus.
622 4387 680 4436 cdd.
747 4385 788 4437 53.
805 4389 845 4438 Stc
858 4390 908 4439 cod.
927 4391 981 4437 ch.
1017 4390 1089 4448 Vutpo
1107 4377 1181 4437 oden.

127 4456 202 4506 Vocet.
226 4456 294 4507 hobel
316 4450 532 4521 κατᾶφρογαστων
555 4451 599 4505 καί
615 4452 682 4511 Mou-
747 4450 789 4507 54.
805 4450 927 4508 ’semmel
941 4448 992 4507 sind
1010 4469 1056 4505 om.
1072 4455 1123 4505 cod.
1142 4457 1216 4505 Venti.

125 4522 253 4576 τααοτῶν.
297 4525 391 4586 ttepcno
421 4514 487 4575 acad
512 4517 632 4587 Φρύγας,
658 4520 681 4573 οἱ
747 4519 787 4574 55.
805 4515 886 4583 οὕτως
902 4525 953 4574 cod.
971 4525 1045 4577 leuet.
