3046 5084
253 317 316 378 328
686 323 806 375 ειμυΤι
824 323 995 374 εειειιιοιιι

257 442 377 509 πύυτωυ
392 448 540 507 καλοῦσιν.
575 438 660 506 ’Ἐστι
676 437 731 526 γαῖρ
750 437 854 515 Βυθός
868 440 919 504 καί
937 437 1030 524 Σιγῆ,
1053 440 1154 505 έπειτα
1169 444 1254 515 Νούς
1270 438 1322 504 καί
1334 436 1419 523 Ἀλῆ-

257 557 335 612 θεια.
379 542 573 625 Αίσθόμενόυ
591 568 622 607 τε
635 540 688 608 τόν
704 549 867 627 Μονογευῆ
882 548 989 606 τοῦτον
1007 539 1053 623 ἐφ’
1069 539 1114 617 οίς
1131 539 1321 627 προεβλήθη,
1343 568 1418 629 προ-

258 652 358 730 βαλεῖν
380 648 431 711 καὶ
453 643 544 709 αύτόν
563 642 665 729 Λόγου
686 646 737 708 καλ
759 640 862 725 Ζωῆυ,
892 645 1006 728 πατέρα
1026 642 1147 709 πόντων
1166 650 1226 709 τοῖν
1245 640 1305 726 μετ’
1324 642 1419 712 αύτόν

259 751 421 831 ἐσομένων,
443 749 492 811 καί
509 744 610 832 ύρχῆν,
633 749 683 810 καί
697 744 854 830 μόρφωσιν
870 743 980 821 παντός
996 753 1050 810 τοῦ
1070 743 1286 830 Πληροόματος,
1309 748 1342 812 έκ
1360 749 1419 813 7ιλέ

258 859 312 917 τοῦ
327 850 431 936 Λόγου
446 852 498 914 καί
512 856 565 932 τῆς
583 856 671 930 Ζωῆς
685 852 910 934 προβεβλῆσθαι
926 846 1001 912 κατοί
1017 853 1156 934 συζυγίαν
1164 846 1349 935 ’Ἄνθρωπον
1364 852 1418 916 καί

257 952 442 1036 Ἐκκλησίαν·
465 954 515 1015 καί
531 948 605 1016 εἶναι
618 949 727 1033 ταύτην
743 948 898 1036 ύργέγουον
912 948 1069 1035 Ὀγβούδα,
1091 955 1175 1035 ῥίζαν
1188 953 1239 1016 καί
1254 949 1419 1018 ύπόστασιυ

258 1063 316 1122 τοῖν
334 1054 468 1132 πόντων,
490 1056 623 1138 τέτρασιν
639 1051 764 1136 όυόμασι
778 1051 847 1138 παρ’
863 1051 964 1128 αύτοῖς
983 1055 1208 1136 θκαλουμένην,
1231 1061 1342 1144 Βυθῷ,
1365 1058 1418 1121 καὶ

261 1166 326 1247 Νρῖ,
350 1159 400 1222 καὶ
414 1155 519 1245 Λόγῳ,
541 1158 591 1220 καί
605 1154 779 1242 Ἀνθροόπφ.
825 1151 915 1220 Είυαι
928 1152 984 1239 γύρ
1001 1151 1099 1220 αύταῖν
1112 1158 1236 1221 ἕκαστον
1251 1154 1418 1242 ύρρενόθη-

258 1268 311 1325 λυυ
326 1258 434 1335 ούτως·
457 1265 576 1343 πρῶτον
592 1256 643 1322 τόν
662 1255 846 1341 Προπύτορα
860 1254 997 1339 ῆυοῖσθαι
1011 1255 1087 1322 κατεῖ
1101 1262 1239 1344 συζυγίαν
1254 1265 1291 1349 τῆ
1309 1260 1418 1326 ἑαυτοῦ

257 1361 389 1450 Ἐνυοίρι,
420 1360 471 1426 τόν
488 1361 520 1425 δὲ
535 1367 711 1445 Μανογενῆ,
741 1359 868 1425 τουτέστι
883 1349 935 1424 τόν
952 1366 1054 1438 Νοῦν,
1083 1357 1287 1449 νῆ’Λληθείμ,
1317 1361 1369 1428 τόν
1383 1364 1418 1428 δέ

260 1463 363 1550 Λόγου
384 1471 421 1553 τῆ
441 1470 527 1552 Ζωῆ,
556 1464 607 1526 καί
629 1461 681 1527 τόν
689 1460 874 1546 ’Ἄνθρωπον
890 1467 925 1550 τῆ
941 1459 1103 1551 Ἐκκλησίμ.
1152 1462 1283 1540 Τούτους
1298 1465 1331 1529 δὲ
1344 1462 1418 1542 τούς

260 1569 381 1642 Αίοῖνας
400 1568 440 1642 εἰς
456 1564 547 1641 δόξαν
560 1572 614 1629 τοῦ
637 1562 756 1648 Πατρός
772 1565 1047 1649 προβεβλημένους,
1079 1567 1280 1647 βουληθέντας
1294 1567 1347 1631 καί
1363 1565 1418 1632 αύ-

260 1667 330 1745 τούς
347 1667 397 1733 διό
413 1675 466 1733 τοῦ
483 1670 561 1733 ίδίαυ
581 1665 702 1744 θοξύσαι
718 1663 771 1732 τόν
791 1667 925 1751 Πατέρα,
957 1670 1139 1752 9προβαλεῖν
1154 1666 1303 1753 προβολαῖς
1317 1671 1349 1736 ἐν
1364 1691 1415 1735 συ·

139 1805 190 1848 ριρ.
205 1795 248 1839 ιιι.
262 1776 355 1860 ζυγίρι,
378 1770 429 1836 τόν
444 1771 497 1853 μέν
512 1769 615 1854 Λόγον
628 1771 679 1834 καὶ
693 1766 747 1853 τῆν
765 1768 852 1851 Ζωῆν
867 1765 938 1851 μετοί
953 1765 986 1833 τό
1000 1771 1205 1855 προβαλέσθαι
1218 1768 1417 1859 τόν”Αυθρω-

261 1900 319 1940 που
336 1875 387 1938 καὶ
405 1871 459 1956 τῆν
475 1870 648 1955 Ἐκκλησίαν
669 1870 774 1947 ἄλλους
788 1873 859 1936 δέκα
875 1873 1012 1951 Αίοῖνας,
1043 1864 1086 1937 οἷν
1102 1870 1139 1937 τό
1153 1869 1286 1957 όνόματα
1300 1875 1419 1960 λέγουσι

262 1983 368 2041 ταῦτα·
397 1974 551 2051 10Βόθιος
572 1977 621 2039 καῖ
646 1978 754 2053 Μίξις,
775 1971 935 2059 Ἀγῆρατος
955 1976 1005 2038 καί
1016 1973 1159 2054 Ἐνωσις,
1181 1972 1345 2059 Λύτοφυῆς
1366 1979 1420 2043 καί

260 2075 383 2161 Ἡβονῆ,
412 2076 562 2162 Ἀκίυητος
576 2078 626 2142 καί
644 2075 826 2162 Σύγκρασις,
856 2074 1033 2161 Μονογευῆς
1055 2079 1107 2142 καὶ
1123 2082 1277 2163 Μακαρία.
1323 2072 1419 2147 Ούτοι

263 2183 334 2247 δέκα
355 2184 486 2259 Αίιῖυες,
518 2180 571 2256 οὓς
596 2182 690 2243 ιικαί
712 2177 880 2260 φάσκουσιν
902 2181 934 2243 έκ
954 2176 1058 2264 Λόγου
1077 2181 1127 2245 καῖ
1148 2186 1236 2264 Ζωῆς
1252 2185 1417 2267 προβεβλῆ·

264 2294 344 2348 σθαι.
393 2282 451 2349 Τόν
474 2284 506 2347 δὲ
518 2281 702 2369 ’Ἄνθρωπον
722 2284 773 2346 καλ
793 2279 882 2346 αύτόν
902 2285 1062 2366 προβαλεῖν
1083 2280 1155 2364 μετιῖ
1177 2290 1229 2367 τῆς
1247 2280 1419 2369 Ἐκκλησίας

264 2390 385 2462 Αίῶυας
407 2384 537 2464 δώδεκα,
569 2383 615 2461 οίς
634 2391 726 2449 ταῦτα
743 2381 779 2448 τοῖ
798 2381 928 2465 όνόματα
945 2388 1121 2469 χαρίζονται·
1154 2384 1347 2472 Παρύκλητος
1364 2390 1418 2453 κοιλ

266 2493 386 2567 Πίστις,
420 2486 572 2572 Πατρικός
594 2489 644 2552 καί
665 2485 777 2564 Ἐλπίς,
807 2485 965 2573 Μητρικός
987 2489 1037 2552 καὶ
1057 2485 1188 2573 Ἀγύπη,
1216 2485 1344 2565 ’Λιίνους
1362 2492 1418 2555 ιιαλ

264 2590 399 2670 Σύνεσις,
425 2592 517 2656 ηκαὶ
532 2587 789 2671 Ἐκκλησιαστικός
805 2591 856 2653 καί
870 2588 1079 2675 Μακαριότης,
1104 2589 1230 2676 Θελητός
1241 2593 1293 2657 καλ
1305 2595 1415 2673 Σοφία.

268 2687 359 2759 Ούτοί
380 2696 452 2757 εἰσιν
475 2697 506 2760 οῖ
524 2691 682 2779 τριάκοντα
702 2695 817 2767 Αίοῖνες
837 2699 891 2774 τῆς
909 2692 1021 2776 πλάνης
1043 2691 1157 2773 αύτοῖν,
1186 2697 1219 2759 οί
1235 2694 1419 2781 σεσιγημένου

264 2798 314 2861 καῖ
330 2794 370 2878 μῆ
386 2794 611 2880 γινωσκόμενοι·
634 2802 721 2860 τοῦτο
734 2792 786 2860 τόν
800 2792 928 2881 οῖόρατον
945 2797 996 2861 καί
1012 2794 1211 2880 πνευματικόν
1227 2794 1291 2863 κατ’
1307 2794 1421 2875 αύτούς

267 2898 435 2984 Πλῆρωμα,
463 2906 547 2983 τριχῆ
565 2898 753 2980 διισταμένων
770 2900 811 2974 είς
828 2895 990 2982 Ὀγδοόιλα,
1018 2901 1069 2964 καὶ
1088 2896 1223 2979 Δεκύελα,
1250 2901 1303 2965 καί
1319 2903 1422 2967 Δονόε-

264 3000 349 3066 κύθα.
381 3003 440 3065 Καί
455 2999 506 3065 θιύ
517 3008 605 3066 τοῦτο
620 2999 673 3065 τόν
686 3006 813 3086 Σωτῆρα
825 3001 960 3085 λέγουσιν
972 2998 1054 3077 (ούίὲ
1065 2999 1121 3087 γυῖρ
1136 2999 1251 3089 Κύριον
1264 2999 1423 3086 όυομιίζτιν

265 3103 357 3170 αύτόν
378 3105 509 3181 θέλουσι)
530 3101 688 3188 τριάκοντα
709 3105 784 3168 λ’τεσι
804 3101 879 3168 κατὰ
901 3101 934 3168 τό
957 3103 1088 3189 φανερόν
1106 3106 1198 3188 μηδὲν
1214 3106 1421 3190 πεποιηκέναι,

265 3205 469 3273 ἐπιδεικνύντα
481 3205 514 3272 τό
526 3204 687 3291 μυστήριον
697 3204 811 3272 τούτων
823 3212 882 3271 τῶν
893 3205 1033 3273 Αίοένων·
1049 3205 1120 3273 ύλλολ
1131 3209 1184 3273 καί
1196 3209 1246 3274 έπλ
1255 3214 1311 3291 τῆς
1321 3233 1421 3296 παρα-

265 3316 355 3395 βολῆς
374 3317 474 3375 18τιῖυ
488 3314 529 3385 είς
543 3308 595 3375 τόν
610 3308 767 3391 ύμπελοῖνα
780 3310 974 3392 πεμπομένων
989 3311 1119 3395 ίργατοῖν
1134 3330 1208 3392 φασι
1223 3308 1420 3398 φαυιροότυτα

265 3412 336 3491 τούς
355 3411 516 3501 τριύκοντα
537 3411 662 3488 τούτους
680 3415 802 3488 Αίοῖνας
823 3410 1020 3494 μεμηνύσθαι.
1066 3415 1241 3496 Πέμπουται
1261 3412 1318 3501 γιῖρ
1333 3418 1424 3481 '¹⁴⁰5

267 3517 320 3599 μὲν
337 3518 404 3600 περί
420 3515 542 3603 προότην
559 3515 654 3601 όόραν,
680 3517 756 3580 ¹⁵05
773 3514 805 3579 δέ
822 3516 891 3600 περὶ
905 3519 1021 3600 τρίτην,
1042 3518 1074 3581 οί
1089 3517 1121 3581 δί
1134 3518 1202 3603 περί
1217 3518 1319 3599 ἕκτην,
1340 3520 1375 3583 σί
1386 3518 1424 3583 βλ

267 3623 335 3706 περὶ
353 3619 473 3702 ένύτηυ,
496 3617 577 3684 ύλλοι
594 3619 626 3683 δέ
639 3620 706 3704 περί
722 3614 885 3700 ένδεκύτην.
928 3619 1144 3701 Συυτιθέμεναι
1161 3611 1218 3685 ούν
1233 3621 1268 3685 οιί
1280 3644 1423 3705 προειρη-

268 3724 353 3804 μέναι
369 3715 445 3807 ὧραι
460 3726 501 3798 είς
516 3720 622 3798 έαυτύς
637 3721 690 3787 τόν
704 3728 764 3786 τῶν
777 3719 934 3807 τριύκουτα
950 3719 1081 3807 οῖριθμόν
1096 3719 1306 3809 ύναπληρούσι.
1350 3728 1425 3791 Μία

268 3823 324 3911 γοῖρ
341 3827 392 3890 καί
406 3833 484 3909 τρεῖς
499 3827 550 3889 καὶ
562 3829 595 3902 ἓξ
610 3826 659 3890 καί
675 3825 760 3889 ἐννέα
774 3826 826 3889 καί
840 3826 945 3891 ἕνδεκα
958 3823 1112 3911 τριύκουτα
1128 3830 1268 3913 γίνονται.
1310 3823 1373 3892 Aa}
1388 3828 1426 3893 δέ

268 3934 326 3993 τοῖν
349 3925 434 4013 ω’ραῖν
455 3925 525 4003 τούς
543 3930 663 4004 Λίοῖυας
680 3926 870 4010 μεμηνύσθαι
883 3929 1014 3993 θέλουσι.
1058 3929 1120 3995 Καί
1136 3926 1215 3995 ταῦτ’
1229 3924 1306 3996 εῖναι
1318 3926 1357 3995 τύ
1372 3954 1424 4013 με-

270 4029 344 4115 γύλα
359 4033 411 4096 καὶ
424 4028 585 4111 θαυμαστοί
603 4031 654 4095 καί
669 4027 823 4116 ύπόρρητα
840 4028 999 4117 μυστήρια,
1029 4030 1050 4096 ἃ
1067 4038 1311 4118 καρποφοροῦσιν
1325 4028 1425 4115 micul,

267 4137 319 4198 καί
334 4136 363 4198 εί
375 4130 434 4198 πού
449 4159 477 4197 τι
491 4139 549 4197 ταῖν
562 4135 594 4197 έν
608 4130 717 4215 πλῆθει
729 4135 890 4218 εἰρημένων
905 4136 937 4200 έν
951 4143 1016 4211 ταῖς
1029 4144 1158 4222 γραφαῖς
1171 4138 1316 4219 δυνηθείη
1330 4160 1426 4221 προς·

269 4234 398 4321 αρμόσαι
419 4237 469 4300 καὶ
492 4233 607 4301 είκύσαι
627 4242 669 4324 τῷ
691 4234 837 4320 πλάσματι
859 4233 965 4304 αύτοῖυ.

301 4374 324 4427 7.
342 4372 372 4430 δὲ
387 4377 437 4426 cod.
451 4379 504 4427 Ven.
528 4378 558 4427 Et
572 4378 661 4427 irenaei
664 4379 770 4495 ΙἌσωρα
784 4380 827 4428 λο-
893 4378 918 4432 8.
938 4375 1093 4445 καλουμένην
1109 4380 1227 4431 comm·
1262 4376 1428 4449 καλωμίντιυ

267 4447 302 4493 ιιι
315 4444 352 4493 De
363 4444 435 4511 Logo
449 4455 532 4495 autem
547 4453 573 4494 et
586 4446 636 4494 Zoe
650 4461 663 4494 e
698 4462 765 4512 saum
777 4452 827 4497 eeu.
860 4451 944 4513 τιλῖρυῖ
960 4450 1029 4511 libri,
1045 4450 1161 4499 πεπσοει.

271 4515 344 4576 Υυλρο
360 4518 424 4563 extat
441 4511 486 4579 δή.
530 4518 536 4533 “
895 4513 921 4568 9.
937 4531 970 4581 πρ
1011 4512 1085 4568 ’λλειυ
1101 4516 1153 4567 οοτλ.
1172 4514 1227 4567 Vm.

898 4584 937 4635 10.
955 4581 987 4652 βτί
1036 4584 1117 4645 eud.
1133 4586 1187 4637 Vn.
