3046 5084
334 349 469 403 ananau
486 351 548 402 ute.
563 352 584 403 1.
601 351 684 406 rou.
696 354 740 406 nr.
757 353 855 404 naun.
871 353 951 404 xurt.
1160 340 1221 402 aba

68 486 138 553 prae
160 460 318 533 selereos
340 469 548 541 monachorum
570 472 702 536 institute
723 475 875 558 protessus
898 483 960 551 est,
993 482 1114 557 parente
1138 482 1222 535 natas

67 570 226 634 catholicae
250 571 462 635 communionis
487 573 636 658 episcopo.
682 571 791 637 Postea
817 595 881 636 anm
907 574 1051 655 virginem
1077 575 1220 657 quandam

67 672 233 736 adamasset
248 695 283 736 ac
300 675 448 737 fraudibus
466 675 649 760 pellexisset,
673 677 709 739 ab
727 697 779 761 spe
796 677 874 738 vitae
891 676 1028 738 coelestis
1045 676 1121 738 illam
1138 675 1220 738 iuxta

66 775 311 859 sesemetipsum
335 777 451 839 deiecit.
499 773 546 841 0b
570 777 645 840 buna
667 778 757 862 igitur
782 779 924 841 incestum
949 777 1074 840 ecclesia
1097 775 1133 839 ab
1157 776 1221 860 ipso

66 888 188 960 parente
209 878 310 961 pulsus
327 889 389 955 est,
423 879 486 941 vira
508 880 675 964 cumprimis
694 881 833 963 religioso
852 901 886 942 ac
904 879 1037 942 veritatis
1054 899 1154 941 amore
1170 879 1222 940 tta·

66 979 266 1062 grantissimo,
290 991 318 1042 et
335 981 363 1043 in
380 981 433 1043 bno
448 981 622 1066 episcopalis
638 981 766 1045 minueris
783 981 1033 1044 administratione
1049 979 1220 1065 praestanti.

67 1077 123 1144 Coi
147 1101 211 1144 anm
230 1079 344 1145 Marcio
367 1084 414 1145 diu
433 1083 610 1168 multumque
630 1085 822 1168 supplicasset
843 1105 879 1146 ae
898 1082 1105 1166 ponttitentiam
1124 1091 1222 1166 postu·

66 1181 168 1258 lasset,
194 1183 268 1246 barm
283 1206 298 1245 a
316 1197 397 1268 patre
413 1186 546 1270 precibus
564 1185 650 1249 nullis
666 1186 802 1248 obtinuit.
851 1183 875 1248 V
878 1185 1060 1248 ebementem
1077 1183 1220 1266 siquidem

67 1303 107 1348 ex
123 1305 158 1346 ea
176 1305 208 1347 re
226 1285 355 1349 dolorem
373 1287 498 1372 optimus
514 1309 609 1351 senex
626 1299 654 1351 et
672 1288 827 1372 episcopus
845 1296 980 1372 asperat,
1005 1287 1080 1369 quod
1098 1307 1157 1348 non
1174 1285 1221 1347 ille

66 1385 160 1451 solnm
183 1387 360 1465 excidisset,
396 1390 447 1451 sed
473 1400 502 1452 et
524 1389 712 1474 ignominiam
739 1391 793 1453 sibi
816 1413 851 1452 aa
872 1391 999 1452 dedecus
1021 1387 1219 1472 imposuisset.

66 1485 149 1572 Ergo
168 1489 215 1551 ubi
232 1511 265 1553 se
283 1491 369 1554 nullis
384 1492 495 1554 artibus
512 1493 653 1555 eblandiri
670 1513 758 1577 possa
774 1493 849 1576 qraod
867 1502 987 1576 cuperet
1003 1489 1220 1567 animadvertit,

67 1591 247 1676 popularium
264 1613 383 1656 snorum
401 1594 507 1678 probra
529 1616 564 1656 ac
580 1595 703 1658 ludibria
727 1617 784 1657 non
803 1594 952 1658 sustinens
973 1593 1045 1656 elam
1062 1592 1098 1656 ab
1117 1591 1222 1677 oppido

66 1694 208 1771 sesessit,
239 1716 274 1758 nc
290 1694 416 1759 Romam
436 1707 500 1780 ptest
517 1695 625 1782 Hygini
645 1717 734 1781 papae
753 1697 861 1760 obitum
879 1717 946 1759 sese
967 1695 1106 1772 eontulit,
1138 1694 1221 1778 qnia

67 1792 157 1858 Petro
177 1793 328 1882 Pauloque
346 1800 486 1884 apostolis
506 1820 601 1861 notius
621 1800 764 1863 eeclesiae
782 1800 957 1881 praefuerat.
1003 1795 1050 1859 Eo
1066 1797 1163 1858 statim
1187 1816 1222 1858 no

66 1895 203 1961 Marcion
224 1903 374 1984 pervenit,
405 1904 439 1963 ad
460 1901 595 1964 seniores
612 1901 715 1963 adiens
735 1901 781 1984 qni
803 1901 837 1962 ab
857 1901 1054 1984 apostolorum
1074 1897 1221 1980 discipulis
1331 1946 1334 1953 .

67 1999 163 2067 edocti
186 2002 278 2066 adbuc
297 2016 487 2088 supererant,
521 2014 552 2066 ul
575 2003 603 2064 in
621 2003 853 2065 communionem
873 2002 1092 2077 admitteretur,
1128 2000 1163 2063 ab
1187 1999 1222 2062 iis

68 2104 177 2168 lrustra
196 2105 291 2186 petiit.
337 2103 535 2188 Quamobrem
557 2105 762 2168 exstimulatus
781 2105 906 2181 invidia,
938 2105 1013 2187 quod
1037 2125 1094 2166 non
1116 2100 1222 2186 princi·

67 2227 132 2290 pem
149 2205 209 2270 illio
226 2207 338 2285 locum,
362 2228 397 2269 aa
415 2229 451 2269 ne
468 2207 611 2270 ecelesiae
631 2207 745 2290 quidem
762 2208 869 2270 aditum
889 2206 1092 2290 impetrasset,
1116 2204 1151 2267 ad
1169 2204 1223 2265 inv·

68 2308 195 2393 postoris
219 2305 364 2372 Cerdonis
387 2308 521 2372 haeresin
545 2311 706 2392 coningere
729 2309 757 2371 in
781 2309 906 2373 animum
931 2307 1057 2371 induxit.

152 2408 230 2474 Tum
249 2412 285 2474 ab
305 2412 368 2495 ipso
387 2412 546 2496 principio,
570 2413 717 2497 ipsisque,
742 2423 774 2476 ut
792 2412 830 2473 ita
850 2411 993 2486 dixerim,
1018 2409 1220 2493 quaestionum
1247 2423 1306 2487 cap.
1324 2398 1354 2470 tt.

68 2512 179 2578 loribus
199 2535 327 2577 exorsus
346 2514 527 2600 presbyteris
551 2515 598 2598 qui
622 2527 690 2578 tono
710 2513 850 2598 temporis
865 2525 952 2576 erant
970 2514 1066 2596 coepit
1084 2512 1139 2574 ista
1156 2532 1223 2594 pro-

67 2637 190 2702 ponere.
237 2621 321 2691 Cedo,
347 2611 451 2700 inipuit,
475 2621 545 2698 pund
560 2621 613 2679 dec
630 2620 688 2680 sibi
701 2621 778 2679 uult:
802 2621 867 2678 Non
885 2622 1001 2679 mitteret
1014 2621 1106 2679 oricum
1122 2636 1221 2676 nouum
1234 2623 1376 2675 mattham·

66 2725 96 2783 io
113 2733 190 2782 utres
208 2733 328 2794 ueteres,
353 2742 442 2800 neque
458 2725 665 2783 commissuram
678 2724 769 2800 panni
782 2724 863 2782 rudis
881 2726 910 2782 in
926 2724 1115 2781 vestimentum
1131 2729 1220 2789 aetus,

66 2827 176 2904 elabqur'
189 2827 266 2884 tollit
277 2826 478 2903 plenitudinem
485 2868 494 2896 ,
519 2845 609 2902 neque
623 2827 713 2884 veteri
725 2836 879 2903 congruet,·
904 2828 994 2886 masor
1009 2827 1080 2884 enain
1097 2825 1223 2882 scissura

58 2927 123 3006 fit?
143 2925 219 3008 quod
234 2925 347 2987 teartdidi
364 2925 404 2988 illi
423 2946 457 2987 ac
474 2914 651 2989 sacratissimi
669 2925 714 2988 dei
732 2927 876 2989 ccclesiae
893 2924 1055 3010 presbyteri
1072 2945 1106 2987 ao
1123 2923 1223 2985 doato-

66 3047 116 3090 res
131 3028 283 3090 audientes
301 3027 376 3090 buna
393 3028 422 3088 in
439 3028 554 3090 modurn
571 3027 805 3110 respondebant:
838 3025 913 3104 Fili,
937 3038 1055 3090 veteres
1080 3027 1119 3088 illi
1142 3037 1223 3088 utres

68 3128 138 3193 nibil
157 3128 233 3193 aliud
251 3139 320 3193 srrut
337 3150 421 3212 quam
438 3126 666 3192 Pharisaeorum
684 3127 913 3214 Saribarnmqne
933 3131 1040 3207 corda,
1064 3148 1138 3213 quae
1156 3147 1222 3210 pec-

66 3232 139 3297 catis
157 3231 413 3308 inveteraverant,
447 3252 501 3294 neo
520 3231 665 3314 evangelii
682 3232 843 3295 doctrinam
860 3234 1049 3296 admiserant.
1095 3228 1223 3293 Eodem·

66 3355 122 3418 que
141 3345 226 3398 vetus
242 3335 310 3399 illud
328 3334 534 3397 vestimentum
555 3333 691 3417 pertinet.
739 3331 909 3400 Cuiusmodi
930 3333 1016 3397 ludas
1035 3332 1150 3408 extitit,
1174 3329 1223 3414 qni

65 3438 96 3502 io
118 3437 261 3501 avaritiae
284 3447 419 3521 tanquam
438 3447 585 3501 vetustate
604 3439 727 3522 quadam
745 3439 948 3513 obsoleverat,
982 3455 1075 3519 neque
1097 3434 1166 3497 novi
1188 3455 1224 3496 ao

66 3541 263 3619 sanctissimi,
297 3539 493 3624 coelestisque
517 3540 649 3625 mysterii
671 3541 916 3626 praedicationem
942 3539 1073 3622 aceepit,
1108 3537 1222 3600 tametsi

65 3645 101 3707 ed
125 3643 258 3708 undecim
283 3643 432 3728 apostolos
455 3654 536 3706 esset
552 3655 729 3726 aggregatos
753 3654 783 3707 et
809 3642 845 3704 ab
866 3643 928 3725 ipso
949 3641 1065 3704 domino
1087 3651 1220 3716 vocatus,

66 3767 106 3811 ex
129 3767 187 3830 quo
204 3746 346 3809 maiorem
361 3747 519 3810 seissnram
537 3767 594 3809 nan
615 3746 674 3809 alio
694 3767 779 3829 qoam
797 3726 923 3828 ipsomet
940 3743 994 3807 sibi
1014 3755 1135 3807 auctore
1153 3764 1222 3807 oon-

65 3849 171 3925 acirim
195 3859 350 3933 propterea
369 3849 444 3932 quod
464 3849 527 3912 eius
543 3849 657 3912 artimus
672 3849 791 3912 oadoeis
809 3847 853 3910 bis
869 3846 971 3931 opibus
986 3868 1019 3908 ne
1039 3849 1114 3910 tastu
1130 3847 1223 3909 llatae·

66 3971 124 4036 que
140 3950 288 4015 bominum
306 3951 433 4014 amicitia
453 3972 488 4013 ao
505 3972 556 4034 spe
576 3951 781 4036 voluptateque
800 3949 973 4034 contemptis
992 3970 1173 4033 nequaquam
1190 3969 1222 4010 se

66 4053 225 4119 coelestem
241 4055 277 4116 ad
294 4074 374 4138 spem
392 4075 426 4116 ao
444 4056 605 4117 futurorum
624 4054 765 4117 bonorum
782 4051 965 4115 vocationem
983 4052 1223 4117 accommodave-

66 4168 123 4221 rat.
170 4155 212 4220 At
233 4155 306 4220 baec
328 4156 528 4221 contradicere
547 4154 701 4233 Marcion,
732 4176 767 4218 ao
791 4156 876 4238 longe
899 4175 985 4217 seens
1008 4155 1035 4216 id
1060 4154 1167 4219 babere
1189 4176 1222 4217 se

66 4259 177 4336 dicere,
202 4278 253 4340 pro
272 4279 308 4321 eo
324 4259 399 4341 qntod
415 4259 569 4321 admittere
584 4278 652 4321 sese
669 4259 896 4322 detrectassent.
943 4255 1044 4340 Quare
1059 4257 1152 4342 pelam
1170 4278 1222 4320 eos

65 4361 236 4446 alloquens,
267 4357 330 4425 Cur
349 4381 412 4437 me,
437 4360 546 4443 inquit,
571 4361 703 4446 recipere
722 4360 879 4425 noluistis?
925 4347 1151 4445 Responderitot
1168 4360 1221 4437 illi,
