<?xml version="1.0" encoding="UTF-8"?>
<!DOCTYPE html PUBLIC "-//W3C//DTD XHTML 1.0 Transitional//EN"
    "http://www.w3.org/TR/xhtml1/DTD/xhtml1-transitional.dtd">
<html xmlns="http://www.w3.org/1999/xhtml" xml:lang="en" lang="en">
 <head>
  <title>
</title>
<meta http-equiv="Content-Type" content="text/html;charset=utf-8" />
  <meta name='ocr-system' content='tesseract 3.04.00' />
  <meta name='ocr-capabilities' content='ocr_page ocr_carea ocr_par ocr_line ocrx_word'/>
</head>
<body>
  <div class='ocr_page' id='page_1' title='image "./corporishaerese01unkngoog_0009.png"; bbox 0 0 3046 5084; ppageno 0'>
   <div class='ocr_carea' id='block_1_1' title="bbox 226 271 949 360">
    <p class='ocr_par' dir='ltr' id='par_1_1' title="bbox 226 271 949 360">
     <span class='ocr_line' id='line_1_1' title="bbox 226 271 949 360; baseline 0.001 -4"><span class='ocrx_word' id='word_1_1' title='bbox 226 285 249 356; x_wconf 83' lang='grc'><strong><em>’4</em></strong></span> <span class='ocrx_word' id='word_1_2' title='bbox 660 308 768 358; x_wconf 75' lang='grc' dir='ltr'><strong><em>ιοιοιι</em></strong></span> <span class='ocrx_word' id='word_1_3' title='bbox 785 271 828 360; x_wconf 66' lang='grc' dir='ltr'><strong><em>σε</em></strong></span> <span class='ocrx_word' id='word_1_4' title='bbox 847 309 949 358; x_wconf 67' lang='lat' dir='ltr'><strong><em>mum</em></strong></span> 
     </span>
    </p>
   </div>
   <div class='ocr_carea' id='block_1_2' title="bbox 231 416 1387 3257">
    <p class='ocr_par' dir='ltr' id='par_1_2' title="bbox 231 416 1387 3257">
     <span class='ocr_line' id='line_1_2' title="bbox 233 416 1381 508; baseline 0 -21"><span class='ocrx_word' id='word_1_5' title='bbox 233 421 372 505; x_wconf 86' lang='grc' dir='ltr'><strong><em>στεύομεν</em></strong></span> <span class='ocrx_word' id='word_1_6' title='bbox 387 422 443 508; x_wconf 73' lang='grc' dir='ltr'><strong><em>γὰρ</em></strong></span> <span class='ocrx_word' id='word_1_7' title='bbox 461 422 522 503; x_wconf 83' lang='grc' dir='ltr'><strong><em>ότι,</em></strong></span> <span class='ocrx_word' id='word_1_8' title='bbox 545 427 572 487; x_wconf 88' lang='grc' dir='ltr'><strong><em>εί</em></strong></span> <span class='ocrx_word' id='word_1_9' title='bbox 586 416 659 505; x_wconf 83' lang='grc' dir='ltr'><strong><em>ἦμεν</em></strong></span> <span class='ocrx_word' id='word_1_10' title='bbox 676 422 768 502; x_wconf 85' lang='grc' dir='ltr'><strong><em>ίίξιοι,</em></strong></span> <span class='ocrx_word' id='word_1_11' title='bbox 790 422 965 499; x_wconf 87' lang='grc' dir='ltr'><strong><em>α’νελθόντες</em></strong></span> <span class='ocrx_word' id='word_1_12' title='bbox 979 448 1007 487; x_wconf 90' lang='grc' dir='ltr'><strong><em>τε</em></strong></span> <span class='ocrx_word' id='word_1_13' title='bbox 1024 425 1073 487; x_wconf 85' lang='grc' dir='ltr'><strong><em>καλ</em></strong></span> <span class='ocrx_word' id='word_1_14' title='bbox 1091 420 1278 502; x_wconf 71' lang='grc' dir='ltr'><strong><em>ἀκούσαντες,</em></strong></span> <span class='ocrx_word' id='word_1_15' title='bbox 1302 425 1381 505; x_wconf 89' lang='grc' dir='ltr'><strong><em>ἐστη-</em></strong></span> 
     </span>
     <span class='ocr_line' id='line_1_3' title="bbox 234 522 1384 611; baseline 0 -22"><span class='ocrx_word' id='word_1_16' title='bbox 234 525 376 611; x_wconf 84' lang='grc' dir='ltr'><strong><em>ριζόμεθα</em></strong></span> <span class='ocrx_word' id='word_1_17' title='bbox 399 524 452 607; x_wconf 75' lang='grc' dir='ltr'><strong><em>τήν</em></strong></span> <span class='ocrx_word' id='word_1_18' title='bbox 474 531 637 603; x_wconf 78' lang='grc' dir='ltr'><strong><em>πολιτείαν,</em></strong></span> <span class='ocrx_word' id='word_1_19' title='bbox 666 525 705 607; x_wconf 78' lang='grc' dir='ltr'><strong><em>ἣν</em></strong></span> <span class='ocrx_word' id='word_1_20' title='bbox 725 525 968 608; x_wconf 81' lang='grc' dir='ltr'><strong><em>προβεβλήμεθα,</em></strong></span> <span class='ocrx_word' id='word_1_21' title='bbox 1000 528 1028 589; x_wconf 88' lang='grc' dir='ltr'><strong><em>εί</em></strong></span> <span class='ocrx_word' id='word_1_22' title='bbox 1044 527 1128 606; x_wconf 88' lang='grc' dir='ltr'><strong><em>ἐσμεν</em></strong></span> <span class='ocrx_word' id='word_1_23' title='bbox 1150 522 1226 600; x_wconf 82' lang='grc' dir='ltr'><strong><em>όξιοι</em></strong></span> <span class='ocrx_word' id='word_1_24' title='bbox 1244 522 1276 589; x_wconf 89' lang='grc' dir='ltr'><strong><em>τό</em></strong></span> <span class='ocrx_word' id='word_1_25' title='bbox 1295 527 1384 607; x_wconf 86' lang='grc' dir='ltr'><strong><em>τέρμα</em></strong></span> 
     </span>
     <span class='ocr_line' id='line_1_4' title="bbox 233 621 1386 711; baseline -0.003 -19"><span class='ocrx_word' id='word_1_26' title='bbox 233 626 341 708; x_wconf 80' lang='grc' dir='ltr'><strong><em>ταύτης</em></strong></span> <span class='ocrx_word' id='word_1_27' title='bbox 357 632 538 709; x_wconf 78' lang='grc' dir='ltr'><strong><em>καταλαβεῖν.</em></strong></span> <span class='ocrx_word' id='word_1_28' title='bbox 587 635 645 708; x_wconf 80' lang='grc' dir='ltr'><strong><em>Τῆς</em></strong></span> <span class='ocrx_word' id='word_1_29' title='bbox 662 621 716 692; x_wconf 85' lang='grc' dir='ltr'><strong><em>οῦν</em></strong></span> <span class='ocrx_word' id='word_1_30' title='bbox 733 626 896 711; x_wconf 76' lang='grc' dir='ltr'><strong><em>ιίῤῥωστίας</em></strong></span> <span class='ocrx_word' id='word_1_31' title='bbox 912 625 1149 709; x_wconf 80' lang='grc' dir='ltr'><strong><em>καταλαβούσης,</em></strong></span> <span class='ocrx_word' id='word_1_32' title='bbox 1184 625 1314 707; x_wconf 87' lang='grc' dir='ltr'><strong><em>δεόμεθα</em></strong></span> <span class='ocrx_word' id='word_1_33' title='bbox 1331 634 1386 707; x_wconf 78' lang='grc' dir='ltr'><strong><em>τῆς</em></strong></span> 
     </span>
     <span class='ocr_line' id='line_1_5' title="bbox 232 726 1383 818; baseline -0.004 -23"><span class='ocrx_word' id='word_1_34' title='bbox 232 729 375 810; x_wconf 80' lang='grc' dir='ltr'><strong><em>τοσαύτης</em></strong></span> <span class='ocrx_word' id='word_1_35' title='bbox 397 752 450 794; x_wconf 91' lang='grc' dir='ltr'><strong><em>σου</em></strong></span> <span class='ocrx_word' id='word_1_36' title='bbox 473 734 658 811; x_wconf 80' lang='grc' dir='ltr'><strong><em>θεοσεβείας,</em></strong></span> <span class='ocrx_word' id='word_1_37' title='bbox 690 729 730 811; x_wconf 76' lang='grc' dir='ltr'><strong><em>μη</em></strong></span> <span class='ocrx_word' id='word_1_38' title='bbox 754 729 913 818; x_wconf 75' lang='grc' dir='ltr'><strong><em>φθονήσῃς</em></strong></span> <span class='ocrx_word' id='word_1_39' title='bbox 932 733 1108 810; x_wconf 88' lang='grc' dir='ltr'><strong><em>μεταδοῦναι</em></strong></span> <span class='ocrx_word' id='word_1_40' title='bbox 1136 726 1236 792; x_wconf 61' lang='grc' dir='ltr'><strong><em>ιἐίίπό</em></strong></span> <span class='ocrx_word' id='word_1_41' title='bbox 1259 736 1318 792; x_wconf 88' lang='grc' dir='ltr'><strong><em>τιῦν</em></strong></span> <span class='ocrx_word' id='word_1_42' title='bbox 1338 733 1383 791; x_wconf 83' lang='grc' dir='ltr'><strong><em>δε-</em></strong></span> 
     </span>
     <span class='ocr_line' id='line_1_6' title="bbox 233 828 1385 916; baseline -0.003 -20"><span class='ocrx_word' id='word_1_43' title='bbox 233 834 409 915; x_wconf 83' lang='grc' dir='ltr'><strong><em>δωρημίνων</em></strong></span> <span class='ocrx_word' id='word_1_44' title='bbox 423 854 470 896; x_wconf 88' lang='grc' dir='ltr'><strong><em>σοι</em></strong></span> <span class='ocrx_word' id='word_1_45' title='bbox 487 830 606 913; x_wconf 80' lang='grc' dir='ltr'><strong><em>οἷληθῦς</em></strong></span> <span class='ocrx_word' id='word_1_46' title='bbox 620 829 679 895; x_wconf 86' lang='grc' dir='ltr'><strong><em>ύπό</em></strong></span> <span class='ocrx_word' id='word_1_47' title='bbox 695 840 749 894; x_wconf 90' lang='grc' dir='ltr'><strong><em>τοῦ</em></strong></span> <span class='ocrx_word' id='word_1_48' title='bbox 763 840 901 916; x_wconf 79' lang='grc' dir='ltr'><strong><em>σωτηρος.</em></strong></span> <span class='ocrx_word' id='word_1_49' title='bbox 932 830 1147 914; x_wconf 83' lang='grc' dir='ltr'><strong><em>Ὁμολοχοῦμεν</em></strong></span> <span class='ocrx_word' id='word_1_50' title='bbox 1163 828 1217 913; x_wconf 82' lang='grc' dir='ltr'><strong><em>χύρ</em></strong></span> <span class='ocrx_word' id='word_1_51' title='bbox 1237 829 1273 894; x_wconf 87' lang='grc' dir='ltr'><strong><em>ού</em></strong></span> <span class='ocrx_word' id='word_1_52' title='bbox 1292 829 1385 912; x_wconf 94' lang='grc' dir='ltr'><strong><em>μόνον</em></strong></span> 
     </span>
     <span class='ocr_line' id='line_1_7' title="bbox 231 930 1384 1019; baseline -0.002 -21"><span class='ocrx_word' id='word_1_53' title='bbox 231 931 330 1015; x_wconf 73' lang='grc' dir='ltr'><strong><em>ἡμεῖς,</em></strong></span> <span class='ocrx_word' id='word_1_54' title='bbox 360 931 430 996; x_wconf 81' lang='grc' dir='ltr'><strong><em>α’λλῦ</em></strong></span> <span class='ocrx_word' id='word_1_55' title='bbox 448 936 499 997; x_wconf 85' lang='grc' dir='ltr'><strong><em>καὶ</em></strong></span> <span class='ocrx_word' id='word_1_56' title='bbox 517 933 623 1006; x_wconf 75' lang='grc' dir='ltr'><strong><em>πάντες</em></strong></span> <span class='ocrx_word' id='word_1_57' title='bbox 639 937 670 996; x_wconf 84' lang='grc' dir='ltr'><strong><em>οἱ</em></strong></span> <span class='ocrx_word' id='word_1_58' title='bbox 685 930 857 1008; x_wconf 72' lang='grc' dir='ltr'><strong><em>ἀκούοντες,</em></strong></span> <span class='ocrx_word' id='word_1_59' title='bbox 888 932 932 995; x_wconf 86' lang='grc' dir='ltr'><strong><em>ότι</em></strong></span> <span class='ocrx_word' id='word_1_60' title='bbox 949 936 980 995; x_wconf 82' lang='grc' dir='ltr'><strong><em>ἐν</em></strong></span> <span class='ocrx_word' id='word_1_61' title='bbox 996 932 1087 1018; x_wconf 85' lang='grc' dir='ltr'><strong><em>ταύτη</em></strong></span> <span class='ocrx_word' id='word_1_62' title='bbox 1109 938 1145 1019; x_wconf 74' lang='grc' dir='ltr'><strong><em>τῇ</em></strong></span> <span class='ocrx_word' id='word_1_63' title='bbox 1162 940 1245 1018; x_wconf 72' lang='grc' dir='ltr'><strong><em>χενεξι</em></strong></span> <span class='ocrx_word' id='word_1_64' title='bbox 1265 933 1332 996; x_wconf 91' lang='grc' dir='ltr'><strong><em>νέον</em></strong></span> <span class='ocrx_word' id='word_1_65' title='bbox 1353 953 1384 995; x_wconf 85' lang='grc' dir='ltr'><strong><em>σε</em></strong></span> 
     </span>
     <span class='ocr_line' id='line_1_8' title="bbox 233 1031 1383 1116; baseline -0.003 -17"><span class='ocrx_word' id='word_1_66' title='bbox 233 1033 396 1099; x_wconf 81' lang='grc' dir='ltr'><strong><em>όπόστολον</em></strong></span> <span class='ocrx_word' id='word_1_67' title='bbox 410 1033 523 1116; x_wconf 73' lang='grc' dir='ltr'><strong><em>ἤγειρεν</em></strong></span> <span class='ocrx_word' id='word_1_68' title='bbox 539 1032 611 1114; x_wconf 77' lang='grc' dir='ltr'><strong><em>ἡμῖν</em></strong></span> <span class='ocrx_word' id='word_1_69' title='bbox 627 1036 676 1096; x_wconf 84' lang='grc' dir='ltr'><strong><em>καὶ</em></strong></span> <span class='ocrx_word' id='word_1_70' title='bbox 693 1032 808 1114; x_wconf 79' lang='grc' dir='ltr'><strong><em>κήρυκα</em></strong></span> <span class='ocrx_word' id='word_1_71' title='bbox 826 1032 844 1096; x_wconf 87' lang='grc' dir='ltr'><strong><em>ό</em></strong></span> <span class='ocrx_word' id='word_1_72' title='bbox 863 1032 1044 1116; x_wconf 69' lang='grc' dir='ltr'><strong><em>ιθΧριστός,</em></strong></span> <span class='ocrx_word' id='word_1_73' title='bbox 1069 1031 1208 1113; x_wconf 80' lang='grc' dir='ltr'><strong><em>Ἰωάννην</em></strong></span> <span class='ocrx_word' id='word_1_74' title='bbox 1225 1036 1306 1110; x_wconf 96' lang='grc' dir='ltr'><strong><em>νέον,</em></strong></span> <span class='ocrx_word' id='word_1_75' title='bbox 1333 1034 1383 1096; x_wconf 79' lang='grc' dir='ltr'><strong><em>καὶ</em></strong></span> 
     </span>
     <span class='ocr_line' id='line_1_9' title="bbox 232 1133 1384 1218; baseline -0.003 -17"><span class='ocrx_word' id='word_1_76' title='bbox 232 1135 389 1218; x_wconf 82' lang='grc' dir='ltr'><strong><em>κηρύσσειν</em></strong></span> <span class='ocrx_word' id='word_1_77' title='bbox 411 1133 447 1197; x_wconf 78' lang='grc' dir='ltr'><strong><em>τοὶ</em></strong></span> <span class='ocrx_word' id='word_1_78' title='bbox 468 1133 642 1216; x_wconf 79' lang='grc' dir='ltr'><strong><em>ὀφειλόμενα</em></strong></span> <span class='ocrx_word' id='word_1_79' title='bbox 665 1134 907 1212; x_wconf 76' lang='grc' dir='ltr'><strong><em>17φυλυίσσεσθαι</em></strong></span> <span class='ocrx_word' id='word_1_80' title='bbox 924 1133 984 1198; x_wconf 87' lang='grc' dir='ltr'><strong><em>ῦπό</em></strong></span> <span class='ocrx_word' id='word_1_81' title='bbox 1002 1142 1062 1197; x_wconf 79' lang='grc' dir='ltr'><strong><em>τῶν</em></strong></span> <span class='ocrx_word' id='word_1_82' title='bbox 1081 1134 1132 1198; x_wconf 88' lang='grc' dir='ltr'><strong><em>τόν</em></strong></span> <span class='ocrx_word' id='word_1_83' title='bbox 1151 1135 1263 1217; x_wconf 87' lang='grc' dir='ltr'><strong><em>δρόμον</em></strong></span> <span class='ocrx_word' id='word_1_84' title='bbox 1279 1141 1384 1198; x_wconf 86' lang='grc' dir='ltr'><strong><em>τοῦτον</em></strong></span> 
     </span>
     <span class='ocr_line' id='line_1_10' title="bbox 234 1228 1383 1324; baseline -0.003 -24"><span class='ocrx_word' id='word_1_85' title='bbox 234 1239 487 1319; x_wconf 76' lang='grc' dir='ltr'><strong><em>προβαλλομένων.</em></strong></span> <span class='ocrx_word' id='word_1_86' title='bbox 535 1243 595 1299; x_wconf 87' lang='grc' dir='ltr'><strong><em>Τοῦ</em></strong></span> <span class='ocrx_word' id='word_1_87' title='bbox 611 1228 666 1299; x_wconf 87' lang='grc' dir='ltr'><strong><em>οῦν</em></strong></span> <span class='ocrx_word' id='word_1_88' title='bbox 681 1243 784 1300; x_wconf 90' lang='grc' dir='ltr'><strong><em>κοινοῦ</em></strong></span> <span class='ocrx_word' id='word_1_89' title='bbox 801 1233 930 1316; x_wconf 83' lang='grc' dir='ltr'><strong><em>ύδελφοῦ</em></strong></span> <span class='ocrx_word' id='word_1_90' title='bbox 948 1240 1124 1320; x_wconf 83' lang='grc' dir='ltr'><strong><em>Μαρκέλλου</em></strong></span> <span class='ocrx_word' id='word_1_91' title='bbox 1141 1240 1189 1300; x_wconf 82' lang='grc' dir='ltr'><strong><em>ε’πλ</em></strong></span> <span class='ocrx_word' id='word_1_92' title='bbox 1206 1245 1240 1324; x_wconf 70' lang='grc' dir='ltr'><strong><em>τῇ</em></strong></span> <span class='ocrx_word' id='word_1_93' title='bbox 1257 1234 1383 1322; x_wconf 82' lang='grc' dir='ltr'><strong><em>τοσαύτη</em></strong></span> 
     </span>
     <span class='ocr_line' id='line_1_11' title="bbox 235 1336 1385 1425; baseline 0.001 -26"><span class='ocrx_word' id='word_1_94' title='bbox 235 1337 320 1425; x_wconf 79' lang='grc' dir='ltr'><strong><em>φήμη</em></strong></span> <span class='ocrx_word' id='word_1_95' title='bbox 339 1336 501 1421; x_wconf 83' lang='grc' dir='ltr'><strong><em>όχχομίνου</em></strong></span> <span class='ocrx_word' id='word_1_96' title='bbox 520 1339 569 1402; x_wconf 85' lang='grc' dir='ltr'><strong><em>καὶ</em></strong></span> <span class='ocrx_word' id='word_1_97' title='bbox 586 1339 743 1419; x_wconf 74' lang='grc' dir='ltr'><strong><em>ἑλκομένου</em></strong></span> <span class='ocrx_word' id='word_1_98' title='bbox 761 1345 796 1424; x_wconf 74' lang='grc' dir='ltr'><strong><em>τῇ</em></strong></span> <span class='ocrx_word' id='word_1_99' title='bbox 812 1337 942 1418; x_wconf 82' lang='grc' dir='ltr'><strong><em>ποθήσει</em></strong></span> <span class='ocrx_word' id='word_1_100' title='bbox 956 1345 1010 1418; x_wconf 80' lang='grc' dir='ltr'><strong><em>της</em></strong></span> <span class='ocrx_word' id='word_1_101' title='bbox 1024 1347 1078 1418; x_wconf 78' lang='grc' dir='ltr'><strong><em>σῆς</em></strong></span> <span class='ocrx_word' id='word_1_102' title='bbox 1095 1343 1275 1420; x_wconf 82' lang='grc' dir='ltr'><strong><em>θεοσεβείας,</em></strong></span> <span class='ocrx_word' id='word_1_103' title='bbox 1299 1337 1385 1412; x_wconf 89' lang='grc' dir='ltr'><strong><em>όντος</em></strong></span> 
     </span>
     <span class='ocr_line' id='line_1_12' title="bbox 233 1437 1384 1523; baseline 0 -20"><span class='ocrx_word' id='word_1_104' title='bbox 233 1465 264 1503; x_wconf 90' lang='grc' dir='ltr'><strong><em>τε</em></strong></span> <span class='ocrx_word' id='word_1_105' title='bbox 278 1442 328 1503; x_wconf 79' lang='grc' dir='ltr'><strong><em>καὶ</em></strong></span> <span class='ocrx_word' id='word_1_106' title='bbox 341 1448 394 1520; x_wconf 77' lang='grc' dir='ltr'><strong><em>τῆς</em></strong></span> <span class='ocrx_word' id='word_1_107' title='bbox 407 1437 549 1522; x_wconf 71' lang='grc' dir='ltr'><strong><em>ἡμετέρας</em></strong></span> <span class='ocrx_word' id='word_1_108' title='bbox 563 1438 710 1523; x_wconf 85' lang='grc' dir='ltr'><strong><em>μύνδρας,</em></strong></span> <span class='ocrx_word' id='word_1_109' title='bbox 733 1437 824 1503; x_wconf 88' lang='grc' dir='ltr'><strong><em>αύτόν</em></strong></span> <span class='ocrx_word' id='word_1_110' title='bbox 838 1465 867 1503; x_wconf 93' lang='grc' dir='ltr'><strong><em>τε</em></strong></span> <span class='ocrx_word' id='word_1_111' title='bbox 883 1437 1032 1521; x_wconf 87' lang='grc' dir='ltr'><strong><em>ύπηρέτην</em></strong></span> <span class='ocrx_word' id='word_1_112' title='bbox 1048 1439 1199 1521; x_wconf 76' lang='grc' dir='ltr'><strong><em>ἐσχηκότες</em></strong></span> <span class='ocrx_word' id='word_1_113' title='bbox 1214 1447 1266 1521; x_wconf 80' lang='grc' dir='ltr'><strong><em>τῆς</em></strong></span> <span class='ocrx_word' id='word_1_114' title='bbox 1280 1438 1384 1505; x_wconf 87' lang='grc' dir='ltr'><strong><em>τοσαύ-</em></strong></span> 
     </span>
     <span class='ocr_line' id='line_1_13' title="bbox 232 1538 1386 1623; baseline -0.001 -18"><span class='ocrx_word' id='word_1_115' title='bbox 232 1567 285 1622; x_wconf 88' lang='grc' dir='ltr'><strong><em>της</em></strong></span> <span class='ocrx_word' id='word_1_116' title='bbox 301 1538 389 1618; x_wconf 88' lang='grc' dir='ltr'><strong><em>όδοῦ,</em></strong></span> <span class='ocrx_word' id='word_1_117' title='bbox 420 1543 469 1605; x_wconf 84' lang='grc' dir='ltr'><strong><em>καλ</em></strong></span> <span class='ocrx_word' id='word_1_118' title='bbox 490 1540 705 1623; x_wconf 76' lang='grc' dir='ltr'><strong><em>νεοκατηχητου</em></strong></span> <span class='ocrx_word' id='word_1_119' title='bbox 725 1540 824 1619; x_wconf 78' lang='grc' dir='ltr'><strong><em>ὄντος,</em></strong></span> <span class='ocrx_word' id='word_1_120' title='bbox 856 1543 1056 1622; x_wconf 76' lang='grc' dir='ltr'><strong><em>ἐπετρέψαμεν</em></strong></span> <span class='ocrx_word' id='word_1_121' title='bbox 1073 1541 1124 1622; x_wconf 77' lang='grc' dir='ltr'><strong><em>την</em></strong></span> <span class='ocrx_word' id='word_1_122' title='bbox 1138 1541 1281 1622; x_wconf 88' lang='grc' dir='ltr'><strong><em>τοσαύτην</em></strong></span> <span class='ocrx_word' id='word_1_123' title='bbox 1301 1539 1386 1622; x_wconf 80' lang='grc' dir='ltr'><strong><em>ἡμῶν</em></strong></span> 
     </span>
     <span class='ocr_line' id='line_1_14' title="bbox 234 1640 1386 1727; baseline 0.001 -21"><span class='ocrx_word' id='word_1_124' title='bbox 234 1641 343 1724; x_wconf 89' lang='grc' dir='ltr'><strong><em>τόλμαν</em></strong></span> <span class='ocrx_word' id='word_1_125' title='bbox 364 1650 422 1706; x_wconf 81' lang='grc' dir='ltr'><strong><em>τῶν</em></strong></span> <span class='ocrx_word' id='word_1_126' title='bbox 448 1640 628 1725; x_wconf 82' lang='grc' dir='ltr'><strong><em>όμαρτωλιῦν</em></strong></span> <span class='ocrx_word' id='word_1_127' title='bbox 650 1641 727 1727; x_wconf 89' lang='grc' dir='ltr'><strong><em>πρός</em></strong></span> <span class='ocrx_word' id='word_1_128' title='bbox 750 1642 802 1707; x_wconf 91' lang='grc' dir='ltr'><strong><em>τόν</em></strong></span> <span class='ocrx_word' id='word_1_129' title='bbox 823 1641 962 1724; x_wconf 74' lang='grc' dir='ltr'><strong><em>μαθητήν</em></strong></span> <span class='ocrx_word' id='word_1_130' title='bbox 986 1666 1017 1706; x_wconf 93' lang='grc' dir='ltr'><strong><em>σε</em></strong></span> <span class='ocrx_word' id='word_1_131' title='bbox 1040 1651 1092 1707; x_wconf 93' lang='grc' dir='ltr'><strong><em>τοῦ</em></strong></span> <span class='ocrx_word' id='word_1_132' title='bbox 1115 1650 1254 1725; x_wconf 77' lang='grc' dir='ltr'><strong><em>σωτῆρος.</em></strong></span> <span class='ocrx_word' id='word_1_133' title='bbox 1289 1642 1330 1706; x_wconf 87' lang='grc' dir='ltr'>Ὃ</span> <span class='ocrx_word' id='word_1_134' title='bbox 1354 1644 1386 1707; x_wconf 79' lang='grc' dir='ltr'><strong><em>δὲ</em></strong></span> 
     </span>
     <span class='ocr_line' id='line_1_15' title="bbox 236 1742 1385 1828; baseline -0.001 -19"><span class='ocrx_word' id='word_1_135' title='bbox 236 1743 389 1826; x_wconf 83' lang='grc' dir='ltr'><strong><em>α’ξιοῦμεν,</em></strong></span> <span class='ocrx_word' id='word_1_136' title='bbox 420 1751 478 1808; x_wconf 82' lang='grc' dir='ltr'><strong><em>τῶν</em></strong></span> <span class='ocrx_word' id='word_1_137' title='bbox 493 1747 647 1828; x_wconf 77' lang='grc' dir='ltr'><strong><em>ῥηθέντων</em></strong></span> <span class='ocrx_word' id='word_1_138' title='bbox 663 1768 707 1808; x_wconf 92' lang='grc' dir='ltr'><strong><em>σοι</em></strong></span> <span class='ocrx_word' id='word_1_139' title='bbox 732 1742 807 1826; x_wconf 90' lang='grc' dir='ltr'><strong><em>πρός</em></strong></span> <span class='ocrx_word' id='word_1_140' title='bbox 822 1770 903 1817; x_wconf 92' lang='grc' dir='ltr'><strong><em>τινας</em></strong></span> <span class='ocrx_word' id='word_1_141' title='bbox 919 1742 1067 1824; x_wconf 82' lang='grc' dir='ltr'><strong><em>α’δελφοῦς</em></strong></span> <span class='ocrx_word' id='word_1_142' title='bbox 1083 1747 1124 1818; x_wconf 81' lang='grc' dir='ltr'><strong><em>εἰς</em></strong></span> <span class='ocrx_word' id='word_1_143' title='bbox 1142 1748 1275 1809; x_wconf 83' lang='grc' dir='ltr'><strong><em>παιδείαν</em></strong></span> <span class='ocrx_word' id='word_1_144' title='bbox 1291 1744 1385 1828; x_wconf 78' lang='grc' dir='ltr'><strong><em>δωρή-</em></strong></span> 
     </span>
     <span class='ocr_line' id='line_1_16' title="bbox 236 1843 1386 1933; baseline -0.001 -22"><span class='ocrx_word' id='word_1_145' title='bbox 236 1856 361 1924; x_wconf 86' lang='grc' dir='ltr'><strong><em>σασθαι,</em></strong></span> <span class='ocrx_word' id='word_1_146' title='bbox 391 1845 463 1932; x_wconf 77' lang='grc' dir='ltr'><strong><em>ὅπερ</em></strong></span> <span class='ocrx_word' id='word_1_147' title='bbox 484 1847 532 1910; x_wconf 86' lang='grc' dir='ltr'><strong><em>σολ</em></strong></span> <span class='ocrx_word' id='word_1_148' title='bbox 555 1847 608 1927; x_wconf 85' lang='grc' dir='ltr'><strong><em>μέν</em></strong></span> <span class='ocrx_word' id='word_1_149' title='bbox 627 1854 669 1933; x_wconf 79' lang='grc' dir='ltr'><strong><em>τῷ</em></strong></span> <span class='ocrx_word' id='word_1_150' title='bbox 690 1851 793 1933; x_wconf 79' lang='grc' dir='ltr'><strong><em>δικαίῳ</em></strong></span> <span class='ocrx_word' id='word_1_151' title='bbox 816 1844 937 1930; x_wconf 81' lang='grc' dir='ltr'><strong><em>ύβαρές,</em></strong></span> <span class='ocrx_word' id='word_1_152' title='bbox 969 1844 1038 1928; x_wconf 74' lang='grc' dir='ltr'><strong><em>ἡμῖν</em></strong></span> <span class='ocrx_word' id='word_1_153' title='bbox 1062 1847 1093 1910; x_wconf 78' lang='grc' dir='ltr'><strong><em>δέ</em></strong></span> <span class='ocrx_word' id='word_1_154' title='bbox 1118 1855 1181 1920; x_wconf 94' lang='grc' dir='ltr'><strong><em>τοῖς</em></strong></span> <span class='ocrx_word' id='word_1_155' title='bbox 1204 1843 1386 1930; x_wconf 69' lang='grc' dir='ltr'><strong><em>ἁμαρτωλοῖς</em></strong></span> 
     </span>
     <span class='ocr_line' id='line_1_17' title="bbox 236 1945 1386 2036; baseline 0 -24"><span class='ocrx_word' id='word_1_156' title='bbox 236 1954 448 2031; x_wconf 86' lang='grc' dir='ltr'><strong><em>μεταλαβοῦσιν</em></strong></span> <span class='ocrx_word' id='word_1_157' title='bbox 469 1945 676 2030; x_wconf 76' lang='grc' dir='ltr'><strong><em>εὐφρανθῆναι</em></strong></span> <span class='ocrx_word' id='word_1_158' title='bbox 702 1950 733 2012; x_wconf 88' lang='grc' dir='ltr'><strong><em>έν</em></strong></span> <span class='ocrx_word' id='word_1_159' title='bbox 753 1953 854 2036; x_wconf 77' lang='grc' dir='ltr'><strong><em>κυρίην.</em></strong></span> <span class='ocrx_word' id='word_1_160' title='bbox 904 1947 1136 2031; x_wconf 85' lang='grc' dir='ltr'><strong><em>Ἐμπλησθέντες</em></strong></span> <span class='ocrx_word' id='word_1_161' title='bbox 1162 1947 1217 2033; x_wconf 81' lang='grc' dir='ltr'><strong><em>γαρ</em></strong></span> <span class='ocrx_word' id='word_1_162' title='bbox 1246 1971 1300 2013; x_wconf 93' lang='grc' dir='ltr'><strong><em>σου</em></strong></span> <span class='ocrx_word' id='word_1_163' title='bbox 1327 1956 1386 2013; x_wconf 80' lang='grc' dir='ltr'><strong><em>τοῖν</em></strong></span> 
     </span>
     <span class='ocr_line' id='line_1_18' title="bbox 235 2047 1385 2132; baseline -0.001 -17"><span class='ocrx_word' id='word_1_164' title='bbox 235 2056 440 2130; x_wconf 84' lang='grc' dir='ltr'><strong><em>πνευματικῶν</em></strong></span> <span class='ocrx_word' id='word_1_165' title='bbox 458 2048 596 2132; x_wconf 77' lang='grc' dir='ltr'><strong><em>ῥημάτων</em></strong></span> <span class='ocrx_word' id='word_1_166' title='bbox 614 2050 866 2132; x_wconf 83' lang='grc' dir='ltr'><strong><em>ἐπικουφιζόμεθα</em></strong></span> <span class='ocrx_word' id='word_1_167' title='bbox 884 2059 943 2115; x_wconf 81' lang='grc' dir='ltr'><strong><em>τῶν</em></strong></span> <span class='ocrx_word' id='word_1_168' title='bbox 960 2049 1091 2131; x_wconf 85' lang='grc' dir='ltr'><strong><em>οἷνομιῶν</em></strong></span> <span class='ocrx_word' id='word_1_169' title='bbox 1110 2047 1201 2132; x_wconf 74' lang='grc' dir='ltr'><strong><em>ἡμῶν.</em></strong></span> <span class='ocrx_word' id='word_1_170' title='bbox 1244 2048 1385 2114; x_wconf 81' lang='grc' dir='ltr'><strong><em>Ἠκούσα·</em></strong></span> 
     </span>
     <span class='ocr_line' id='line_1_19' title="bbox 236 2150 1385 2236; baseline 0 -20"><span class='ocrx_word' id='word_1_171' title='bbox 236 2177 288 2234; x_wconf 91' lang='grc' dir='ltr'><strong><em>μεν</em></strong></span> <span class='ocrx_word' id='word_1_172' title='bbox 311 2153 343 2216; x_wconf 84' lang='grc' dir='ltr'><strong><em>δέ</em></strong></span> <span class='ocrx_word' id='word_1_173' title='bbox 363 2153 558 2232; x_wconf 75' lang='grc' dir='ltr'><strong><em>ἐπικληθέντα</em></strong></span> <span class='ocrx_word' id='word_1_174' title='bbox 579 2150 707 2232; x_wconf 88' lang='grc' dir='ltr'><strong><em>όνόματα</em></strong></span> <span class='ocrx_word' id='word_1_175' title='bbox 731 2150 790 2216; x_wconf 87' lang='grc' dir='ltr'><strong><em>ύπό</em></strong></span> <span class='ocrx_word' id='word_1_176' title='bbox 813 2161 865 2234; x_wconf 81' lang='grc' dir='ltr'><strong><em>τῆς</em></strong></span> <span class='ocrx_word' id='word_1_177' title='bbox 887 2159 942 2232; x_wconf 78' lang='grc' dir='ltr'><strong><em>σῆς</em></strong></span> <span class='ocrx_word' id='word_1_178' title='bbox 963 2150 1127 2233; x_wconf 88' lang='grc' dir='ltr'><strong><em>τιμιότητος</em></strong></span> <span class='ocrx_word' id='word_1_179' title='bbox 1148 2161 1211 2226; x_wconf 91' lang='grc' dir='ltr'><strong><em>ταῖς</em></strong></span> <span class='ocrx_word' id='word_1_180' title='bbox 1233 2155 1385 2236; x_wconf 86' lang='grc' dir='ltr'><strong><em>αίρέσεσιν,</em></strong></span> 
     </span>
     <span class='ocr_line' id='line_1_20' title="bbox 237 2246 1386 2337; baseline 0.001 -20"><span class='ocrx_word' id='word_1_181' title='bbox 237 2246 279 2317; x_wconf 83' lang='grc' dir='ltr'><strong><em>ῦν</em></strong></span> <span class='ocrx_word' id='word_1_182' title='bbox 306 2253 428 2334; x_wconf 82' lang='grc' dir='ltr'><strong><em>ἕκόστης</em></strong></span> <span class='ocrx_word' id='word_1_183' title='bbox 451 2259 612 2336; x_wconf 89' lang='grc' dir='ltr'><strong><em>θρησκείας</em></strong></span> <span class='ocrx_word' id='word_1_184' title='bbox 634 2251 771 2333; x_wconf 69' lang='grc' dir='ltr'><strong><em>α”ξιοῦμεν</em></strong></span> <span class='ocrx_word' id='word_1_185' title='bbox 794 2253 847 2334; x_wconf 79' lang='grc' dir='ltr'><strong><em>την</em></strong></span> <span class='ocrx_word' id='word_1_186' title='bbox 869 2251 923 2332; x_wconf 73' lang='grc' dir='ltr'><strong><em>σὴν</em></strong></span> <span class='ocrx_word' id='word_1_187' title='bbox 945 2255 1115 2335; x_wconf 86' lang='grc' dir='ltr'><strong><em>θεοσέβειαν</em></strong></span> <span class='ocrx_word' id='word_1_188' title='bbox 1135 2252 1297 2337; x_wconf 77' lang='grc' dir='ltr'><strong><em>διαῤῥήδην</em></strong></span> <span class='ocrx_word' id='word_1_189' title='bbox 1314 2251 1386 2336; x_wconf 73' lang='grc' dir='ltr'><strong><em>ἡμῖν</em></strong></span> 
     </span>
     <span class='ocr_line' id='line_1_21' title="bbox 236 2351 1387 2439; baseline 0.001 -21"><span class='ocrx_word' id='word_1_190' title='bbox 236 2359 364 2436; x_wconf 84' lang='grc' dir='ltr'><strong><em>δηλῶσαι</em></strong></span> <span class='ocrx_word' id='word_1_191' title='bbox 385 2355 438 2436; x_wconf 73' lang='grc' dir='ltr'><strong><em>τήν</em></strong></span> <span class='ocrx_word' id='word_1_192' title='bbox 460 2359 584 2439; x_wconf 74' lang='grc' dir='ltr'><strong><em>αἵρεσιν·</em></strong></span> <span class='ocrx_word' id='word_1_193' title='bbox 616 2360 663 2436; x_wconf 82' lang='grc' dir='ltr'><strong><em>ίση</em></strong></span> <span class='ocrx_word' id='word_1_194' title='bbox 685 2353 740 2437; x_wconf 82' lang='grc' dir='ltr'><strong><em>χύρ</em></strong></span> <span class='ocrx_word' id='word_1_195' title='bbox 763 2352 901 2417; x_wconf 85' lang='grc' dir='ltr'><strong><em>ύπόντων</em></strong></span> <span class='ocrx_word' id='word_1_196' title='bbox 925 2351 945 2434; x_wconf 74' lang='grc' dir='ltr'><em>ἦ</em></span> <span class='ocrx_word' id='word_1_197' title='bbox 967 2354 1069 2435; x_wconf 84' lang='grc' dir='ltr'><strong><em>δωρεύ.</em></strong></span> <span class='ocrx_word' id='word_1_198' title='bbox 1115 2361 1175 2420; x_wconf 87' lang='grc' dir='ltr'><strong><em>Καί</em></strong></span> <span class='ocrx_word' id='word_1_199' title='bbox 1197 2378 1227 2420; x_wconf 88' lang='grc' dir='ltr'><strong><em>σε</em></strong></span> <span class='ocrx_word' id='word_1_200' title='bbox 1249 2353 1387 2437; x_wconf 83' lang='grc' dir='ltr'><strong><em>ύξιοῦμεν</em></strong></span> 
     </span>
     <span class='ocr_line' id='line_1_22' title="bbox 236 2452 1386 2542; baseline 0 -22"><span class='ocrx_word' id='word_1_201' title='bbox 236 2455 323 2540; x_wconf 76' lang='grc' dir='ltr'><strong><em>τύχην</em></strong></span> <span class='ocrx_word' id='word_1_202' title='bbox 340 2458 538 2541; x_wconf 80' lang='grc' dir='ltr'><strong><em>ποιήσασθαι,</em></strong></span> <span class='ocrx_word' id='word_1_203' title='bbox 560 2458 592 2520; x_wconf 78' lang='grc' dir='ltr'><strong><em>σέ</em></strong></span> <span class='ocrx_word' id='word_1_204' title='bbox 606 2454 658 2520; x_wconf 89' lang='grc' dir='ltr'><strong><em>τόν</em></strong></span> <span class='ocrx_word' id='word_1_205' title='bbox 675 2459 791 2518; x_wconf 85' lang='grc' dir='ltr'><strong><em>δίκαιον</em></strong></span> <span class='ocrx_word' id='word_1_206' title='bbox 806 2461 846 2540; x_wconf 76' lang='grc' dir='ltr'><strong><em>τῷ</em></strong></span> <span class='ocrx_word' id='word_1_207' title='bbox 865 2459 973 2542; x_wconf 84' lang='grc' dir='ltr'><strong><em>κυρίῳ,</em></strong></span> <span class='ocrx_word' id='word_1_208' title='bbox 1001 2452 1075 2538; x_wconf 85' lang='grc' dir='ltr'><strong><em>ῦπέρ</em></strong></span> <span class='ocrx_word' id='word_1_209' title='bbox 1092 2456 1212 2521; x_wconf 82' lang='grc' dir='ltr'><strong><em>πόντων</em></strong></span> <span class='ocrx_word' id='word_1_210' title='bbox 1227 2465 1286 2522; x_wconf 86' lang='grc' dir='ltr'><strong><em>τῦν</em></strong></span> <span class='ocrx_word' id='word_1_211' title='bbox 1314 2466 1386 2521; x_wconf 71' lang='grc' dir='ltr'><strong><em>18σε</em></strong></span> 
     </span>
     <span class='ocr_line' id='line_1_23' title="bbox 235 2553 1386 2646; baseline -0.002 -23"><span class='ocrx_word' id='word_1_212' title='bbox 235 2563 413 2625; x_wconf 85' lang='grc' dir='ltr'><strong><em>ποθούντων</em></strong></span> <span class='ocrx_word' id='word_1_213' title='bbox 432 2562 481 2623; x_wconf 86' lang='grc' dir='ltr'><strong><em>καλ</em></strong></span> <span class='ocrx_word' id='word_1_214' title='bbox 507 2558 706 2637; x_wconf 76' lang='grc' dir='ltr'><strong><em>ἐκδεχομένων</em></strong></span> <span class='ocrx_word' id='word_1_215' title='bbox 729 2553 782 2635; x_wconf 80' lang='grc' dir='ltr'><strong><em>τήν</em></strong></span> <span class='ocrx_word' id='word_1_216' title='bbox 803 2554 883 2639; x_wconf 73' lang='grc' dir='ltr'><strong><em>παραὶ</em></strong></span> <span class='ocrx_word' id='word_1_217' title='bbox 902 2564 956 2620; x_wconf 92' lang='grc' dir='ltr'><strong><em>σοῦ</em></strong></span> <span class='ocrx_word' id='word_1_218' title='bbox 973 2557 1094 2639; x_wconf 78' lang='grc' dir='ltr'><strong><em>δωρεάν.</em></strong></span> <span class='ocrx_word' id='word_1_219' title='bbox 1137 2556 1185 2621; x_wconf 86' lang='grc' dir='ltr'><strong><em>Ἐν</em></strong></span> <span class='ocrx_word' id='word_1_220' title='bbox 1203 2563 1318 2646; x_wconf 74' lang='grc' dir='ltr'><strong><em>νηστείᾳ</em></strong></span> <span class='ocrx_word' id='word_1_221' title='bbox 1335 2561 1386 2623; x_wconf 85' lang='grc' dir='ltr'><strong><em>καὶ</em></strong></span> 
     </span>
     <span class='ocr_line' id='line_1_24' title="bbox 235 2654 1387 2749; baseline -0.001 -23"><span class='ocrx_word' id='word_1_222' title='bbox 235 2660 303 2749; x_wconf 75' lang='grc' dir='ltr'><strong><em>εύχῇ</em></strong></span> <span class='ocrx_word' id='word_1_223' title='bbox 328 2665 412 2740; x_wconf 88' lang='grc' dir='ltr'><strong><em>ἐσμεν</em></strong></span> <span class='ocrx_word' id='word_1_224' title='bbox 434 2658 484 2722; x_wconf 88' lang='grc' dir='ltr'><strong><em>τόν</em></strong></span> <span class='ocrx_word' id='word_1_225' title='bbox 502 2656 604 2721; x_wconf 84' lang='grc' dir='ltr'><strong><em>κοινόν</em></strong></span> <span class='ocrx_word' id='word_1_226' title='bbox 617 2654 702 2738; x_wconf 77' lang='grc' dir='ltr'><strong><em>ἡμῶν</em></strong></span> <span class='ocrx_word' id='word_1_227' title='bbox 716 2655 843 2736; x_wconf 83' lang='grc' dir='ltr'><strong><em>όδελφόν</em></strong></span> <span class='ocrx_word' id='word_1_228' title='bbox 858 2661 997 2738; x_wconf 88' lang='grc' dir='ltr'><strong><em>δεχθέντα</em></strong></span> <span class='ocrx_word' id='word_1_229' title='bbox 1011 2655 1070 2722; x_wconf 86' lang='grc' dir='ltr'><strong><em>ύπό</em></strong></span> <span class='ocrx_word' id='word_1_230' title='bbox 1087 2666 1139 2741; x_wconf 82' lang='grc' dir='ltr'><strong><em>τῆς</em></strong></span> <span class='ocrx_word' id='word_1_231' title='bbox 1154 2669 1208 2742; x_wconf 74' lang='grc' dir='ltr'><strong><em>σῆς</em></strong></span> <span class='ocrx_word' id='word_1_232' title='bbox 1223 2661 1387 2741; x_wconf 91' lang='grc' dir='ltr'><strong><em>τιμιότητος</em></strong></span> 
     </span>
     <span class='ocr_line' id='line_1_25' title="bbox 237 2755 1386 2844; baseline -0.001 -19"><span class='ocrx_word' id='word_1_233' title='bbox 237 2759 368 2842; x_wconf 83' lang='grc' dir='ltr'><strong><em>όσμένως</em></strong></span> <span class='ocrx_word' id='word_1_234' title='bbox 381 2762 431 2822; x_wconf 88' lang='grc' dir='ltr'><strong><em>καὶ</em></strong></span> <span class='ocrx_word' id='word_1_235' title='bbox 445 2763 564 2838; x_wconf 87' lang='grc' dir='ltr'><strong><em>κομίσαι</em></strong></span> <span class='ocrx_word' id='word_1_236' title='bbox 580 2756 633 2839; x_wconf 77' lang='grc' dir='ltr'><strong><em>την</em></strong></span> <span class='ocrx_word' id='word_1_237' title='bbox 647 2755 704 2822; x_wconf 86' lang='grc' dir='ltr'><strong><em>ύπό</em></strong></span> <span class='ocrx_word' id='word_1_238' title='bbox 722 2766 775 2823; x_wconf 91' lang='grc' dir='ltr'><strong><em>σοῦ</em></strong></span> <span class='ocrx_word' id='word_1_239' title='bbox 791 2763 996 2842; x_wconf 86' lang='grc' dir='ltr'><strong><em>δεδωρημένην</em></strong></span> <span class='ocrx_word' id='word_1_240' title='bbox 1012 2761 1126 2844; x_wconf 81' lang='grc' dir='ltr'><strong><em>δωρεύν</em></strong></span> <span class='ocrx_word' id='word_1_241' title='bbox 1140 2766 1190 2826; x_wconf 86' lang='grc' dir='ltr'><strong><em>καῖ</em></strong></span> <span class='ocrx_word' id='word_1_242' title='bbox 1208 2762 1302 2837; x_wconf 86' lang='grc' dir='ltr'><strong><em>ούτως</em></strong></span> <span class='ocrx_word' id='word_1_243' title='bbox 1317 2761 1386 2826; x_wconf 78' lang='grc' dir='ltr'><strong><em>τίνα-</em></strong></span> 
     </span>
     <span class='ocr_line' id='line_1_26' title="bbox 237 2858 1385 2951; baseline 0.002 -27"><span class='ocrx_word' id='word_1_244' title='bbox 237 2862 354 2942; x_wconf 86' lang='grc' dir='ltr'><strong><em>πέμψαι</em></strong></span> <span class='ocrx_word' id='word_1_245' title='bbox 368 2858 421 2933; x_wconf 79' lang='grc' dir='ltr'><strong><em>τοῖς</em></strong></span> <span class='ocrx_word' id='word_1_246' title='bbox 435 2862 463 2934; x_wconf 83' lang='grc' dir='ltr'><strong><em>ἐξ</em></strong></span> <span class='ocrx_word' id='word_1_247' title='bbox 478 2862 569 2935; x_wconf 81' lang='grc' dir='ltr'><strong><em>ἐθους</em></strong></span> <span class='ocrx_word' id='word_1_248' title='bbox 589 2858 710 2943; x_wconf 57' lang='grc' dir='ltr'><strong><em>Ιθεύχός</em></strong></span> <span class='ocrx_word' id='word_1_249' title='bbox 728 2863 816 2943; x_wconf 79' lang='grc' dir='ltr'><strong><em>πατρὶ</em></strong></span> <span class='ocrx_word' id='word_1_250' title='bbox 830 2863 879 2924; x_wconf 84' lang='grc' dir='ltr'><strong><em>καὶ</em></strong></span> <span class='ocrx_word' id='word_1_251' title='bbox 895 2865 951 2950; x_wconf 69' lang='grc' dir='ltr'><strong><em>υίχῦ</em></strong></span> <span class='ocrx_word' id='word_1_252' title='bbox 966 2865 1015 2926; x_wconf 80' lang='grc' dir='ltr'><strong><em>καὶ</em></strong></span> <span class='ocrx_word' id='word_1_253' title='bbox 1032 2861 1105 2951; x_wconf 80' lang='grc' dir='ltr'><strong><em>όγίῳ</em></strong></span> <span class='ocrx_word' id='word_1_254' title='bbox 1119 2863 1268 2944; x_wconf 86' lang='grc' dir='ltr'><strong><em>πνεύματι.</em></strong></span> <span class='ocrx_word' id='word_1_255' title='bbox 1304 2863 1385 2926; x_wconf 83' lang='grc' dir='ltr'><strong><em>Πόν-</em></strong></span> 
     </span>
     <span class='ocr_line' id='line_1_27' title="bbox 235 2959 1387 3055; baseline 0.004 -32"><span class='ocrx_word' id='word_1_256' title='bbox 235 2986 283 3037; x_wconf 85' lang='grc' dir='ltr'><strong><em>τες</em></strong></span> <span class='ocrx_word' id='word_1_257' title='bbox 298 2964 459 3037; x_wconf 79' lang='grc' dir='ltr'><strong><em>ἐλπίζουσιν</em></strong></span> <span class='ocrx_word' id='word_1_258' title='bbox 475 2965 505 3025; x_wconf 85' lang='grc' dir='ltr'><strong><em>οῖ</em></strong></span> <span class='ocrx_word' id='word_1_259' title='bbox 518 2959 641 3041; x_wconf 83' lang='grc' dir='ltr'><strong><em>ύδελφολ</em></strong></span> <span class='ocrx_word' id='word_1_260' title='bbox 656 2971 691 3052; x_wconf 71' lang='grc' dir='ltr'><strong><em>τῇ</em></strong></span> <span class='ocrx_word' id='word_1_261' title='bbox 705 2961 764 3027; x_wconf 88' lang='grc' dir='ltr'><strong><em>ύπό</em></strong></span> <span class='ocrx_word' id='word_1_262' title='bbox 783 2971 837 3026; x_wconf 88' lang='grc' dir='ltr'><strong><em>σοῦ</em></strong></span> <span class='ocrx_word' id='word_1_263' title='bbox 856 2961 924 3052; x_wconf 74' lang='grc' dir='ltr'><strong><em>εύχῇ</em></strong></span> <span class='ocrx_word' id='word_1_264' title='bbox 940 2961 1015 3047; x_wconf 78' lang='grc' dir='ltr'><strong><em>ῦπέρ</em></strong></span> <span class='ocrx_word' id='word_1_265' title='bbox 1033 2963 1131 3029; x_wconf 77' lang='grc' dir='ltr'><strong><em>αὐτῶν</em></strong></span> <span class='ocrx_word' id='word_1_266' title='bbox 1148 2967 1305 3055; x_wconf 82' lang='grc' dir='ltr'><strong><em>γιγνομένη</em></strong></span> <span class='ocrx_word' id='word_1_267' title='bbox 1321 2986 1387 3047; x_wconf 88' lang='grc' dir='ltr'><strong><em>στη-</em></strong></span> 
     </span>
     <span class='ocr_line' id='line_1_28' title="bbox 236 3064 1387 3150; baseline 0.003 -21"><span class='ocrx_word' id='word_1_268' title='bbox 236 3070 383 3150; x_wconf 80' lang='grc' dir='ltr'><strong><em>ριχθῆναι.</em></strong></span> <span class='ocrx_word' id='word_1_269' title='bbox 429 3069 663 3147; x_wconf 87' lang='grc' dir='ltr'><strong><em>Παρακαλοῦμεν</em></strong></span> <span class='ocrx_word' id='word_1_270' title='bbox 680 3064 719 3147; x_wconf 79' lang='grc' dir='ltr'><strong><em>μὴ</em></strong></span> <span class='ocrx_word' id='word_1_271' title='bbox 737 3064 858 3145; x_wconf 79' lang='grc' dir='ltr'><strong><em>όκνῆσαι</em></strong></span> <span class='ocrx_word' id='word_1_272' title='bbox 873 3070 1049 3146; x_wconf 89' lang='grc' dir='ltr'><strong><em>μεταδοῦναι</em></strong></span> <span class='ocrx_word' id='word_1_273' title='bbox 1067 3067 1152 3150; x_wconf 75' lang='grc' dir='ltr'><strong><em>χάριν</em></strong></span> <span class='ocrx_word' id='word_1_274' title='bbox 1175 3067 1282 3149; x_wconf 76' lang='grc' dir='ltr'><strong><em>θεϊκήν</em></strong></span> <span class='ocrx_word' id='word_1_275' title='bbox 1307 3071 1387 3149; x_wconf 87' lang='grc' dir='ltr'><strong><em>ἐσχη-</em></strong></span> 
     </span>
     <span class='ocr_line' id='line_1_29' title="bbox 235 3161 1387 3257; baseline 0.002 -27"><span class='ocrx_word' id='word_1_276' title='bbox 235 3166 309 3233; x_wconf 85' lang='grc' dir='ltr'><strong><em>κότα</em></strong></span> <span class='ocrx_word' id='word_1_277' title='bbox 331 3161 512 3229; x_wconf 84' lang='grc' dir='ltr'><strong><em>ύποστόλων.</em></strong></span> <span class='ocrx_word' id='word_1_278' title='bbox 559 3165 672 3240; x_wconf 84' lang='grc' dir='ltr'><strong><em>Πόντες</em></strong></span> <span class='ocrx_word' id='word_1_279' title='bbox 691 3170 721 3229; x_wconf 84' lang='grc' dir='ltr'><strong><em>οἱ</em></strong></span> <span class='ocrx_word' id='word_1_280' title='bbox 737 3169 836 3250; x_wconf 86' lang='grc' dir='ltr'><strong><em>μικροὶ</em></strong></span> <span class='ocrx_word' id='word_1_281' title='bbox 859 3169 968 3242; x_wconf 83' lang='grc' dir='ltr'><strong><em>ἐντοῖς</em></strong></span> <span class='ocrx_word' id='word_1_282' title='bbox 985 3169 1128 3251; x_wconf 86' lang='grc' dir='ltr'><strong><em>μόνδραις</em></strong></span> <span class='ocrx_word' id='word_1_283' title='bbox 1144 3168 1225 3244; x_wconf 88' lang='grc' dir='ltr'><strong><em>όντες</em></strong></span> <span class='ocrx_word' id='word_1_284' title='bbox 1243 3167 1329 3251; x_wconf 72' lang='grc' dir='ltr'><strong><em>εύχύν</em></strong></span> <span class='ocrx_word' id='word_1_285' title='bbox 1345 3184 1387 3257; x_wconf 75' lang='grc' dir='ltr'><strong><em>τῷ</em></strong></span> 
     </span>
    </p>
   </div>
   <div class='ocr_carea' id='block_1_3' title="bbox 234 3264 1389 3658">
    <p class='ocr_par' dir='ltr' id='par_1_3' title="bbox 234 3264 1389 3658">
     <span class='ocr_line' id='line_1_30' title="bbox 234 3264 1387 3365; baseline 0.002 -31"><span class='ocrx_word' id='word_1_286' title='bbox 234 3275 377 3365; x_wconf 80' lang='grc' dir='ltr'><strong><em>κρείττονι</em></strong></span> <span class='ocrx_word' id='word_1_287' title='bbox 396 3264 616 3348; x_wconf 82' lang='grc' dir='ltr'><strong><em>ύναπέμπουσι,</em></strong></span> <span class='ocrx_word' id='word_1_288' title='bbox 645 3272 815 3348; x_wconf 88' lang='grc' dir='ltr'><strong><em>μεταλαβεῖν</em></strong></span> <span class='ocrx_word' id='word_1_289' title='bbox 832 3265 890 3332; x_wconf 79' lang='grc' dir='ltr'><strong><em>οίπό</em></strong></span> <span class='ocrx_word' id='word_1_290' title='bbox 909 3277 961 3350; x_wconf 78' lang='grc' dir='ltr'><strong><em>τῆς</em></strong></span> <span class='ocrx_word' id='word_1_291' title='bbox 980 3279 1033 3351; x_wconf 78' lang='grc' dir='ltr'><strong><em>σῆς</em></strong></span> <span class='ocrx_word' id='word_1_292' title='bbox 1049 3275 1217 3351; x_wconf 87' lang='grc' dir='ltr'><strong><em>θεοσεβείας</em></strong></span> <span class='ocrx_word' id='word_1_293' title='bbox 1231 3296 1387 3353; x_wconf 75' lang='grc' dir='ltr'><strong><em>πνευματι·</em></strong></span> 
     </span>
     <span class='ocr_line' id='line_1_31' title="bbox 237 3366 1389 3458; baseline 0.003 -25"><span class='ocrx_word' id='word_1_294' title='bbox 237 3369 293 3452; x_wconf 73' lang='grc' dir='ltr'><strong><em>κήν</em></strong></span> <span class='ocrx_word' id='word_1_295' title='bbox 310 3369 432 3454; x_wconf 88' lang='grc' dir='ltr'><strong><em>δωρεύν.</em></strong></span> <span class='ocrx_word' id='word_1_296' title='bbox 475 3366 655 3452; x_wconf 78' lang='grc' dir='ltr'><strong><em>Ἐββωμένος</em></strong></span> <span class='ocrx_word' id='word_1_297' title='bbox 670 3369 700 3432; x_wconf 90' lang='grc' dir='ltr'><strong><em>ἐν</em></strong></span> <span class='ocrx_word' id='word_1_298' title='bbox 717 3373 809 3455; x_wconf 82' lang='grc' dir='ltr'><strong><em>κυρίῳ</em></strong></span> <span class='ocrx_word' id='word_1_299' title='bbox 826 3371 876 3433; x_wconf 80' lang='grc' dir='ltr'><strong><em>καὶ</em></strong></span> <span class='ocrx_word' id='word_1_300' title='bbox 893 3370 1026 3453; x_wconf 87' lang='grc' dir='ltr'><strong><em>εύθυμος</em></strong></span> <span class='ocrx_word' id='word_1_301' title='bbox 1043 3374 1074 3436; x_wconf 88' lang='grc' dir='ltr'><strong><em>έν</em></strong></span> <span class='ocrx_word' id='word_1_302' title='bbox 1092 3379 1210 3458; x_wconf 77' lang='grc' dir='ltr'><strong><em>Χριστῷ</em></strong></span> <span class='ocrx_word' id='word_1_303' title='bbox 1227 3376 1389 3455; x_wconf 89' lang='grc' dir='ltr'><strong><em>διατελοίης</em></strong></span> 
     </span>
     <span class='ocr_line' id='line_1_32' title="bbox 239 3468 1388 3562; baseline 0.003 -29"><span class='ocrx_word' id='word_1_304' title='bbox 239 3472 289 3534; x_wconf 81' lang='grc' dir='ltr'><strong><em>καλ</em></strong></span> <span class='ocrx_word' id='word_1_305' title='bbox 310 3475 341 3535; x_wconf 88' lang='grc' dir='ltr'><strong><em>ἐν</em></strong></span> <span class='ocrx_word' id='word_1_306' title='bbox 358 3470 431 3562; x_wconf 81' lang='grc' dir='ltr'><strong><em>ύχίῳ</em></strong></span> <span class='ocrx_word' id='word_1_307' title='bbox 452 3470 593 3554; x_wconf 88' lang='grc' dir='ltr'><strong><em>πνεύματι</em></strong></span> <span class='ocrx_word' id='word_1_308' title='bbox 612 3468 662 3533; x_wconf 89' lang='grc' dir='ltr'><strong><em>τόν</em></strong></span> <span class='ocrx_word' id='word_1_309' title='bbox 685 3472 859 3534; x_wconf 60' lang='grc' dir='ltr'><strong><em>Ἣ)δοθε’ντα</em></strong></span> <span class='ocrx_word' id='word_1_310' title='bbox 878 3492 926 3536; x_wconf 93' lang='grc' dir='ltr'><strong><em>σοι</em></strong></span> <span class='ocrx_word' id='word_1_311' title='bbox 941 3472 1058 3557; x_wconf 90' lang='grc' dir='ltr'><strong><em>θρόνον</em></strong></span> <span class='ocrx_word' id='word_1_312' title='bbox 1073 3476 1124 3536; x_wconf 82' lang='grc' dir='ltr'><strong><em>καὶ</em></strong></span> <span class='ocrx_word' id='word_1_313' title='bbox 1138 3472 1192 3553; x_wconf 73' lang='grc' dir='ltr'><strong><em>τὴν</em></strong></span> <span class='ocrx_word' id='word_1_314' title='bbox 1207 3472 1315 3554; x_wconf 79' lang='grc' dir='ltr'><strong><em>θεϊκίχν</em></strong></span> <span class='ocrx_word' id='word_1_315' title='bbox 1333 3478 1388 3538; x_wconf 90' lang='grc' dir='ltr'><strong><em>δω-</em></strong></span> 
     </span>
     <span class='ocr_line' id='line_1_33' title="bbox 241 3569 946 3658; baseline 0.004 -25"><span class='ocrx_word' id='word_1_316' title='bbox 241 3569 326 3656; x_wconf 81' lang='grc' dir='ltr'><strong><em>ρείιν,</em></strong></span> <span class='ocrx_word' id='word_1_317' title='bbox 348 3576 428 3658; x_wconf 82' lang='grc' dir='ltr'><strong><em>μέχρι</em></strong></span> <span class='ocrx_word' id='word_1_318' title='bbox 448 3583 502 3640; x_wconf 83' lang='grc' dir='ltr'><strong><em>τοῦ</em></strong></span> <span class='ocrx_word' id='word_1_319' title='bbox 524 3595 555 3639; x_wconf 91' lang='grc' dir='ltr'><strong><em>σε</em></strong></span> <span class='ocrx_word' id='word_1_320' title='bbox 578 3572 768 3654; x_wconf 85' lang='grc' dir='ltr'><strong><em>ἐκδεχομένου</em></strong></span> <span class='ocrx_word' id='word_1_321' title='bbox 790 3572 946 3651; x_wconf 81' lang='grc' dir='ltr'><strong><em>στεφάνου.</em></strong></span> 
     </span>
    </p>
   </div>
   <div class='ocr_carea' id='block_1_4' title="bbox 273 3772 1389 4182">
    <p class='ocr_par' dir='ltr' id='par_1_4' title="bbox 278 3772 1388 3844">
     <span class='ocr_line' id='line_1_34' title="bbox 278 3772 1388 3844; baseline 0.007 -19"><span class='ocrx_word' id='word_1_322' title='bbox 278 3777 316 3827; x_wconf 82' lang='grc'><strong><em>15.</em></strong></span> <span class='ocrx_word' id='word_1_323' title='bbox 334 3772 395 3839; x_wconf 68' lang='grc' dir='ltr'><strong><em>ἡμῖν</em></strong></span> <span class='ocrx_word' id='word_1_324' title='bbox 413 3773 461 3829; x_wconf 81' lang='grc' dir='ltr'><strong><em>όπδ</em></strong></span> <span class='ocrx_word' id='word_1_325' title='bbox 480 3785 530 3831; x_wconf 86' lang='lat' dir='ltr'><strong>cod.</strong></span> <span class='ocrx_word' id='word_1_326' title='bbox 550 3786 624 3832; x_wconf 79' lang='lat' dir='ltr'><strong><em>Venet.</em></strong></span> <span class='ocrx_word' id='word_1_327' title='bbox 832 3777 883 3828; x_wconf 80' lang='lat' dir='ltr'><strong>filio</strong></span> <span class='ocrx_word' id='word_1_328' title='bbox 899 3788 925 3828; x_wconf 82' lang='lat' dir='ltr'><strong><em>et</em></strong></span> <span class='ocrx_word' id='word_1_329' title='bbox 940 3777 1037 3844; x_wconf 78' lang='lat' dir='ltr'>spiritui</span> <span class='ocrx_word' id='word_1_330' title='bbox 1052 3788 1139 3828; x_wconf 76' lang='lat' dir='ltr'><strong>sancto</strong></span> <span class='ocrx_word' id='word_1_331' title='bbox 1152 3779 1321 3830; x_wconf 76' lang='lat' dir='ltr'>transmittat¹&#39;</span> <span class='ocrx_word' id='word_1_332' title='bbox 1336 3797 1388 3833; x_wconf 80' lang='lat' dir='ltr'><strong><em>ver·</em></strong></span> 
     </span>
    </p>

    <p class='ocr_par' dir='ltr' id='par_1_5' title="bbox 279 3840 1011 3907">
     <span class='ocr_line' id='line_1_35' title="bbox 279 3840 1011 3907; baseline 0.001 -12"><span class='ocrx_word' id='word_1_333' title='bbox 279 3844 315 3895; x_wconf 80' lang='lat'><strong><em>16.</em></strong></span> <span class='ocrx_word' id='word_1_334' title='bbox 335 3840 421 3907; x_wconf 71' lang='grc' dir='ltr'><strong><em>σωτίρ</em></strong></span> <span class='ocrx_word' id='word_1_335' title='bbox 438 3848 489 3893; x_wconf 86' lang='lat' dir='ltr'><strong>cod.</strong></span> <span class='ocrx_word' id='word_1_336' title='bbox 508 3852 581 3899; x_wconf 72' lang='lat' dir='ltr'>venet.</span> <span class='ocrx_word' id='word_1_337' title='bbox 832 3851 859 3897; x_wconf 74' lang='lat' dir='ltr'><strong><em>tit</em></strong></span> <span class='ocrx_word' id='word_1_338' title='bbox 877 3850 1011 3898; x_wconf 74' lang='lat' dir='ltr'><strong><em>comorius.</em></strong></span> 
     </span>
    </p>

    <p class='ocr_par' dir='ltr' id='par_1_6' title="bbox 278 3909 1389 3980">
     <span class='ocr_line' id='line_1_36' title="bbox 278 3909 1389 3980; baseline 0.002 -17"><span class='ocrx_word' id='word_1_339' title='bbox 278 3912 315 3965; x_wconf 79' lang='lat'><strong><em>17.</em></strong></span> <span class='ocrx_word' id='word_1_340' title='bbox 333 3909 505 3977; x_wconf 59' lang='grc' dir='ltr'><strong><em>φυλάττεσθαι</em></strong></span> <span class='ocrx_word' id='word_1_341' title='bbox 520 3919 570 3964; x_wconf 83' lang='grc' dir='ltr'><strong><em>ωδ.</em></strong></span> <span class='ocrx_word' id='word_1_342' title='bbox 592 3921 665 3968; x_wconf 77' lang='lat' dir='ltr'><em>Venet.</em></span> <span class='ocrx_word' id='word_1_343' title='bbox 866 3915 907 3964; x_wconf 68' lang='lat'><strong><em>20.</em></strong></span> <span class='ocrx_word' id='word_1_344' title='bbox 925 3917 960 3964; x_wconf 79' lang='grc' dir='ltr'><strong><em>Ιλο</em></strong></span> <span class='ocrx_word' id='word_1_345' title='bbox 980 3917 1033 3963; x_wconf 77' lang='lat' dir='ltr'><strong><em>libri</em></strong></span> <span class='ocrx_word' id='word_1_346' title='bbox 1048 3930 1133 3966; x_wconf 83' lang='grc' dir='ltr'><strong><em>οοιιιτι.</em></strong></span> <span class='ocrx_word' id='word_1_347' title='bbox 1167 3920 1260 3980; x_wconf 74' lang='lat' dir='ltr'><strong><em>Aliquid</em></strong></span> <span class='ocrx_word' id='word_1_348' title='bbox 1277 3921 1389 3968; x_wconf 75' lang='lat' dir='ltr'><strong><em>excidisse</em></strong></span> 
     </span>
    </p>

    <p class='ocr_par' dir='ltr' id='par_1_7' title="bbox 278 3981 1389 4047">
     <span class='ocr_line' id='line_1_37' title="bbox 278 3981 1389 4047; baseline 0.001 -16"><span class='ocrx_word' id='word_1_349' title='bbox 278 3983 315 4032; x_wconf 63' lang='lat'><strong><em>15.</em></strong></span> <span class='ocrx_word' id='word_1_350' title='bbox 335 3995 365 4030; x_wconf 80' lang='grc' dir='ltr'><strong><em>σε</em></strong></span> <span class='ocrx_word' id='word_1_351' title='bbox 381 3995 427 4028; x_wconf 82' lang='lat' dir='ltr'><strong><em>uon</em></strong></span> <span class='ocrx_word' id='word_1_352' title='bbox 444 3981 511 4029; x_wconf 76' lang='grc' dir='ltr'><strong><em>λοῡιλ</em></strong></span> <span class='ocrx_word' id='word_1_353' title='bbox 531 3985 602 4033; x_wconf 72' lang='lat' dir='ltr'>venet.</span> <span class='ocrx_word' id='word_1_354' title='bbox 621 3989 683 4036; x_wconf 78' lang='grc' dir='ltr'><strong><em>λῖοττ.</em></strong></span> <span class='ocrx_word' id='word_1_355' title='bbox 833 3986 997 4045; x_wconf 75' lang='lat' dir='ltr'><strong><em>suspicabatur</em></strong></span> <span class='ocrx_word' id='word_1_356' title='bbox 1005 3986 1122 4046; x_wconf 79' lang='lat' dir='ltr'><strong><em>Petavius,</em></strong></span> <span class='ocrx_word' id='word_1_357' title='bbox 1132 3991 1259 4036; x_wconf 75' lang='lat' dir='ltr'><strong><em>retractans</em></strong></span> <span class='ocrx_word' id='word_1_358' title='bbox 1270 4000 1350 4047; x_wconf 82' lang='grc' dir='ltr'><strong><em>κτοιμτ</em></strong></span> <span class='ocrx_word' id='word_1_359' title='bbox 1361 3998 1389 4033; x_wconf 82' lang='grc' dir='ltr'><strong><em>τε</em></strong></span> 
     </span>
    </p>

    <p class='ocr_par' dir='ltr' id='par_1_8' title="bbox 273 4046 1389 4182">
     <span class='ocr_line' id='line_1_38' title="bbox 273 4046 1389 4121; baseline 0 -21"><span class='ocrx_word' id='word_1_360' title='bbox 273 4047 314 4100; x_wconf 80' lang='lat'><strong><em>19.</em></strong></span> <span class='ocrx_word' id='word_1_361' title='bbox 334 4056 376 4108; x_wconf 74' lang='lat' dir='ltr'><strong><em>„et</em></strong></span> <span class='ocrx_word' id='word_1_362' title='bbox 390 4046 426 4097; x_wconf 74' lang='lat' dir='ltr'><strong><em>sic</em></strong></span> <span class='ocrx_word' id='word_1_363' title='bbox 441 4057 571 4098; x_wconf 71' lang='lat' dir='ltr'><strong>consueta·</strong></span> <span class='ocrx_word' id='word_1_364' title='bbox 585 4067 670 4114; x_wconf 71' lang='lat' dir='ltr'>preces</span> <span class='ocrx_word' id='word_1_365' title='bbox 688 4053 751 4121; x_wconf 72' lang='lat' dir='ltr'>patri</span> <span class='ocrx_word' id='word_1_366' title='bbox 766 4061 791 4101; x_wconf 83' lang='lat' dir='ltr'><strong><em>et</em></strong></span> <span class='ocrx_word' id='word_1_367' title='bbox 833 4054 979 4102; x_wconf 73' lang='lat' dir='ltr'><strong><em>accusativos</em></strong></span> <span class='ocrx_word' id='word_1_368' title='bbox 1001 4049 1043 4104; x_wconf 79' lang='grc' dir='ltr'><strong><em>τὸν</em></strong></span> <span class='ocrx_word' id='word_1_369' title='bbox 1060 4052 1165 4106; x_wconf 59' lang='grc' dir='ltr'><strong><em>δοθέντα</em></strong></span> <span class='ocrx_word' id='word_1_370' title='bbox 1182 4051 1267 4118; x_wconf 63' lang='grc' dir='ltr'><strong><em>θρόνον</em></strong></span> <span class='ocrx_word' id='word_1_371' title='bbox 1290 4056 1320 4104; x_wconf 85' lang='lat' dir='ltr'><strong><em>ab</em></strong></span> <span class='ocrx_word' id='word_1_372' title='bbox 1338 4056 1389 4114; x_wconf 81' lang='grc' dir='ltr'><strong><em>ι’μιο</em></strong></span> 
     </span>
     <span class='ocr_line' id='line_1_39' title="bbox 833 4122 1236 4182; baseline 0.002 -11"><span class='ocrx_word' id='word_1_373' title='bbox 833 4123 901 4171; x_wconf 81' lang='lat' dir='ltr'><strong><em>verbo</em></strong></span> <span class='ocrx_word' id='word_1_374' title='bbox 919 4122 1039 4172; x_wconf 79' lang='grc' dir='ltr'><strong><em>διατελεῖν</em></strong></span> <span class='ocrx_word' id='word_1_375' title='bbox 1056 4127 1121 4182; x_wconf 69' lang='lat' dir='ltr'><strong><em>apros</em></strong></span> <span class='ocrx_word' id='word_1_376' title='bbox 1137 4125 1236 4172; x_wconf 72' lang='lat' dir='ltr'><strong><em>haberet.</em></strong></span> 
     </span>
    </p>
   </div>
   <div class='ocr_carea' id='block_1_5' title="bbox 1209 4258 1220 4287">
    <p class='ocr_par' dir='ltr' id='par_1_9' title="bbox 1209 4258 1220 4287">
     <span class='ocr_line' id='line_1_40' title="bbox 1209 4258 1220 4287; baseline 0 0"><span class='ocrx_word' id='word_1_377' title='bbox 1209 4258 1220 4287; x_wconf 67' lang='lat' dir='ltr'><strong><em>t</em></strong></span> 
     </span>
    </p>
   </div>
   <div class='ocr_carea' id='block_1_6' title="bbox 714 4309 910 4317">
    <p class='ocr_par' dir='ltr' id='par_1_10' title="bbox 714 4309 910 4317">
     <span class='ocr_line' id='line_1_41' title="bbox 714 4309 910 4317; baseline -0.01 0"><span class='ocrx_word' id='word_1_378' title='bbox 714 4309 833 4317; x_wconf 74' lang='lat'><strong>---.-—-</strong></span> <span class='ocrx_word' id='word_1_379' title='bbox 842 4311 870 4316; x_wconf 86' lang='lat'>...-</span> <span class='ocrx_word' id='word_1_380' title='bbox 883 4311 910 4316; x_wconf 86' lang='lat'>....</span> 
     </span>
    </p>
   </div>
   <div class='ocr_carea' id='block_1_7' title="bbox 0 0 1534 5084">
    <p class='ocr_par' dir='ltr' id='par_1_11' title="bbox 0 0 1534 5084">
     <span class='ocr_line' id='line_1_42' title="bbox 0 0 1534 5084; baseline 0 0"><span class='ocrx_word' id='word_1_381' title='bbox 0 0 1534 5084; x_wconf 95' lang='lat' dir='ltr'><strong><em> </em></strong></span> 
     </span>
    </p>
   </div>
  </div>
 </body>
</html>
