3046 5084
393 338 529 393 Panaeti
545 339 610 391 mea
623 341 643 392 l.
658 340 740 393 ΤΟΜ.
752 341 785 393 ll.
802 342 900 393 HAER.
914 342 1003 391 XXX.
1207 330 1269 390 249

131 457 197 522 citis
210 459 352 524 ministris
373 479 477 542 aquam
498 457 599 519 iulerri
620 456 718 537 inhct,
741 470 876 541 tauquam
899 458 1063 543 aegrotanti
1087 459 1270 541 patriarchae

128 560 220 623 morbi
236 563 378 644 quoddam
400 580 440 622 ex
462 578 539 637 aqua
560 559 719 621 remedium
735 578 839 641 parare
855 560 955 622 vellet.
1000 557 1045 621 llli
1061 559 1127 641 qnid
1143 570 1272 623 strueret

128 661 222 745 ignari
241 663 383 747 imperata
406 659 529 722 iaciunt.
575 655 646 721 lude
661 659 864 721 verecundiam
883 660 1041 737 simulans,
1067 668 1096 720 et
1118 660 1270 722 universos

129 762 210 827 abire
226 763 330 827 iubens
347 759 512 846 patriarcha
531 779 617 823 sacro
633 758 805 842 baptismate
826 780 861 822 ac
882 760 987 823 divinis
1009 762 1156 845 mysteriis
1177 763 1272 824 initia·

128 873 176 927 tus
198 875 255 929 cst.

211 963 288 1026 Mihi
309 983 383 1026 vcro
403 963 474 1026 haec
496 959 616 1025 addixi
635 962 733 1025 omnia
752 959 893 1046 Iosephus
914 963 976 1047 ipse
996 962 1144 1026 narrabat.
1191 961 1273 1024 llaec
1293 969 1352 1036 cop.
1369 970 1399 1021 v,

127 1067 248 1148 iuquam
265 1085 324 1126 nou
342 1064 457 1127 aliunde
475 1085 560 1148 qnam
582 1085 621 1126 ex
639 1063 762 1147 ipsomet
779 1065 856 1127 illius
878 1085 930 1126 ore
951 1064 1053 1141 didici,
1083 1085 1148 1127 cnm
1168 1065 1273 1129 allecta

128 1167 187 1230 iam
204 1176 302 1229 aetate
317 1167 402 1243 iuret,
420 1187 455 1228 ac
468 1162 562 1228 Lxx
577 1165 640 1249 plus
659 1165 753 1228 miuns
769 1187 876 1228 anunm
894 1177 1007 1248 ageret.
1042 1165 1089 1228 Ad
1108 1166 1183 1228 huno
1198 1163 1273 1250 Scy·

129 1266 240 1350 thopnli
259 1266 449 1345 diverterem,
479 1286 537 1350 qno
555 1286 588 1329 se
606 1265 764 1331 Tiberiade
782 1268 829 1330 ille
848 1268 1027 1344 contulerat,
1060 1266 1155 1350 ibique
1175 1268 1272 1351 splen-

131 1368 198 1431 dida
214 1369 353 1451 quaedam
370 1368 499 1431 aedilicia
514 1367 570 1431 sibi
585 1367 814 1452 comparaveratss
848 1368 925 1432 'l'um
940 1369 1016 1431 euim
1031 1366 1178 1431 Eusebius
1197 1366 1272 1431 Ver·

131 1469 268 1532 cellensis
284 1469 313 1533 iu
330 1466 413 1531 ltalia
428 1469 599 1554 episcopus,
622 1491 638 1532 a
657 1465 832 1534 Constantio
849 1472 887 1534 nb
902 1472 967 1534 idei
983 1471 1180 1552 integritatem
1199 1491 1272 1532 exn-

131 1571 193 1634 lare
212 1571 324 1650 iussus,
353 1570 389 1632 ab
407 1570 457 1632 illo
475 1570 600 1655 hospitio
619 1581 684 1634 erat
703 1583 857 1656 exceptus.
903 1569 995 1636 Cuius
1013 1571 1157 1634 invisendi
1177 1557 1272 1653 gritia

131 1693 196 1735 cnm
217 1692 272 1755 ego
288 1681 318 1734 et
335 1672 442 1734 iratres
462 1672 577 1755 qnidam
597 1671 645 1734 alii
663 1673 863 1749 venissemus,
897 1674 998 1737 iisdem
1017 1694 1071 1736 uos
1088 1673 1207 1736 aedibus
1225 1693 1273 1735 rc-

130 1772 205 1857 cepti
220 1772 336 1835 inimus.
376 1769 433 1836 Ubi
451 1793 517 1834 enm
532 1769 658 1856 losepho
672 1773 852 1836 familiariter
865 1775 988 1850 versati,
1009 1775 1102 1857 doque
1120 1795 1155 1836 eo
1170 1773 1272 1837 scisci·

128 1873 181 1936 tati
204 1872 270 1957 quid
292 1873 348 1957 ipsi
370 1874 484 1936 demum
504 1873 676 1950 accidisset,
709 1875 784 1956 qnod
807 1896 872 1937 enm
893 1877 966 1959 apud
989 1873 1110 1938 ludaeos
1129 1876 1272 1937 illustrem

128 1973 221 2038 luisse
236 1973 397 2054 sciremus,
428 1975 515 2057 quine
533 1983 633 2057 gestae
652 1975 694 2038 rei
713 1985 792 2038 esset
808 1977 897 2052 ordo,
928 1997 963 2037 ac
982 1977 1219 2058 quemadmodum
1236 1976 1273 2038 ad

130 2072 314 2140 Christianos
332 2076 504 2155 transisset,
529 2075 601 2138 haec
617 2076 718 2139 abillo
733 2076 992 2139 omuiaanditinuc
1008 2087 1105 2151 certa,
1129 2098 1186 2138 unu
1202 2076 1273 2138 alie-

130 2197 168 2240 na
191 2177 246 2240 hde
265 2178 419 2261 explorata
440 2177 603 2240 didicimus.
648 2174 732 2259 Quae
752 2198 817 2239 cnm
839 2179 874 2239 ad
895 2176 1019 2238 bdelium
1039 2177 1190 2238 utilitatem
1213 2197 1273 2238 me·

129 2279 222 2342 moria
235 2278 323 2360 digua
340 2277 507 2361 cumprimis
520 2279 707 2356 arbitremur,
731 2288 849 2362 propter
863 2298 915 2341 eos
933 2277 1023 2340 libros
1040 2278 1087 2360 qui
1106 2277 1134 2338 iu
1154 2274 1274 2338 ludaeo-

129 2400 194 2442 rum
211 2379 357 2442 thesauris
375 2390 532 2442 servautur
549 2378 694 2443 Hebraico
713 2400 848 2443 sermone
867 2379 1016 2456 translati,
1046 2399 1119 2462 quae
1140 2381 1173 2440 ad
1194 2375 1274 2439 lose-

131 2481 216 2566 phum
237 2481 317 2542 illum
342 2480 521 2564 pertinerent
541 2481 705 2545 accuratius
727 2481 833 2565 exequi
857 2481 1012 2544 voluimus.
1063 2478 1139 2542 Nam
1165 2480 1190 2542 is
1216 2501 1272 2541 non

130 2584 217 2646 modo
237 2578 423 2645 Christianus
446 2592 526 2662 erat,
558 2603 679 2666 eamque
703 2584 786 2646 tidem
806 2594 993 2667 susceperat,
1025 2584 1077 2646 scd
1100 2591 1128 2642 et
1145 2580 1275 2643 Arianos

131 2703 243 2748 summa
264 2684 383 2747 iufamia
404 2684 583 2747 traducebat.
629 2682 743 2770 Quippe
764 2707 838 2749 nuos
861 2687 923 2770 ipse
945 2696 1054 2748 rectam
1075 2705 1109 2746 ac
1129 2684 1274 2747 sinceram

131 2785 216 2848 iidem
236 2782 406 2870 Scythopoli
429 2786 589 2863 retinebat,
621 2808 687 2849 cum
708 2787 810 2870 reliqui
831 2798 932 2851 esseut
948 2787 1065 2850 Ariani.
1110 2783 1276 2867 Quodnisi

133 2886 248 2949 comitia
263 2887 401 2972 dignitate
420 2887 522 2951 luisset
539 2889 705 2972 praeditos,
738 2899 769 2952 nt
788 2888 833 2951 bic
849 2910 914 2952 eum
934 2889 1028 2952 honor
1043 2888 1078 2950 ab
1097 2888 1273 2950 ariano-on

131 2986 272 3053 violentia
288 2999 435 3064 tueretur,
459 3010 496 3050 ue
512 2990 541 3051 iu
557 2989 619 3074 ipsa
636 2991 755 3073 quidem.
765 2991 836 3054 urhe
851 2991 898 3053 vir
913 2991 961 3054 ille
975 2990 1167 3066 constitisset,
1191 3010 1274 3073 prae-

132 3087 234 3154 sertim
248 3091 302 3154 sub
318 3088 487 3174 Patrophiln
506 3090 620 3153 Auerno
637 3093 794 3176 episcopo,
818 3093 865 3176 qni
886 3102 915 3155 et
935 3093 1037 3177 opibus
1057 3102 1086 3154 et
1105 3089 1274 3154 crudelitate

131 3201 163 3257 et
183 3193 256 3276 apud
277 3192 482 3276 imperatorem
499 3188 703 3256 Constantium
719 3194 914 3258 familiaritate
936 3205 1022 3278 atque
1043 3194 1163 3257 andacia
1186 3190 1274 3276 pluri·

131 3314 210 3358 mum
225 3304 350 3378 poterat.
397 3290 429 3355 lu
445 3293 546 3357 eadem
562 3293 650 3356 etiarn
670 3295 740 3357 urbe
756 3295 871 3379 quidam
888 3306 952 3358 erat
967 3307 1064 3359 aetate
1082 3295 1195 3370 iunior,
1226 3290 1274 3373 qui

133 3415 150 3460 e
165 3392 274 3459 ludaeo
288 3396 436 3458 traductus
451 3395 487 3457 ad
504 3392 652 3459 Christum
667 3397 811 3460 sironeraro
826 3397 909 3460 lidem
923 3396 1078 3472 retinebat,
1103 3396 1185 3476 isque
1200 3393 1275 3474 quod

132 3496 249 3560 minime
272 3496 364 3581 palam
387 3497 525 3576 auderet,
556 3497 716 3560 clanculum
733 3500 768 3562 ad
789 3521 841 3563 uos
860 3499 1008 3563 veniebat.
1055 3494 1113 3558 Sed
1134 3492 1275 3577 losephus

132 3597 257 3682 lepidum
277 3598 411 3683 quiddam
429 3599 513 3662 uobis
536 3620 572 3661 ac
593 3599 743 3664 ridiculum
767 3601 921 3680 narrabat,
955 3620 1009 3663 nec
1028 3595 1127 3659 dubito
1147 3596 1214 3679 quio
1237 3595 1274 3659 sit

133 3701 328 3765 verissimum.
372 3701 483 3765 Aiebat
499 3702 575 3764 enim
592 3712 704 3765 mortua
721 3705 845 3785 coniuge
863 3703 986 3764 veritum
1002 3720 1035 3762 se
1052 3719 1089 3761 ue
1105 3700 1141 3761 ab
1158 3699 1275 3762 Arianis

133 3803 278 3867 uiolenter
293 3802 430 3886 abreptus
444 3803 568 3868 clericus
583 3805 681 3882 lieret,
698 3839 741 3853 -
756 3825 843 3889 saepe
859 3803 934 3866 enirn
950 3801 1055 3863 hlaude
1070 3800 1148 3864 illum
1166 3803 1275 3865 adenu-

134 3915 191 3984 tes,
214 3917 247 3969 ut
261 3906 297 3967 ad
312 3926 394 3968 suram
413 3905 566 3968 factionem
584 3906 722 3968 transiret
735 3906 935 3980 hortabantur,
959 3924 992 3965 ac
1009 3902 1127 3968 maioris
1143 3925 1194 3988 spe
1209 3924 1276 3986 pro·

134 4023 235 4072 cessus
248 4007 425 4086 alliciebant,
442 4015 474 4069 nt
485 4007 533 4070 vel
546 4006 571 4069 si
588 4027 710 4071 necesse
725 4009 803 4071 foret
816 4007 1009 4091 episcopatum
1022 4007 1221 4082 ostenderent,
1234 4040 1275 4048 -

167 4259 192 4314 3.
208 4261 336 4329 Fregellae
345 4267 454 4313 connectit
466 4265 600 4313 Carnarius.
619 4265 690 4313 Petn-
756 4263 779 4314 5.
797 4265 889 4345 Reperio
911 4255 974 4315 oillei
994 4278 1024 4328 γε
1041 4260 1177 4328 κρυφαίως.
1213 4263 1275 4312 Olim

134 4333 178 4380 nlo·
187 4333 278 4392 plecw
293 4330 442 4395 Βερκέλλας.
721 4333 810 4393 paeon
821 4325 884 4383 allai
898 4331 1101 4397 κατακρυφαίως.
1119 4333 1146 4381 la
1155 4332 1206 4380 cod.
1216 4331 1275 4379 uue-

170 4392 195 4447 l.
210 4399 238 4449 lu
249 4401 340 4449 Petunti
353 4402 459 4462 editione,
475 4404 533 4449 certe
546 4401 572 4447 tu
584 4400 690 4460 Ltpsteu·
722 4401 771 4464 dlp.
788 4404 850 4450 catat
865 4392 929 4452 n'lld
944 4399 1123 4466 καικρυφαίως-

135 4467 171 4526 st,
193 4466 365 4518 maadoataatme
381 4473 505 4517 cumulum
523 4467 614 4516 invenio
635 4466 691 4525 πῶς

136 4527 180 4585 τᾶν
195 4530 232 4592 εἰς
246 4532 296 4600 Xp.
