<?xml version="1.0" encoding="UTF-8"?>
<!DOCTYPE html PUBLIC "-//W3C//DTD XHTML 1.0 Transitional//EN"
    "http://www.w3.org/TR/xhtml1/DTD/xhtml1-transitional.dtd">
<html xmlns="http://www.w3.org/1999/xhtml" xml:lang="en" lang="en">
 <head>
  <title>
</title>
<meta http-equiv="Content-Type" content="text/html;charset=utf-8" />
  <meta name='ocr-system' content='tesseract 3.04.00' />
  <meta name='ocr-capabilities' content='ocr_page ocr_carea ocr_par ocr_line ocrx_word'/>
</head>
<body>
  <div class='ocr_page' id='page_1' title='image "./corporishaerese01unkngoog_0510.png"; bbox 0 0 3046 5084; ppageno 0'>
   <div class='ocr_carea' id='block_1_1' title="bbox 365 365 1273 430">
    <p class='ocr_par' dir='ltr' id='par_1_1' title="bbox 365 365 1273 430">
     <span class='ocr_line' id='line_1_1' title="bbox 365 365 1273 430; baseline 0.001 -7"><span class='ocrx_word' id='word_1_1' title='bbox 365 373 501 425; x_wconf 71' lang='lat' dir='ltr'><strong>Pudeat!</strong></span> <span class='ocrx_word' id='word_1_2' title='bbox 517 374 580 427; x_wconf 74' lang='lat' dir='ltr'><strong>utu.</strong></span> <span class='ocrx_word' id='word_1_3' title='bbox 594 376 614 429; x_wconf 90' lang='lat'><strong>1.</strong></span> <span class='ocrx_word' id='word_1_4' title='bbox 631 375 712 430; x_wconf 80' lang='grc' dir='ltr'><strong>ΤΟΜ.</strong></span> <span class='ocrx_word' id='word_1_5' title='bbox 724 377 767 427; x_wconf 88' lang='lat' dir='ltr'><strong>lll.</strong></span> <span class='ocrx_word' id='word_1_6' title='bbox 787 377 885 427; x_wconf 79' lang='lat' dir='ltr'><strong>Hdssll.</strong></span> <span class='ocrx_word' id='word_1_7' title='bbox 899 376 1034 428; x_wconf 83' lang='lat' dir='ltr'><strong>xxxvtr.</strong></span> <span class='ocrx_word' id='word_1_8' title='bbox 1213 365 1273 427; x_wconf 83' lang='lat'><strong>505</strong></span> 
     </span>
    </p>
   </div>
   <div class='ocr_carea' id='block_1_2' title="bbox 125 492 1506 4481">
    <p class='ocr_par' dir='ltr' id='par_1_2' title="bbox 125 492 1283 3344">
     <span class='ocr_line' id='line_1_2' title="bbox 125 492 1276 579; baseline -0.001 -21"><span class='ocrx_word' id='word_1_9' title='bbox 125 493 277 558; x_wconf 89' lang='lat' dir='ltr'><strong>continere</strong></span> <span class='ocrx_word' id='word_1_10' title='bbox 294 492 378 557; x_wconf 88' lang='lat' dir='ltr'><strong>laoile</strong></span> <span class='ocrx_word' id='word_1_11' title='bbox 394 493 631 578; x_wconf 74' lang='lat' dir='ltr'>deprehenditur.</span> <span class='ocrx_word' id='word_1_12' title='bbox 675 493 753 559; x_wconf 88' lang='lat' dir='ltr'><strong>Nam</strong></span> <span class='ocrx_word' id='word_1_13' title='bbox 773 495 797 558; x_wconf 89' lang='lat' dir='ltr'><strong>si</strong></span> <span class='ocrx_word' id='word_1_14' title='bbox 815 493 973 558; x_wconf 88' lang='lat' dir='ltr'><strong>Prnnioum</strong></span> <span class='ocrx_word' id='word_1_15' title='bbox 989 515 1055 558; x_wconf 85' lang='lat' dir='ltr'><strong>esse</strong></span> <span class='ocrx_word' id='word_1_16' title='bbox 1071 495 1195 579; x_wconf 79' lang='lat' dir='ltr'><strong>aliquam</strong></span> <span class='ocrx_word' id='word_1_17' title='bbox 1212 495 1276 558; x_wconf 87' lang='lat' dir='ltr'><strong>exi-</strong></span> 
     </span>
     <span class='ocr_line' id='line_1_3' title="bbox 126 595 1276 680; baseline -0.001 -21"><span class='ocrx_word' id='word_1_18' title='bbox 126 597 262 674; x_wconf 89' lang='lat' dir='ltr'><strong>stimant,</strong></span> <span class='ocrx_word' id='word_1_19' title='bbox 286 596 407 680; x_wconf 77' lang='lat' dir='ltr'><strong>quises</strong></span> <span class='ocrx_word' id='word_1_20' title='bbox 423 596 489 679; x_wconf 89' lang='lat' dir='ltr'><strong>ipso</strong></span> <span class='ocrx_word' id='word_1_21' title='bbox 504 596 602 659; x_wconf 88' lang='lat' dir='ltr'><strong>statim</strong></span> <span class='ocrx_word' id='word_1_22' title='bbox 619 597 762 660; x_wconf 80' lang='lat' dir='ltr'><strong>vocabulo</strong></span> <span class='ocrx_word' id='word_1_23' title='bbox 780 619 838 660; x_wconf 92' lang='lat' dir='ltr'><strong>non</strong></span> <span class='ocrx_word' id='word_1_24' title='bbox 855 595 1066 659; x_wconf 85' lang='lat' dir='ltr'><strong>animadvertat</strong></span> <span class='ocrx_word' id='word_1_25' title='bbox 1082 619 1168 680; x_wconf 92' lang='lat' dir='ltr'><strong>qnam</strong></span> <span class='ocrx_word' id='word_1_26' title='bbox 1186 598 1276 660; x_wconf 86' lang='lat' dir='ltr'><strong>imbe-</strong></span> 
     </span>
     <span class='ocr_line' id='line_1_4' title="bbox 126 696 1277 783; baseline -0.002 -21"><span class='ocrx_word' id='word_1_27' title='bbox 126 699 221 763; x_wconf 89' lang='lat' dir='ltr'><strong>cillum</strong></span> <span class='ocrx_word' id='word_1_28' title='bbox 239 719 273 762; x_wconf 90' lang='lat' dir='ltr'><strong>ac</strong></span> <span class='ocrx_word' id='word_1_29' title='bbox 287 697 352 761; x_wconf 91' lang='lat' dir='ltr'><strong>leve</strong></span> <span class='ocrx_word' id='word_1_30' title='bbox 368 697 406 760; x_wconf 90' lang='lat' dir='ltr'><strong>sit</strong></span> <span class='ocrx_word' id='word_1_31' title='bbox 419 698 495 781; x_wconf 92' lang='lat' dir='ltr'><strong>quod</strong></span> <span class='ocrx_word' id='word_1_32' title='bbox 510 699 558 762; x_wconf 89' lang='lat' dir='ltr'><strong>isti</strong></span> <span class='ocrx_word' id='word_1_33' title='bbox 571 699 755 783; x_wconf 84' lang='lat' dir='ltr'><strong>profitentur,</strong></span> <span class='ocrx_word' id='word_1_34' title='bbox 776 709 806 761; x_wconf 95' lang='lat' dir='ltr'><strong>ut</strong></span> <span class='ocrx_word' id='word_1_35' title='bbox 822 699 878 761; x_wconf 88' lang='lat' dir='ltr'><strong>iam</strong></span> <span class='ocrx_word' id='word_1_36' title='bbox 895 699 1085 763; x_wconf 78' lang='lat' dir='ltr'>ostendimus.</span> <span class='ocrx_word' id='word_1_37' title='bbox 1131 696 1277 782; x_wconf 77' lang='lat' dir='ltr'><strong>Quicquid</strong></span> 
     </span>
     <span class='ocr_line' id='line_1_5' title="bbox 127 797 1277 884; baseline -0.002 -20"><span class='ocrx_word' id='word_1_38' title='bbox 127 800 203 864; x_wconf 90' lang='lat' dir='ltr'><strong>enim</strong></span> <span class='ocrx_word' id='word_1_39' title='bbox 223 797 381 862; x_wconf 89' lang='lat' dir='ltr'><strong>Prunicum</strong></span> <span class='ocrx_word' id='word_1_40' title='bbox 404 798 467 862; x_wconf 87' lang='lat' dir='ltr'><strong>lieri</strong></span> <span class='ocrx_word' id='word_1_41' title='bbox 490 800 610 879; x_wconf 88' lang='lat' dir='ltr'><strong>dieitur,</strong></span> <span class='ocrx_word' id='word_1_42' title='bbox 642 801 669 863; x_wconf 89' lang='lat' dir='ltr'><strong>id</strong></span> <span class='ocrx_word' id='word_1_43' title='bbox 692 801 793 864; x_wconf 87' lang='lat' dir='ltr'><strong>inutile</strong></span> <span class='ocrx_word' id='word_1_44' title='bbox 815 811 879 879; x_wconf 89' lang='lat' dir='ltr'><strong>est,</strong></span> <span class='ocrx_word' id='word_1_45' title='bbox 908 802 1039 884; x_wconf 89' lang='lat' dir='ltr'><strong>adeoque</strong></span> <span class='ocrx_word' id='word_1_46' title='bbox 1061 802 1178 864; x_wconf 89' lang='lat' dir='ltr'><strong>minime</strong></span> <span class='ocrx_word' id='word_1_47' title='bbox 1199 800 1277 863; x_wconf 90' lang='lat' dir='ltr'><strong>inter</strong></span> 
     </span>
     <span class='ocr_line' id='line_1_6' title="bbox 127 900 1274 986; baseline -0.003 -20"><span class='ocrx_word' id='word_1_48' title='bbox 127 901 236 966; x_wconf 87' lang='lat' dir='ltr'><strong>eximia</strong></span> <span class='ocrx_word' id='word_1_49' title='bbox 262 901 483 965; x_wconf 89' lang='lat' dir='ltr'><strong>numerandum.</strong></span> <span class='ocrx_word' id='word_1_50' title='bbox 536 900 594 985; x_wconf 78' lang='lat' dir='ltr'><strong>Qui</strong></span> <span class='ocrx_word' id='word_1_51' title='bbox 626 903 702 966; x_wconf 89' lang='lat' dir='ltr'><strong>enim</strong></span> <span class='ocrx_word' id='word_1_52' title='bbox 729 902 839 966; x_wconf 90' lang='lat' dir='ltr'><strong>laudari</strong></span> <span class='ocrx_word' id='word_1_53' title='bbox 865 913 960 985; x_wconf 90' lang='lat' dir='ltr'><strong>potest</strong></span> <span class='ocrx_word' id='word_1_54' title='bbox 989 903 1063 986; x_wconf 92' lang='lat' dir='ltr'><strong>quod</strong></span> <span class='ocrx_word' id='word_1_55' title='bbox 1090 902 1191 966; x_wconf 87' lang='lat' dir='ltr'><strong>inutile</strong></span> <span class='ocrx_word' id='word_1_56' title='bbox 1220 903 1274 965; x_wconf 85' lang='lat' dir='ltr'><strong>sit!</strong></span> 
     </span>
     <span class='ocr_line' id='line_1_7' title="bbox 128 1000 1276 1088; baseline -0.002 -20"><span class='ocrx_word' id='word_1_57' title='bbox 128 1000 224 1088; x_wconf 78' lang='lat' dir='ltr'><strong>Quam</strong></span> <span class='ocrx_word' id='word_1_58' title='bbox 248 1013 294 1067; x_wconf 88' lang='lat' dir='ltr'><strong>est</strong></span> <span class='ocrx_word' id='word_1_59' title='bbox 315 1015 467 1088; x_wconf 87' lang='lat' dir='ltr'><strong>praeterea</strong></span> <span class='ocrx_word' id='word_1_60' title='bbox 488 1004 624 1068; x_wconf 88' lang='lat' dir='ltr'><strong>stolidum</strong></span> <span class='ocrx_word' id='word_1_61' title='bbox 648 1025 664 1066; x_wconf 91' lang='lat' dir='ltr'><strong>a</strong></span> <span class='ocrx_word' id='word_1_62' title='bbox 688 1001 818 1068; x_wconf 89' lang='lat' dir='ltr'><strong>Prunioo</strong></span> <span class='ocrx_word' id='word_1_63' title='bbox 839 1005 1013 1068; x_wconf 81' lang='lat' dir='ltr'><strong>exhaustum</strong></span> <span class='ocrx_word' id='word_1_64' title='bbox 1038 1026 1105 1069; x_wconf 87' lang='lat' dir='ltr'><strong>esse</strong></span> <span class='ocrx_word' id='word_1_65' title='bbox 1127 1002 1276 1069; x_wconf 90' lang='lat' dir='ltr'><strong>Ialdabao·</strong></span> 
     </span>
     <span class='ocr_line' id='line_1_8' title="bbox 128 1104 1277 1190; baseline 0.002 -22"><span class='ocrx_word' id='word_1_66' title='bbox 128 1107 223 1184; x_wconf 86' lang='lat' dir='ltr'><strong>tltem,</strong></span> <span class='ocrx_word' id='word_1_67' title='bbox 256 1106 291 1168; x_wconf 87' lang='lat' dir='ltr'><strong>ab</strong></span> <span class='ocrx_word' id='word_1_68' title='bbox 307 1126 400 1190; x_wconf 85' lang='lat' dir='ltr'><strong>eoque</strong></span> <span class='ocrx_word' id='word_1_69' title='bbox 416 1106 570 1169; x_wconf 89' lang='lat' dir='ltr'><strong>scintillam</strong></span> <span class='ocrx_word' id='word_1_70' title='bbox 588 1107 621 1170; x_wconf 92' lang='lat' dir='ltr'><strong>ad</strong></span> <span class='ocrx_word' id='word_1_71' title='bbox 640 1107 736 1170; x_wconf 85' lang='lat' dir='ltr'><strong>infima</strong></span> <span class='ocrx_word' id='word_1_72' title='bbox 753 1107 801 1170; x_wconf 89' lang='lat' dir='ltr'><strong>illa</strong></span> <span class='ocrx_word' id='word_1_73' title='bbox 819 1127 973 1170; x_wconf 78' lang='lat' dir='ltr'>excussam</span> <span class='ocrx_word' id='word_1_74' title='bbox 991 1107 1143 1170; x_wconf 84' lang='lat' dir='ltr'><strong>arbitrarii</strong></span> <span class='ocrx_word' id='word_1_75' title='bbox 1188 1104 1277 1170; x_wconf 82' lang='lat' dir='ltr'><strong>item·</strong></span> 
     </span>
     <span class='ocr_line' id='line_1_9' title="bbox 128 1207 1276 1294; baseline 0.001 -24"><span class='ocrx_word' id='word_1_76' title='bbox 128 1229 200 1293; x_wconf 90' lang='lat' dir='ltr'><strong>quc,</strong></span> <span class='ocrx_word' id='word_1_77' title='bbox 235 1207 336 1291; x_wconf 92' lang='lat' dir='ltr'><strong>quiin</strong></span> <span class='ocrx_word' id='word_1_78' title='bbox 360 1208 473 1271; x_wconf 81' lang='lat' dir='ltr'><strong>sublimi</strong></span> <span class='ocrx_word' id='word_1_79' title='bbox 499 1209 657 1272; x_wconf 88' lang='lat' dir='ltr'><strong>collocatus</strong></span> <span class='ocrx_word' id='word_1_80' title='bbox 684 1220 764 1272; x_wconf 88' lang='lat' dir='ltr'><strong>esset</strong></span> <span class='ocrx_word' id='word_1_81' title='bbox 790 1230 854 1271; x_wconf 86' lang='lat' dir='ltr'><strong>enm</strong></span> <span class='ocrx_word' id='word_1_82' title='bbox 877 1212 1034 1293; x_wconf 82' lang='lat' dir='ltr'><strong>agnovisse</strong></span> <span class='ocrx_word' id='word_1_83' title='bbox 1059 1209 1107 1294; x_wconf 90' lang='lat' dir='ltr'><strong>qni</strong></span> <span class='ocrx_word' id='word_1_84' title='bbox 1132 1209 1276 1272; x_wconf 83' lang='lat' dir='ltr'><strong>exhausto</strong></span> 
     </span>
     <span class='ocr_line' id='line_1_10' title="bbox 128 1308 1276 1395; baseline 0 -22"><span class='ocrx_word' id='word_1_85' title='bbox 128 1321 209 1374; x_wconf 84' lang='lat' dir='ltr'><strong>esset</strong></span> <span class='ocrx_word' id='word_1_86' title='bbox 222 1311 273 1373; x_wconf 91' lang='lat' dir='ltr'><strong>illo</strong></span> <span class='ocrx_word' id='word_1_87' title='bbox 292 1311 437 1394; x_wconf 86' lang='lat' dir='ltr'><strong>superior.</strong></span> <span class='ocrx_word' id='word_1_88' title='bbox 483 1308 657 1375; x_wconf 83' lang='lat' dir='ltr'><strong>Enimvero</strong></span> <span class='ocrx_word' id='word_1_89' title='bbox 674 1312 760 1395; x_wconf 90' lang='lat' dir='ltr'><strong>quale</strong></span> <span class='ocrx_word' id='word_1_90' title='bbox 773 1311 842 1374; x_wconf 91' lang='lat' dir='ltr'><strong>illud</strong></span> <span class='ocrx_word' id='word_1_91' title='bbox 860 1312 1028 1375; x_wconf 79' lang='lat' dir='ltr'><strong>miraculum</strong></span> <span class='ocrx_word' id='word_1_92' title='bbox 1045 1324 1106 1389; x_wconf 91' lang='lat' dir='ltr'><strong>est,</strong></span> <span class='ocrx_word' id='word_1_93' title='bbox 1131 1322 1162 1375; x_wconf 90' lang='lat' dir='ltr'><strong>ut</strong></span> <span class='ocrx_word' id='word_1_94' title='bbox 1179 1313 1276 1389; x_wconf 90' lang='lat' dir='ltr'><strong>homo,</strong></span> 
     </span>
     <span class='ocr_line' id='line_1_11' title="bbox 130 1412 1278 1499; baseline 0.002 -25"><span class='ocrx_word' id='word_1_95' title='bbox 130 1413 175 1475; x_wconf 91' lang='lat' dir='ltr'><strong>oui</strong></span> <span class='ocrx_word' id='word_1_96' title='bbox 198 1412 370 1476; x_wconf 89' lang='lat' dir='ltr'><strong>tenuissima</strong></span> <span class='ocrx_word' id='word_1_97' title='bbox 392 1413 531 1497; x_wconf 90' lang='lat' dir='ltr'><strong>quaedam</strong></span> <span class='ocrx_word' id='word_1_98' title='bbox 552 1413 590 1475; x_wconf 90' lang='lat' dir='ltr'><strong>sit</strong></span> <span class='ocrx_word' id='word_1_99' title='bbox 612 1434 732 1498; x_wconf 86' lang='lat' dir='ltr'><strong>aspersa</strong></span> <span class='ocrx_word' id='word_1_100' title='bbox 754 1414 897 1492; x_wconf 89' lang='lat' dir='ltr'><strong>scintilla,</strong></span> <span class='ocrx_word' id='word_1_101' title='bbox 929 1415 1068 1478; x_wconf 88' lang='lat' dir='ltr'><strong>maiorem</strong></span> <span class='ocrx_word' id='word_1_102' title='bbox 1090 1415 1147 1478; x_wconf 89' lang='lat' dir='ltr'><strong>illis</strong></span> <span class='ocrx_word' id='word_1_103' title='bbox 1169 1416 1240 1499; x_wconf 88' lang='lat' dir='ltr'><strong>ipsis</strong></span> <span class='ocrx_word' id='word_1_104' title='bbox 1262 1436 1278 1476; x_wconf 91' lang='lat' dir='ltr'><strong>a</strong></span> 
     </span>
     <span class='ocr_line' id='line_1_12' title="bbox 128 1513 1276 1601; baseline 0 -23"><span class='ocrx_word' id='word_1_105' title='bbox 128 1513 232 1598; x_wconf 88' lang='lat' dir='ltr'><strong>quihus</strong></span> <span class='ocrx_word' id='word_1_106' title='bbox 249 1516 404 1599; x_wconf 90' lang='lat' dir='ltr'><strong>productus</strong></span> <span class='ocrx_word' id='word_1_107' title='bbox 421 1525 466 1578; x_wconf 92' lang='lat' dir='ltr'><strong>est</strong></span> <span class='ocrx_word' id='word_1_108' title='bbox 482 1515 592 1599; x_wconf 85' lang='lat' dir='ltr'><strong>angelis</strong></span> <span class='ocrx_word' id='word_1_109' title='bbox 608 1517 804 1599; x_wconf 79' lang='lat' dir='ltr'><strong>cogruitionem</strong></span> <span class='ocrx_word' id='word_1_110' title='bbox 822 1517 942 1601; x_wconf 85' lang='lat' dir='ltr'><strong>adeptus</strong></span> <span class='ocrx_word' id='word_1_111' title='bbox 962 1518 1069 1580; x_wconf 78' lang='lat' dir='ltr'><strong>luerit?</strong></span> <span class='ocrx_word' id='word_1_112' title='bbox 1112 1513 1145 1581; x_wconf 84' lang='lat' dir='ltr'><strong>si</strong></span> <span class='ocrx_word' id='word_1_113' title='bbox 1163 1517 1276 1599; x_wconf 89' lang='lat' dir='ltr'><strong>quidem</strong></span> 
     </span>
     <span class='ocr_line' id='line_1_13' title="bbox 129 1616 1275 1701; baseline 0 -21"><span class='ocrx_word' id='word_1_114' title='bbox 129 1627 264 1680; x_wconf 89' lang='lat' dir='ltr'><strong>auctores</strong></span> <span class='ocrx_word' id='word_1_115' title='bbox 287 1618 335 1680; x_wconf 88' lang='lat' dir='ltr'><strong>isti</strong></span> <span class='ocrx_word' id='word_1_116' title='bbox 358 1617 483 1680; x_wconf 85' lang='lat' dir='ltr'><strong>hominis</strong></span> <span class='ocrx_word' id='word_1_117' title='bbox 507 1637 541 1680; x_wconf 89' lang='lat' dir='ltr'><strong>ac</strong></span> <span class='ocrx_word' id='word_1_118' title='bbox 561 1617 752 1682; x_wconf 86' lang='lat' dir='ltr'><strong>lubricatores</strong></span> <span class='ocrx_word' id='word_1_119' title='bbox 770 1619 883 1701; x_wconf 85' lang='lat' dir='ltr'><strong>angeli,</strong></span> <span class='ocrx_word' id='word_1_120' title='bbox 916 1620 980 1683; x_wconf 85' lang='lat' dir='ltr'><strong>sire</strong></span> <span class='ocrx_word' id='word_1_121' title='bbox 997 1616 1190 1682; x_wconf 89' lang='lat' dir='ltr'><strong>laldabaothis</strong></span> <span class='ocrx_word' id='word_1_122' title='bbox 1215 1619 1275 1695; x_wconf 86' lang='lat' dir='ltr'><strong>lilii,</strong></span> 
     </span>
     <span class='ocr_line' id='line_1_14' title="bbox 129 1717 1278 1804; baseline 0 -22"><span class='ocrx_word' id='word_1_123' title='bbox 129 1740 204 1804; x_wconf 89' lang='lat' dir='ltr'><strong>quae</strong></span> <span class='ocrx_word' id='word_1_124' title='bbox 227 1717 414 1783; x_wconf 83' lang='lat' dir='ltr'><strong>laldabaotlsa</strong></span> <span class='ocrx_word' id='word_1_125' title='bbox 438 1719 590 1803; x_wconf 92' lang='lat' dir='ltr'><strong>superiora</strong></span> <span class='ocrx_word' id='word_1_126' title='bbox 615 1731 700 1783; x_wconf 93' lang='lat' dir='ltr'><strong>erant</strong></span> <span class='ocrx_word' id='word_1_127' title='bbox 724 1721 906 1804; x_wconf 78' lang='lat' dir='ltr'><strong>ignorarunt.</strong></span> <span class='ocrx_word' id='word_1_128' title='bbox 957 1718 1016 1803; x_wconf 81' lang='lat' dir='ltr'><strong>Qui</strong></span> <span class='ocrx_word' id='word_1_129' title='bbox 1041 1733 1137 1784; x_wconf 89' lang='lat' dir='ltr'><strong>antem</strong></span> <span class='ocrx_word' id='word_1_130' title='bbox 1163 1720 1197 1784; x_wconf 90' lang='lat' dir='ltr'><strong>ab</strong></span> <span class='ocrx_word' id='word_1_131' title='bbox 1221 1720 1278 1783; x_wconf 87' lang='lat' dir='ltr'><strong>illis</strong></span> 
     </span>
     <span class='ocr_line' id='line_1_15' title="bbox 130 1819 1279 1906; baseline 0.002 -22"><span class='ocrx_word' id='word_1_132' title='bbox 130 1824 272 1885; x_wconf 85' lang='lat' dir='ltr'><strong>formatus</strong></span> <span class='ocrx_word' id='word_1_133' title='bbox 289 1832 352 1900; x_wconf 89' lang='lat' dir='ltr'><strong>est,</strong></span> <span class='ocrx_word' id='word_1_134' title='bbox 378 1821 521 1884; x_wconf 71' lang='lat' dir='ltr'><strong>suintillae</strong></span> <span class='ocrx_word' id='word_1_135' title='bbox 539 1821 680 1885; x_wconf 82' lang='lat' dir='ltr'><strong>bertelinio</strong></span> <span class='ocrx_word' id='word_1_136' title='bbox 698 1823 845 1906; x_wconf 87' lang='lat' dir='ltr'><strong>cognovit.</strong></span> <span class='ocrx_word' id='word_1_137' title='bbox 893 1819 1089 1904; x_wconf 77' lang='lat' dir='ltr'><strong>Quamobrem</strong></span> <span class='ocrx_word' id='word_1_138' title='bbox 1110 1824 1170 1886; x_wconf 88' lang='lat' dir='ltr'><strong>suis</strong></span> <span class='ocrx_word' id='word_1_139' title='bbox 1189 1823 1228 1886; x_wconf 91' lang='lat' dir='ltr'><strong>illi</strong></span> <span class='ocrx_word' id='word_1_140' title='bbox 1246 1844 1279 1886; x_wconf 92' lang='lat' dir='ltr'><strong>se</strong></span> 
     </span>
     <span class='ocr_line' id='line_1_16' title="bbox 130 1924 1280 2009; baseline -0.001 -22"><span class='ocrx_word' id='word_1_141' title='bbox 130 1924 311 2009; x_wconf 76' lang='lat' dir='ltr'><strong>dogmatibus</strong></span> <span class='ocrx_word' id='word_1_142' title='bbox 329 1925 452 1987; x_wconf 88' lang='lat' dir='ltr'><strong>induunt</strong></span> <span class='ocrx_word' id='word_1_143' title='bbox 469 1933 499 1986; x_wconf 90' lang='lat' dir='ltr'><strong>et</strong></span> <span class='ocrx_word' id='word_1_144' title='bbox 517 1935 671 2003; x_wconf 88' lang='lat' dir='ltr'><strong>evertunt,</strong></span> <span class='ocrx_word' id='word_1_145' title='bbox 696 1945 760 1988; x_wconf 84' lang='lat' dir='ltr'><strong>euru</strong></span> <span class='ocrx_word' id='word_1_146' title='bbox 780 1926 881 2008; x_wconf 91' lang='lat' dir='ltr'><strong>partim</strong></span> <span class='ocrx_word' id='word_1_147' title='bbox 900 1936 1065 2009; x_wconf 77' lang='lat' dir='ltr'>serpentem</span> <span class='ocrx_word' id='word_1_148' title='bbox 1084 1925 1220 1989; x_wconf 87' lang='lat' dir='ltr'><strong>remerari</strong></span> <span class='ocrx_word' id='word_1_149' title='bbox 1236 1926 1280 1988; x_wconf 92' lang='lat' dir='ltr'><strong>in·</strong></span> 
     </span>
     <span class='ocr_line' id='line_1_17' title="bbox 129 2024 1279 2112; baseline 0 -23"><span class='ocrx_word' id='word_1_150' title='bbox 129 2027 267 2104; x_wconf 91' lang='lat' dir='ltr'><strong>stituaut,</strong></span> <span class='ocrx_word' id='word_1_151' title='bbox 299 2026 401 2110; x_wconf 90' lang='lat' dir='ltr'><strong>partim</strong></span> <span class='ocrx_word' id='word_1_152' title='bbox 419 2024 513 2089; x_wconf 79' lang='lat' dir='ltr'><strong>Eram</strong></span> <span class='ocrx_word' id='word_1_153' title='bbox 529 2026 605 2090; x_wconf 91' lang='lat' dir='ltr'><strong>illius</strong></span> <span class='ocrx_word' id='word_1_154' title='bbox 624 2027 814 2090; x_wconf 78' lang='lat' dir='ltr'><strong>fraudulentia</strong></span> <span class='ocrx_word' id='word_1_155' title='bbox 833 2028 982 2110; x_wconf 87' lang='lat' dir='ltr'><strong>deceptam</strong></span> <span class='ocrx_word' id='word_1_156' title='bbox 999 2028 1184 2100; x_wconf 87' lang='lat' dir='ltr'><strong>existiment,</strong></span> <span class='ocrx_word' id='word_1_157' title='bbox 1215 2048 1279 2112; x_wconf 91' lang='lat' dir='ltr'><strong>par·</strong></span> 
     </span>
     <span class='ocr_line' id='line_1_18' title="bbox 130 2125 1278 2213; baseline 0 -22"><span class='ocrx_word' id='word_1_158' title='bbox 130 2129 180 2191; x_wconf 90' lang='lat' dir='ltr'><strong>tim</strong></span> <span class='ocrx_word' id='word_1_159' title='bbox 200 2125 348 2193; x_wconf 73' lang='lat' dir='ltr'><strong>Christum</strong></span> <span class='ocrx_word' id='word_1_160' title='bbox 368 2130 490 2192; x_wconf 87' lang='lat' dir='ltr'><strong>eundem</strong></span> <span class='ocrx_word' id='word_1_161' title='bbox 513 2149 579 2192; x_wconf 88' lang='lat' dir='ltr'><strong>esse</strong></span> <span class='ocrx_word' id='word_1_162' title='bbox 600 2128 706 2208; x_wconf 82' lang='lat' dir='ltr'><strong>velint,</strong></span> <span class='ocrx_word' id='word_1_163' title='bbox 740 2129 842 2213; x_wconf 89' lang='lat' dir='ltr'><strong>partim</strong></span> <span class='ocrx_word' id='word_1_164' title='bbox 859 2128 1020 2213; x_wconf 86' lang='lat' dir='ltr'><strong>superioris</strong></span> <span class='ocrx_word' id='word_1_165' title='bbox 1036 2129 1113 2192; x_wconf 90' lang='lat' dir='ltr'><strong>illius</strong></span> <span class='ocrx_word' id='word_1_166' title='bbox 1131 2126 1278 2191; x_wconf 90' lang='lat' dir='ltr'><strong>laldabao·</strong></span> 
     </span>
     <span class='ocr_line' id='line_1_19' title="bbox 130 2231 1279 2316; baseline 0.001 -23"><span class='ocrx_word' id='word_1_167' title='bbox 130 2231 187 2294; x_wconf 87' lang='lat' dir='ltr'><strong>this</strong></span> <span class='ocrx_word' id='word_1_168' title='bbox 205 2231 310 2310; x_wconf 87' lang='lat' dir='ltr'><strong>lilium,</strong></span> <span class='ocrx_word' id='word_1_169' title='bbox 335 2233 383 2316; x_wconf 93' lang='lat' dir='ltr'><strong>qui</strong></span> <span class='ocrx_word' id='word_1_170' title='bbox 401 2232 559 2295; x_wconf 87' lang='lat' dir='ltr'><strong>interclusa</strong></span> <span class='ocrx_word' id='word_1_171' title='bbox 576 2231 745 2295; x_wconf 85' lang='lat' dir='ltr'><strong>coelestium</strong></span> <span class='ocrx_word' id='word_1_172' title='bbox 764 2231 1007 2316; x_wconf 83' lang='lat' dir='ltr'><strong>contemplatione</strong></span> <span class='ocrx_word' id='word_1_173' title='bbox 1025 2252 1164 2295; x_wconf 89' lang='lat' dir='ltr'><strong>summam</strong></span> <span class='ocrx_word' id='word_1_174' title='bbox 1181 2231 1279 2294; x_wconf 86' lang='lat' dir='ltr'><strong>liberis</strong></span> 
     </span>
     <span class='ocr_line' id='line_1_20' title="bbox 130 2333 1280 2420; baseline -0.001 -22"><span class='ocrx_word' id='word_1_175' title='bbox 130 2335 191 2398; x_wconf 89' lang='lat' dir='ltr'><strong>suis</strong></span> <span class='ocrx_word' id='word_1_176' title='bbox 208 2333 342 2398; x_wconf 89' lang='lat' dir='ltr'><strong>iniuriam</strong></span> <span class='ocrx_word' id='word_1_177' title='bbox 359 2333 507 2418; x_wconf 77' lang='lat' dir='ltr'><strong>imposuit,</strong></span> <span class='ocrx_word' id='word_1_178' title='bbox 532 2343 653 2397; x_wconf 89' lang='lat' dir='ltr'><strong>matrem</strong></span> <span class='ocrx_word' id='word_1_179' title='bbox 671 2333 833 2420; x_wconf 88' lang='lat' dir='ltr'><strong>repudiavit</strong></span> <span class='ocrx_word' id='word_1_180' title='bbox 848 2355 881 2396; x_wconf 92' lang='lat' dir='ltr'><strong>an</strong></span> <span class='ocrx_word' id='word_1_181' title='bbox 896 2334 1086 2418; x_wconf 87' lang='lat' dir='ltr'><strong>contempsit,</strong></span> <span class='ocrx_word' id='word_1_182' title='bbox 1111 2355 1168 2397; x_wconf 92' lang='lat' dir='ltr'><strong>uon</strong></span> <span class='ocrx_word' id='word_1_183' title='bbox 1186 2335 1280 2397; x_wconf 91' lang='lat' dir='ltr'><strong>minus</strong></span> 
     </span>
     <span class='ocr_line' id='line_1_21' title="bbox 130 2434 1281 2523; baseline 0 -23"><span class='ocrx_word' id='word_1_184' title='bbox 130 2459 214 2521; x_wconf 87' lang='lat' dir='ltr'><strong>quam</strong></span> <span class='ocrx_word' id='word_1_185' title='bbox 231 2458 397 2523; x_wconf 90' lang='lat' dir='ltr'><strong>supremum</strong></span> <span class='ocrx_word' id='word_1_186' title='bbox 413 2434 586 2516; x_wconf 85' lang='lat' dir='ltr'><strong>Parentum,</strong></span> <span class='ocrx_word' id='word_1_187' title='bbox 619 2457 704 2522; x_wconf 90' lang='lat' dir='ltr'><strong>quem</strong></span> <span class='ocrx_word' id='word_1_188' title='bbox 722 2436 758 2500; x_wconf 80' lang='lat' dir='ltr'><strong>alr</strong></span> <span class='ocrx_word' id='word_1_189' title='bbox 776 2437 812 2500; x_wconf 92' lang='lat' dir='ltr'><strong>iis</strong></span> <span class='ocrx_word' id='word_1_190' title='bbox 829 2458 901 2521; x_wconf 93' lang='lat' dir='ltr'><strong>qnos</strong></span> <span class='ocrx_word' id='word_1_191' title='bbox 916 2446 1059 2520; x_wconf 84' lang='lat' dir='ltr'><strong>genuerat</strong></span> <span class='ocrx_word' id='word_1_192' title='bbox 1074 2437 1129 2501; x_wconf 88' lang='lat' dir='ltr'><strong>coli</strong></span> <span class='ocrx_word' id='word_1_193' title='bbox 1149 2459 1182 2500; x_wconf 89' lang='lat' dir='ltr'><strong>ac</strong></span> <span class='ocrx_word' id='word_1_194' title='bbox 1197 2458 1281 2521; x_wconf 88' lang='lat' dir='ltr'><strong>prae·</strong></span> 
     </span>
     <span class='ocr_line' id='line_1_22' title="bbox 130 2538 1279 2626; baseline -0.001 -23"><span class='ocrx_word' id='word_1_195' title='bbox 130 2540 222 2604; x_wconf 87' lang='lat' dir='ltr'><strong>dicari</strong></span> <span class='ocrx_word' id='word_1_196' title='bbox 245 2542 363 2603; x_wconf 90' lang='lat' dir='ltr'><strong>minime</strong></span> <span class='ocrx_word' id='word_1_197' title='bbox 386 2539 424 2603; x_wconf 91' lang='lat' dir='ltr'><strong>sit</strong></span> <span class='ocrx_word' id='word_1_198' title='bbox 446 2560 561 2624; x_wconf 87' lang='lat' dir='ltr'><strong>passus.</strong></span> <span class='ocrx_word' id='word_1_199' title='bbox 607 2538 666 2624; x_wconf 78' lang='lat' dir='ltr'><strong>Qui</strong></span> <span class='ocrx_word' id='word_1_200' title='bbox 690 2560 761 2603; x_wconf 88' lang='lat' dir='ltr'><strong>vero</strong></span> <span class='ocrx_word' id='word_1_201' title='bbox 781 2550 945 2626; x_wconf 87' lang='lat' dir='ltr'><strong>serpentum</strong></span> <span class='ocrx_word' id='word_1_202' title='bbox 969 2539 1107 2603; x_wconf 86' lang='lat' dir='ltr'><strong>uorrvenit</strong></span> <span class='ocrx_word' id='word_1_203' title='bbox 1124 2540 1279 2602; x_wconf 88' lang='lat' dir='ltr'><strong>coelestem</strong></span> 
     </span>
     <span class='ocr_line' id='line_1_23' title="bbox 133 2639 1279 2727; baseline 0 -21"><span class='ocrx_word' id='word_1_204' title='bbox 133 2663 198 2707; x_wconf 85' lang='lat' dir='ltr'><strong>esse</strong></span> <span class='ocrx_word' id='word_1_205' title='bbox 221 2663 340 2726; x_wconf 85' lang='lat' dir='ltr'><strong>regem,</strong></span> <span class='ocrx_word' id='word_1_206' title='bbox 374 2664 439 2706; x_wconf 91' lang='lat' dir='ltr'><strong>eum</strong></span> <span class='ocrx_word' id='word_1_207' title='bbox 457 2643 600 2706; x_wconf 86' lang='lat' dir='ltr'><strong>adversus</strong></span> <span class='ocrx_word' id='word_1_208' title='bbox 616 2639 772 2706; x_wconf 81' lang='lat' dir='ltr'><strong>Parentum</strong></span> <span class='ocrx_word' id='word_1_209' title='bbox 790 2643 1004 2706; x_wconf 80' lang='lat' dir='ltr'><strong>insurrexerit?</strong></span> <span class='ocrx_word' id='word_1_210' title='bbox 1047 2643 1109 2705; x_wconf 83' lang='lat' dir='ltr'><strong>Ant</strong></span> <span class='ocrx_word' id='word_1_211' title='bbox 1123 2644 1279 2727; x_wconf 92' lang='lat' dir='ltr'><strong>quomodo,</strong></span> 
     </span>
     <span class='ocr_line' id='line_1_24' title="bbox 132 2742 1281 2830; baseline 0.001 -22"><span class='ocrx_word' id='word_1_212' title='bbox 132 2746 158 2809; x_wconf 91' lang='lat' dir='ltr'><strong>si</strong></span> <span class='ocrx_word' id='word_1_213' title='bbox 175 2745 370 2829; x_wconf 84' lang='lat' dir='ltr'><strong>coguitionem</strong></span> <span class='ocrx_word' id='word_1_214' title='bbox 386 2746 544 2830; x_wconf 88' lang='lat' dir='ltr'><strong>impertiat,</strong></span> <span class='ocrx_word' id='word_1_215' title='bbox 568 2742 651 2808; x_wconf 83' lang='lat' dir='ltr'><strong>Erae</strong></span> <span class='ocrx_word' id='word_1_216' title='bbox 666 2745 841 2830; x_wconf 84' lang='lat' dir='ltr'><strong>imposuisse</strong></span> <span class='ocrx_word' id='word_1_217' title='bbox 855 2747 979 2810; x_wconf 84' lang='lat' dir='ltr'><strong>dicitur?</strong></span> <span class='ocrx_word' id='word_1_218' title='bbox 1021 2744 1161 2829; x_wconf 85' lang='lat' dir='ltr'><strong>Numqui</strong></span> <span class='ocrx_word' id='word_1_219' title='bbox 1180 2748 1281 2809; x_wconf 90' lang='lat' dir='ltr'><strong>lrande</strong></span> 
     </span>
     <span class='ocr_line' id='line_1_25' title="bbox 132 2847 1280 2934; baseline 0.001 -24"><span class='ocrx_word' id='word_1_220' title='bbox 132 2847 229 2932; x_wconf 90' lang='lat' dir='ltr'><strong>aliqua</strong></span> <span class='ocrx_word' id='word_1_221' title='bbox 247 2848 397 2911; x_wconf 89' lang='lat' dir='ltr'><strong>scientiam</strong></span> <span class='ocrx_word' id='word_1_222' title='bbox 417 2848 519 2927; x_wconf 84' lang='lat' dir='ltr'><strong>allert,</strong></span> <span class='ocrx_word' id='word_1_223' title='bbox 552 2870 610 2912; x_wconf 93' lang='lat' dir='ltr'><strong>non</strong></span> <span class='ocrx_word' id='word_1_224' title='bbox 632 2849 658 2911; x_wconf 94' lang='lat' dir='ltr'><strong>is</strong></span> <span class='ocrx_word' id='word_1_225' title='bbox 676 2849 846 2928; x_wconf 88' lang='lat' dir='ltr'><strong>seientiam,</strong></span> <span class='ocrx_word' id='word_1_226' title='bbox 876 2851 926 2912; x_wconf 88' lang='lat' dir='ltr'><strong>sed</strong></span> <span class='ocrx_word' id='word_1_227' title='bbox 950 2870 1001 2934; x_wconf 90' lang='lat' dir='ltr'><strong>pro</strong></span> <span class='ocrx_word' id='word_1_228' title='bbox 1019 2869 1054 2913; x_wconf 89' lang='lat' dir='ltr'><strong>ea</strong></span> <span class='ocrx_word' id='word_1_229' title='bbox 1070 2849 1280 2933; x_wconf 87' lang='lat' dir='ltr'><strong>ignorationem</strong></span> 
     </span>
     <span class='ocr_line' id='line_1_26' title="bbox 133 2948 1280 3033; baseline 0 -19"><span class='ocrx_word' id='word_1_230' title='bbox 133 2951 337 3014; x_wconf 82' lang='lat' dir='ltr'><strong>communicat.</strong></span> <span class='ocrx_word' id='word_1_231' title='bbox 374 2948 459 3033; x_wconf 78' lang='lat' dir='ltr'><strong>Quod</strong></span> <span class='ocrx_word' id='word_1_232' title='bbox 476 2950 533 3013; x_wconf 91' lang='lat' dir='ltr'><strong>illis</strong></span> <span class='ocrx_word' id='word_1_233' title='bbox 549 2951 683 3014; x_wconf 85' lang='lat' dir='ltr'><strong>accidere</strong></span> <span class='ocrx_word' id='word_1_234' title='bbox 699 2951 863 3015; x_wconf 83' lang='lat' dir='ltr'><strong>certissima</strong></span> <span class='ocrx_word' id='word_1_235' title='bbox 878 2952 989 3014; x_wconf 90' lang='lat' dir='ltr'><strong>ratione</strong></span> <span class='ocrx_word' id='word_1_236' title='bbox 1004 2952 1168 3015; x_wconf 84' lang='lat' dir='ltr'><strong>conficitur.</strong></span> <span class='ocrx_word' id='word_1_237' title='bbox 1205 2948 1280 3016; x_wconf 87' lang='lat' dir='ltr'><strong>Cum</strong></span> 
     </span>
     <span class='ocr_line' id='line_1_27' title="bbox 132 3052 1281 3132; baseline -0.001 -15"><span class='ocrx_word' id='word_1_238' title='bbox 132 3052 210 3117; x_wconf 90' lang='lat' dir='ltr'><strong>enim</strong></span> <span class='ocrx_word' id='word_1_239' title='bbox 233 3074 344 3116; x_wconf 86' lang='lat' dir='ltr'><strong>summa</strong></span> <span class='ocrx_word' id='word_1_240' title='bbox 366 3053 396 3116; x_wconf 92' lang='lat' dir='ltr'><strong>in</strong></span> <span class='ocrx_word' id='word_1_241' title='bbox 420 3052 533 3117; x_wconf 89' lang='lat' dir='ltr'><strong>inscitia</strong></span> <span class='ocrx_word' id='word_1_242' title='bbox 553 3063 726 3132; x_wconf 83' lang='lat' dir='ltr'><strong>versentur,</strong></span> <span class='ocrx_word' id='word_1_243' title='bbox 760 3074 824 3117; x_wconf 83' lang='lat' dir='ltr'><strong>eam</strong></span> <span class='ocrx_word' id='word_1_244' title='bbox 841 3054 1026 3118; x_wconf 85' lang='lat' dir='ltr'><strong>nihilominus</strong></span> <span class='ocrx_word' id='word_1_245' title='bbox 1044 3055 1194 3118; x_wconf 87' lang='lat' dir='ltr'><strong>scientiam</strong></span> <span class='ocrx_word' id='word_1_246' title='bbox 1214 3075 1281 3117; x_wconf 89' lang='lat' dir='ltr'><strong>esse</strong></span> 
     </span>
     <span class='ocr_line' id='line_1_28' title="bbox 133 3152 1283 3241; baseline 0 -23"><span class='ocrx_word' id='word_1_247' title='bbox 133 3166 245 3241; x_wconf 89' lang='lat' dir='ltr'><strong>putant.</strong></span> <span class='ocrx_word' id='word_1_248' title='bbox 292 3152 358 3237; x_wconf 82' lang='lat' dir='ltr'><strong>Qua</strong></span> <span class='ocrx_word' id='word_1_249' title='bbox 372 3157 402 3218; x_wconf 94' lang='lat' dir='ltr'><strong>in</strong></span> <span class='ocrx_word' id='word_1_250' title='bbox 418 3176 451 3219; x_wconf 91' lang='lat' dir='ltr'><strong>re</strong></span> <span class='ocrx_word' id='word_1_251' title='bbox 466 3156 658 3219; x_wconf 85' lang='lat' dir='ltr'><strong>vehementer</strong></span> <span class='ocrx_word' id='word_1_252' title='bbox 672 3156 901 3237; x_wconf 85' lang='lat' dir='ltr'><strong>hallucinantur,</strong></span> <span class='ocrx_word' id='word_1_253' title='bbox 925 3159 992 3221; x_wconf 90' lang='lat' dir='ltr'><strong>dnm</strong></span> <span class='ocrx_word' id='word_1_254' title='bbox 1007 3177 1137 3221; x_wconf 90' lang='lat' dir='ltr'><strong>errorem</strong></span> <span class='ocrx_word' id='word_1_255' title='bbox 1154 3178 1236 3221; x_wconf 91' lang='lat' dir='ltr'><strong>snum</strong></span> <span class='ocrx_word' id='word_1_256' title='bbox 1253 3168 1283 3219; x_wconf 90' lang='lat' dir='ltr'><strong>et</strong></span> 
     </span>
     <span class='ocr_line' id='line_1_29' title="bbox 132 3258 922 3344; baseline 0.001 -22"><span class='ocrx_word' id='word_1_257' title='bbox 132 3259 327 3344; x_wconf 79' lang='lat' dir='ltr'><strong>ignorantiam</strong></span> <span class='ocrx_word' id='word_1_258' title='bbox 349 3259 491 3323; x_wconf 82' lang='lat' dir='ltr'><strong>scientiae</strong></span> <span class='ocrx_word' id='word_1_259' title='bbox 513 3258 707 3344; x_wconf 85' lang='lat' dir='ltr'><strong>appellatione</strong></span> <span class='ocrx_word' id='word_1_260' title='bbox 730 3259 922 3323; x_wconf 87' lang='lat' dir='ltr'><strong>dissimulant.</strong></span> 
     </span>
    </p>

    <p class='ocr_par' dir='ltr' id='par_1_3' title="bbox 131 3356 1506 4481">
     <span class='ocr_line' id='line_1_30' title="bbox 216 3356 1422 3448; baseline 0 -22"><span class='ocrx_word' id='word_1_261' title='bbox 216 3359 276 3426; x_wconf 89' lang='lat' dir='ltr'><strong>Sed</strong></span> <span class='ocrx_word' id='word_1_262' title='bbox 291 3362 348 3426; x_wconf 90' lang='lat' dir='ltr'><strong>alia</strong></span> <span class='ocrx_word' id='word_1_263' title='bbox 363 3364 503 3446; x_wconf 88' lang='lat' dir='ltr'><strong>quaedam</strong></span> <span class='ocrx_word' id='word_1_264' title='bbox 519 3356 640 3447; x_wconf 89' lang='lat' dir='ltr'><strong>insuper</strong></span> <span class='ocrx_word' id='word_1_265' title='bbox 653 3362 818 3426; x_wconf 87' lang='lat' dir='ltr'><strong>testimonia</strong></span> <span class='ocrx_word' id='word_1_266' title='bbox 833 3365 994 3448; x_wconf 81' lang='lat' dir='ltr'><strong>proderunt.</strong></span> <span class='ocrx_word' id='word_1_267' title='bbox 1035 3358 1133 3425; x_wconf 90' lang='lat' dir='ltr'><strong>Veluti</strong></span> <span class='ocrx_word' id='word_1_268' title='bbox 1151 3358 1278 3446; x_wconf 87' lang='lat' dir='ltr'><strong>Moysen</strong></span> <span class='ocrx_word' id='word_1_269' title='bbox 1298 3374 1357 3441; x_wconf 83' lang='lat' dir='ltr'><strong>cap.</strong></span> <span class='ocrx_word' id='word_1_270' title='bbox 1367 3376 1422 3427; x_wconf 88' lang='lat' dir='ltr'><strong>vtt.</strong></span> 
     </span>
     <span class='ocr_line' id='line_1_31' title="bbox 133 3458 1433 3551; baseline -0.002 -20"><span class='ocrx_word' id='word_1_271' title='bbox 133 3487 255 3531; x_wconf 85' lang='lat' dir='ltr'><strong>aeneum</strong></span> <span class='ocrx_word' id='word_1_272' title='bbox 278 3476 443 3551; x_wconf 88' lang='lat' dir='ltr'><strong>serpentem</strong></span> <span class='ocrx_word' id='word_1_273' title='bbox 466 3466 495 3530; x_wconf 91' lang='lat' dir='ltr'><strong>in</strong></span> <span class='ocrx_word' id='word_1_274' title='bbox 518 3466 636 3529; x_wconf 88' lang='lat' dir='ltr'><strong>deserto</strong></span> <span class='ocrx_word' id='word_1_275' title='bbox 657 3465 828 3543; x_wconf 89' lang='lat' dir='ltr'><strong>sustulisse,</strong></span> <span class='ocrx_word' id='word_1_276' title='bbox 852 3466 1003 3550; x_wconf 87' lang='lat' dir='ltr'><strong>palamque</strong></span> <span class='ocrx_word' id='word_1_277' title='bbox 1021 3464 1226 3549; x_wconf 87' lang='lat' dir='ltr'><strong>proposuisse,</strong></span> <span class='ocrx_word' id='word_1_278' title='bbox 1251 3458 1433 3528; x_wconf 65' lang='lat' dir='ltr'><strong>utNlm·²¹⁹⁸·</strong></span> 
     </span>
     <span class='ocr_line' id='line_1_32' title="bbox 132 3561 1506 3653; baseline -0.004 -19"><span class='ocrx_word' id='word_1_279' title='bbox 132 3571 189 3634; x_wconf 91' lang='lat' dir='ltr'><strong>illis</strong></span> <span class='ocrx_word' id='word_1_280' title='bbox 206 3568 335 3633; x_wconf 89' lang='lat' dir='ltr'><strong>remedio</strong></span> <span class='ocrx_word' id='word_1_281' title='bbox 351 3581 431 3632; x_wconf 89' lang='lat' dir='ltr'><strong>esset</strong></span> <span class='ocrx_word' id='word_1_282' title='bbox 446 3590 519 3653; x_wconf 92' lang='lat' dir='ltr'><strong>quos</strong></span> <span class='ocrx_word' id='word_1_283' title='bbox 535 3589 657 3653; x_wconf 90' lang='lat' dir='ltr'><strong>serpeus</strong></span> <span class='ocrx_word' id='word_1_284' title='bbox 672 3569 880 3632; x_wconf 88' lang='lat' dir='ltr'><strong>momorderat.</strong></span> <span class='ocrx_word' id='word_1_285' title='bbox 917 3566 980 3631; x_wconf 90' lang='lat' dir='ltr'><strong>lloc</strong></span> <span class='ocrx_word' id='word_1_286' title='bbox 995 3566 1072 3630; x_wconf 89' lang='lat' dir='ltr'><strong>enim</strong></span> <span class='ocrx_word' id='word_1_287' title='bbox 1088 3568 1181 3651; x_wconf 92' lang='lat' dir='ltr'><strong>ipsum</strong></span> <span class='ocrx_word' id='word_1_288' title='bbox 1199 3587 1281 3652; x_wconf 88' lang='lat' dir='ltr'><strong>prae·</strong></span> <span class='ocrx_word' id='word_1_289' title='bbox 1503 3561 1506 3574; x_wconf 88' lang='lat'>&#39;</span> 
     </span>
     <span class='ocr_line' id='line_1_33' title="bbox 133 3666 1280 3738; baseline -0.004 0"><span class='ocrx_word' id='word_1_290' title='bbox 133 3685 245 3738; x_wconf 88' lang='lat' dir='ltr'><strong>sentem</strong></span> <span class='ocrx_word' id='word_1_291' title='bbox 260 3671 319 3735; x_wconf 85' lang='lat' dir='ltr'><strong>vim</strong></span> <span class='ocrx_word' id='word_1_292' title='bbox 336 3681 439 3735; x_wconf 87' lang='lat' dir='ltr'><strong>eontra</strong></span> <span class='ocrx_word' id='word_1_293' title='bbox 454 3681 615 3734; x_wconf 88' lang='lat' dir='ltr'><strong>venenatos</strong></span> <span class='ocrx_word' id='word_1_294' title='bbox 632 3691 747 3735; x_wconf 89' lang='lat' dir='ltr'><strong>morsus</strong></span> <span class='ocrx_word' id='word_1_295' title='bbox 764 3671 870 3735; x_wconf 87' lang='lat' dir='ltr'><strong>habere</strong></span> <span class='ocrx_word' id='word_1_296' title='bbox 884 3671 1028 3734; x_wconf 89' lang='lat' dir='ltr'><strong>iactitant.</strong></span> <span class='ocrx_word' id='word_1_297' title='bbox 1075 3666 1135 3734; x_wconf 89' lang='lat' dir='ltr'><strong>Sed</strong></span> <span class='ocrx_word' id='word_1_298' title='bbox 1152 3670 1197 3733; x_wconf 86' lang='lat' dir='ltr'><strong>vel</strong></span> <span class='ocrx_word' id='word_1_299' title='bbox 1212 3671 1280 3733; x_wconf 90' lang='lat' dir='ltr'><strong>illud</strong></span> 
     </span>
     <span class='ocr_line' id='line_1_34' title="bbox 132 3771 1280 3858; baseline -0.004 -18"><span class='ocrx_word' id='word_1_300' title='bbox 132 3786 235 3841; x_wconf 90' lang='lat' dir='ltr'><strong>contra</strong></span> <span class='ocrx_word' id='word_1_301' title='bbox 258 3797 291 3840; x_wconf 92' lang='lat' dir='ltr'><strong>se</strong></span> <span class='ocrx_word' id='word_1_302' title='bbox 316 3776 468 3838; x_wconf 81' lang='lat' dir='ltr'><strong>manifeste</strong></span> <span class='ocrx_word' id='word_1_303' title='bbox 493 3774 691 3858; x_wconf 90' lang='lat' dir='ltr'><strong>pronuntiant.</strong></span> <span class='ocrx_word' id='word_1_304' title='bbox 737 3771 770 3840; x_wconf 85' lang='lat' dir='ltr'><strong>Si</strong></span> <span class='ocrx_word' id='word_1_305' title='bbox 799 3774 874 3837; x_wconf 90' lang='lat' dir='ltr'><strong>enim</strong></span> <span class='ocrx_word' id='word_1_306' title='bbox 899 3795 1014 3837; x_wconf 89' lang='lat' dir='ltr'><strong>morsus</strong></span> <span class='ocrx_word' id='word_1_307' title='bbox 1037 3772 1077 3836; x_wconf 91' lang='lat' dir='ltr'><strong>illi</strong></span> <span class='ocrx_word' id='word_1_308' title='bbox 1101 3772 1280 3857; x_wconf 88' lang='lat' dir='ltr'><strong>serpentium</strong></span> 
     </span>
     <span class='ocr_line' id='line_1_35' title="bbox 132 3876 1282 3962; baseline -0.003 -19"><span class='ocrx_word' id='word_1_309' title='bbox 132 3889 235 3957; x_wconf 85' lang='lat' dir='ltr'><strong>erant,</strong></span> <span class='ocrx_word' id='word_1_310' title='bbox 260 3878 402 3962; x_wconf 90' lang='lat' dir='ltr'><strong>iidemque</strong></span> <span class='ocrx_word' id='word_1_311' title='bbox 418 3876 591 3962; x_wconf 79' lang='lat' dir='ltr'><strong>perniciosi,</strong></span> <span class='ocrx_word' id='word_1_312' title='bbox 615 3877 804 3962; x_wconf 84' lang='lat' dir='ltr'><strong>consequitur</strong></span> <span class='ocrx_word' id='word_1_313' title='bbox 819 3877 936 3940; x_wconf 91' lang='lat' dir='ltr'><strong>minime</strong></span> <span class='ocrx_word' id='word_1_314' title='bbox 953 3877 1059 3940; x_wconf 90' lang='lat' dir='ltr'><strong>bouum</strong></span> <span class='ocrx_word' id='word_1_315' title='bbox 1077 3896 1144 3939; x_wconf 87' lang='lat' dir='ltr'><strong>essa</strong></span> <span class='ocrx_word' id='word_1_316' title='bbox 1161 3896 1282 3961; x_wconf 87' lang='lat' dir='ltr'><strong>serpen·</strong></span> 
     </span>
     <span class='ocr_line' id='line_1_36' title="bbox 133 3978 1282 4066; baseline -0.004 -19"><span class='ocrx_word' id='word_1_317' title='bbox 133 3993 203 4047; x_wconf 90' lang='lat' dir='ltr'><strong>tem.</strong></span> <span class='ocrx_word' id='word_1_318' title='bbox 249 3979 335 4064; x_wconf 77' lang='lat' dir='ltr'><strong>Quod</strong></span> <span class='ocrx_word' id='word_1_319' title='bbox 352 4000 425 4044; x_wconf 86' lang='lat' dir='ltr'><strong>vero</strong></span> <span class='ocrx_word' id='word_1_320' title='bbox 441 3990 499 4044; x_wconf 89' lang='lat' dir='ltr'><strong>tum</strong></span> <span class='ocrx_word' id='word_1_321' title='bbox 518 3978 658 4066; x_wconf 79' lang='lat' dir='ltr'><strong>aMopse</strong></span> <span class='ocrx_word' id='word_1_322' title='bbox 673 3991 720 4044; x_wconf 91' lang='lat' dir='ltr'><strong>est</strong></span> <span class='ocrx_word' id='word_1_323' title='bbox 735 3991 875 4059; x_wconf 88' lang='lat' dir='ltr'><strong>ereetum,</strong></span> <span class='ocrx_word' id='word_1_324' title='bbox 899 3981 961 4044; x_wconf 91' lang='lat' dir='ltr'><strong>sola</strong></span> <span class='ocrx_word' id='word_1_325' title='bbox 977 3979 1023 4044; x_wconf 92' lang='lat' dir='ltr'><strong>sni</strong></span> <span class='ocrx_word' id='word_1_326' title='bbox 1037 3979 1282 4064; x_wconf 85' lang='lat' dir='ltr'><strong>contemplatione</strong></span> 
     </span>
     <span class='ocr_line' id='line_1_37' title="bbox 132 4082 1282 4168; baseline -0.003 -18"><span class='ocrx_word' id='word_1_327' title='bbox 132 4085 319 4165; x_wconf 74' lang='lat' dir='ltr'><strong>medebatur,</strong></span> <span class='ocrx_word' id='word_1_328' title='bbox 355 4103 412 4145; x_wconf 93' lang='lat' dir='ltr'><strong>non</strong></span> <span class='ocrx_word' id='word_1_329' title='bbox 434 4083 534 4167; x_wconf 89' lang='lat' dir='ltr'><strong>utique</strong></span> <span class='ocrx_word' id='word_1_330' title='bbox 556 4085 631 4167; x_wconf 93' lang='lat' dir='ltr'><strong>qnod</strong></span> <span class='ocrx_word' id='word_1_331' title='bbox 654 4083 695 4147; x_wconf 92' lang='lat' dir='ltr'><strong>ita</strong></span> <span class='ocrx_word' id='word_1_332' title='bbox 713 4082 858 4168; x_wconf 89' lang='lat' dir='ltr'><strong>serpentis</strong></span> <span class='ocrx_word' id='word_1_333' title='bbox 876 4093 979 4147; x_wconf 94' lang='lat' dir='ltr'><strong>natura</strong></span> <span class='ocrx_word' id='word_1_334' title='bbox 999 4084 1106 4163; x_wconf 88' lang='lat' dir='ltr'><strong>lerret,</strong></span> <span class='ocrx_word' id='word_1_335' title='bbox 1139 4084 1190 4148; x_wconf 90' lang='lat' dir='ltr'><strong>sed</strong></span> <span class='ocrx_word' id='word_1_336' title='bbox 1207 4084 1282 4167; x_wconf 93' lang='lat' dir='ltr'><strong>quod</strong></span> 
     </span>
     <span class='ocr_line' id='line_1_38' title="bbox 131 4185 1282 4272; baseline -0.005 -18"><span class='ocrx_word' id='word_1_337' title='bbox 131 4190 172 4254; x_wconf 91' lang='lat' dir='ltr'><strong>ita</strong></span> <span class='ocrx_word' id='word_1_338' title='bbox 190 4189 246 4253; x_wconf 89' lang='lat' dir='ltr'><strong>deo</strong></span> <span class='ocrx_word' id='word_1_339' title='bbox 262 4188 356 4251; x_wconf 89' lang='lat' dir='ltr'><strong>visum</strong></span> <span class='ocrx_word' id='word_1_340' title='bbox 374 4197 470 4266; x_wconf 88' lang='lat' dir='ltr'><strong>esset,</strong></span> <span class='ocrx_word' id='word_1_341' title='bbox 493 4185 542 4271; x_wconf 91' lang='lat' dir='ltr'><strong>qni</strong></span> <span class='ocrx_word' id='word_1_342' title='bbox 560 4207 632 4271; x_wconf 89' lang='lat' dir='ltr'><strong>quos</strong></span> <span class='ocrx_word' id='word_1_343' title='bbox 647 4197 801 4272; x_wconf 89' lang='lat' dir='ltr'><strong>serpentes</strong></span> <span class='ocrx_word' id='word_1_344' title='bbox 817 4197 1012 4271; x_wconf 82' lang='lat' dir='ltr'><strong>pupugerant,</strong></span> <span class='ocrx_word' id='word_1_345' title='bbox 1036 4187 1073 4251; x_wconf 92' lang='lat' dir='ltr'><strong>iis</strong></span> <span class='ocrx_word' id='word_1_346' title='bbox 1091 4207 1144 4272; x_wconf 92' lang='lat' dir='ltr'><strong>per</strong></span> <span class='ocrx_word' id='word_1_347' title='bbox 1161 4207 1282 4272; x_wconf 89' lang='lat' dir='ltr'><strong>serpen-</strong></span> 
     </span>
     <span class='ocr_line' id='line_1_39' title="bbox 132 4287 1280 4374; baseline -0.003 -19"><span class='ocrx_word' id='word_1_348' title='bbox 132 4303 190 4355; x_wconf 86' lang='lat' dir='ltr'><strong>tem</strong></span> <span class='ocrx_word' id='word_1_349' title='bbox 215 4290 281 4354; x_wconf 91' lang='lat' dir='ltr'><strong>muli</strong></span> <span class='ocrx_word' id='word_1_350' title='bbox 306 4289 463 4354; x_wconf 90' lang='lat' dir='ltr'><strong>remedium</strong></span> <span class='ocrx_word' id='word_1_351' title='bbox 488 4299 654 4374; x_wconf 87' lang='lat' dir='ltr'><strong>paraverat.</strong></span> <span class='ocrx_word' id='word_1_352' title='bbox 704 4287 811 4374; x_wconf 86' lang='lat' dir='ltr'><strong>Neque</strong></span> <span class='ocrx_word' id='word_1_353' title='bbox 833 4311 906 4353; x_wconf 88' lang='lat' dir='ltr'><strong>vero</strong></span> <span class='ocrx_word' id='word_1_354' title='bbox 930 4289 1032 4352; x_wconf 91' lang='lat' dir='ltr'><strong>mirum</strong></span> <span class='ocrx_word' id='word_1_355' title='bbox 1059 4309 1126 4353; x_wconf 92' lang='lat' dir='ltr'><strong>esse</strong></span> <span class='ocrx_word' id='word_1_356' title='bbox 1149 4289 1280 4374; x_wconf 87' lang='lat' dir='ltr'><strong>cuiquam</strong></span> 
     </span>
     <span class='ocr_line' id='line_1_40' title="bbox 132 4391 1279 4481; baseline -0.004 -22"><span class='ocrx_word' id='word_1_357' title='bbox 132 4405 263 4481; x_wconf 90' lang='lat' dir='ltr'><strong>oportet,</strong></span> <span class='ocrx_word' id='word_1_358' title='bbox 294 4395 319 4457; x_wconf 89' lang='lat' dir='ltr'><strong>si</strong></span> <span class='ocrx_word' id='word_1_359' title='bbox 339 4394 414 4456; x_wconf 93' lang='lat' dir='ltr'><strong>unde</strong></span> <span class='ocrx_word' id='word_1_360' title='bbox 431 4391 572 4477; x_wconf 88' lang='lat' dir='ltr'><strong>quispiam</strong></span> <span class='ocrx_word' id='word_1_361' title='bbox 588 4392 686 4457; x_wconf 90' lang='lat' dir='ltr'><strong>laesus</strong></span> <span class='ocrx_word' id='word_1_362' title='bbox 703 4393 816 4473; x_wconf 86' lang='lat' dir='ltr'><strong>lucrat,</strong></span> <span class='ocrx_word' id='word_1_363' title='bbox 848 4393 914 4457; x_wconf 92' lang='lat' dir='ltr'><strong>iude</strong></span> <span class='ocrx_word' id='word_1_364' title='bbox 933 4392 1103 4458; x_wconf 85' lang='lat' dir='ltr'><strong>medicinam</strong></span> <span class='ocrx_word' id='word_1_365' title='bbox 1122 4393 1279 4478; x_wconf 85' lang='lat' dir='ltr'><strong>acceperit.</strong></span> 
     </span>
    </p>
   </div>
   <div class='ocr_carea' id='block_1_3' title="bbox 131 4543 1283 4688">
    <p class='ocr_par' dir='ltr' id='par_1_4' title="bbox 131 4543 1283 4688">
     <span class='ocr_line' id='line_1_41' title="bbox 131 4543 1283 4613; baseline -0.003 -13"><span class='ocrx_word' id='word_1_366' title='bbox 131 4551 194 4613; x_wconf 86' lang='lat' dir='ltr'><strong>quod</strong></span> <span class='ocrx_word' id='word_1_367' title='bbox 207 4552 261 4600; x_wconf 73' lang='lat' dir='ltr'><strong>tibet</strong></span> <span class='ocrx_word' id='word_1_368' title='bbox 274 4553 348 4600; x_wconf 71' lang='lat' dir='ltr'><strong>uocat</strong></span> <span class='ocrx_word' id='word_1_369' title='bbox 361 4562 446 4600; x_wconf 81' lang='lat' dir='ltr'><strong>omnes.</strong></span> <span class='ocrx_word' id='word_1_370' title='bbox 475 4548 542 4611; x_wconf 83' lang='lat' dir='ltr'><strong>Quod</strong></span> <span class='ocrx_word' id='word_1_371' title='bbox 555 4548 619 4599; x_wconf 73' lang='lat' dir='ltr'><strong>idem</strong></span> <span class='ocrx_word' id='word_1_372' title='bbox 633 4549 690 4600; x_wconf 80' lang='lat' dir='ltr'><strong>Gor·</strong></span> <span class='ocrx_word' id='word_1_373' title='bbox 723 4558 832 4600; x_wconf 82' lang='lat' dir='ltr'><strong>errantea</strong></span> <span class='ocrx_word' id='word_1_374' title='bbox 843 4553 959 4601; x_wconf 72' lang='lat' dir='ltr'><strong>connotat.</strong></span> <span class='ocrx_word' id='word_1_375' title='bbox 983 4543 1283 4603; x_wconf 77' lang='lat' dir='ltr'><strong>Votumdlmec&#39;eusm&#39;·</strong></span> 
     </span>
     <span class='ocr_line' id='line_1_42' title="bbox 131 4613 1123 4688; baseline -0.001 -18"><span class='ocrx_word' id='word_1_376' title='bbox 131 4620 214 4670; x_wconf 71' lang='lat' dir='ltr'><strong>numus</strong></span> <span class='ocrx_word' id='word_1_377' title='bbox 229 4620 390 4681; x_wconf 74' lang='lat' dir='ltr'><strong>corripendum</strong></span> <span class='ocrx_word' id='word_1_378' title='bbox 405 4623 500 4682; x_wconf 79' lang='lat' dir='ltr'><strong>potone</strong></span> <span class='ocrx_word' id='word_1_379' title='bbox 519 4618 624 4682; x_wconf 73' lang='lat' dir='ltr'><strong>uidetur,</strong></span> <span class='ocrx_word' id='word_1_380' title='bbox 649 4620 690 4682; x_wconf 78' lang='lat' dir='ltr'><strong>qud</strong></span> <span class='ocrx_word' id='word_1_381' title='bbox 722 4621 767 4670; x_wconf 81' lang='lat' dir='ltr'><strong>dua</strong></span> <span class='ocrx_word' id='word_1_382' title='bbox 784 4613 934 4688; x_wconf 74' lang='grc' dir='ltr'>ἁμαρτάνειν</span> <span class='ocrx_word' id='word_1_383' title='bbox 952 4622 1123 4682; x_wconf 67' lang='lat' dir='ltr'><strong>enumerantur.</strong></span> 
     </span>
    </p>
   </div>
   <div class='ocr_carea' id='block_1_4' title="bbox 0 0 1535 5084">
    <p class='ocr_par' dir='ltr' id='par_1_5' title="bbox 0 0 1535 5084">
     <span class='ocr_line' id='line_1_43' title="bbox 0 0 1535 5084; baseline 0 0"><span class='ocrx_word' id='word_1_384' title='bbox 0 0 1535 5084; x_wconf 95' lang='lat' dir='ltr'><strong> </strong></span> 
     </span>
    </p>
   </div>
  </div>
 </body>
</html>
