3046 5084
154 330 194 392 28
574 340 692 391 εεαοτι
713 339 879 389 ammana

24 475 89 542 Κεφ,
107 475 139 544 β’.
230 454 328 520 Ἔστω
352 457 384 520 δὲ
406 453 424 525 ό
446 453 558 531 σκοπός
584 456 694 519 1παντί
719 460 760 543 τῷ
786 451 988 537 ἐντυγχάνοντι
1016 455 1083 536 περί
1108 450 1219 527 παντός
1246 457 1306 516 τοῦ

153 556 330 641 ζητήματος,
354 553 421 632 ’ῶς
444 564 504 622 τῶν
526 563 639 641 καιρῶν
660 558 721 621 ἐστι
739 557 792 619 καί
811 553 923 640 χρόνων
944 551 981 617 τά
1008 551 1223 638 8ἐφευρήματα
1244 550 1305 618 ὅσα

153 657 295 742 ἠδυνήθη
317 656 335 724 ό
357 658 487 742 4μικρός
515 655 599 741 ήμῶν
622 665 692 732 νοῦς
718 659 891 739 ἐξασκηθείς
917 657 1152 738 καταλαβέσθαι,
1183 655 1234 719 καί
1264 651 1304 720 οῦ

154 759 271 836 πάντως
293 786 353 826 που
374 759 608 845 ἐπαγγελλόμεθα
626 757 746 823 πάντων
768 767 827 823 τῶν
845 761 877 824 ἐν
895 765 937 846 τῷ
960 755 1070 846 κόσμφ.
1105 754 1226 838 ’Λφατα
1243 754 1303 842 γάρ

153 864 213 927 ἐστι
228 864 279 927 καὶ
294 860 390 943 φατοί,
414 860 554 944 άμῦθητά
571 886 601 925 τε
622 862 673 925 καί
694 862 725 924 ἐν
740 857 861 948 άριθμῷ
881 866 896 904 ⁶
906 856 947 942 μή
972 858 1216 941 θκαθιστάμενα,
1238 860 1303 938 καί,

153 962 225 1029 ὅσον
241 964 294 1046 μέν
313 967 354 1038 είς
376 961 558 1047 άνθρῶπους
579 954 667 1044 ήκεν,
690 958 849 1040 άνέφικτα,
870 959 952 1047 μόνῳ
974 962 1006 1026 δέ
1022 968 1062 1049 τῷ
1082 967 1141 1025 τῶν
1158 958 1235 1025 όλων
1256 963 1304 1024 δε-

154 1064 249 1154 σπότη
272 1063 480 1149 γινωσκόμενα.
528 1061 568 1127 Τό
588 1063 620 1126 δέ
643 1059 808 1147 ἐπάγγελμα
825 1063 882 1143 ἔχει
903 1062 970 1145 περί
990 1066 1138 1144 διαφορᾶς
1156 1066 1252 1138 δοξῶν
1272 1086 1305 1126 τε

153 1168 205 1232 καί
224 1164 375 1251 γνῶσεων,
403 1162 626 1248 ἐπαγγελμάτων
645 1189 676 1227 τε
697 1167 821 1250 πίστεως
840 1165 898 1228 7ἐκ
915 1169 992 1227 θεοῦ
1015 1166 1066 1228 καί
1084 1160 1236 1241 άπιστίας,
1258 1165 1306 1226 αλ-

154 1265 263 1351 ρίσεόν
279 1267 375 1330 τεκαὶ
393 1263 558 1342 κακοδόξου
578 1262 698 1349 γνῶμης
716 1262 906 1348 άνθρωπείας
922 1260 982 1329 ῦπό
1001 1265 1230 1347 πεπλανημένων
1252 1291 1304 1330 αν-

154 1372 233 1450 δρῶν
251 1370 282 1432 ἐν
298 1365 400 1455 κόσμῳ
421 1369 617 1452 ἐσπαρμένης,
640 1365 719 1443 ἐξότε
736 1364 900 1451 ἅνθρωπος
918 1369 967 1433 ἐπί
985 1373 1041 1452 γῆς
1058 1367 1219 1433 πέπλασται
1236 1362 1305 1452 άχρι

153 1475 207 1534 τοῦ
224 1465 365 1552 ἡμετέρου
378 1467 500 1553 χρόνου,
515 1470 644 1534 τουτέστι
660 1471 807 1551 βασιλείας
827 1475 841 1512 ⁸
854 1465 1095 1533 Οόαλεντινιανοῦ
1109 1468 1160 1532 καί
1177 1465 1306 1532 Οῦάλεν-

153 1597 204 1646 τος
220 1569 377 1634 ἑνδεκάτου
392 1573 488 1648 ἔτους,
509 1572 560 1634 καί
575 1576 747 1652 Γρατιανοῦ.
779 1575 846 1655 Τῶν
861 1569 893 1634 δέ
909 1566 962 1649 ὑφ’
979 1567 1066 1652 ήμῶν
1082 1567 1244 1652 μελλόντων
1262 1573 1307 1646 εἰς

154 1678 263 1756 γνῶσιν
276 1678 334 1735 τῶν
349 1669 679 1757 ἐντυγχανόντωνήκειν
697 1669 837 1754 αἱρέσεων
851 1696 881 1734 τε
894 1673 946 1736 καί
960 1679 1021 1737 τῶν
1042 1670 1180 1736 άνωτάτω
1199 1669 1235 1734 τά
1250 1672 1306 1753 μέν

154 1775 188 1838 ἐκ
214 1778 411 1854 φιλομαθείας
435 1777 533 1855 ίσμεν,
560 1769 606 1837 τάΙ
619 1772 650 1836 δέ
669 1774 698 1848 ἐξ
719 1769 812 1855 άκοής
831 1771 1063 1857 κατειλήφαμεν,
1091 1781 1153 1847 τοῖς
1175 1773 1208 1836 δέ
1228 1795 1307 1838 τισιν

156 1877 243 1948 ίδίοις
260 1871 313 1938 ω’σί
333 1877 382 1939 καί
401 1871 571 1956 όφθαλμοίς
586 1873 797 1958 παρετόχομεν,
819 1876 869 1939 καί
885 1882 944 1940 τῶν
962 1875 1015 1956 μὲν
1031 1872 1084 1950 τάς
1102 1878 1183 1958 ῥίζας
1199 1877 1250 1938 καί
1266 1874 1306 1939 τά

154 1974 318 2060 διδάγματα
340 1978 369 2053 ἐξ
389 1973 532 2060 άκριβοῦς
552 1979 719 2060 ἐπαγγελίας
734 1974 899 2042 άποδοῦναι
916 1974 1166 2058 πεπιστεύκαμεν,
1188 1983 1248 2041 τῶν
1270 1977 1304 2042 δέ

153 2078 244 2162 μέρος
267 2104 294 2141 τι
314 2085 373 2142 τῶν
394 2075 486 2162 9παρ’
504 2075 606 2154 αῦταῖς
630 2080 850 2164 10γινομένων·
874 2081 903 2155 ἐξ
919 2071 963 2143 ῶν
986 2085 1074 2143 τοῦτο
1093 2079 1147 2160 μέν
1165 2078 1215 2143 διά
1236 2099 1304 2143 συν-
1410 2132 1414 2139 .

154 2177 308 2263 ταγμάτων
330 2187 462 2245 παλαιῶν
478 2182 684 2264 συγγραφέων,
705 2187 792 2257 τοῦτο
811 2181 844 2245 δέ
863 2176 901 2244 δι’
922 2177 1014 2260 σίκοής
1032 2176 1203 2262 άνθροόπων
1220 2177 1305 2264 άκρι·

55 2310 106 2353 ρος.
119 2299 140 2344 σ.
156 2284 218 2362 βῶς
240 2284 467 2364 πιστωσαμένων
490 2280 543 2364 τήν
566 2279 652 2365 ήμῶν
678 2276 797 2346 ἔννοιαν
820 2283 960 2365 ἔγνωμεν.
1008 2287 1101 2346 Τοῦτο
1130 2282 1162 2345 δὲ
1187 2279 1220 2346 τό
1242 2288 1305 2346 πᾶν

155 2381 358 2466 συνηγάγομεν
375 2383 558 2467 φρόντισμα,
579 2381 616 2448 οό
639 2379 677 2447 δι’
697 2384 810 2446 ἑαυτῶν
830 2380 1068 2463 ἐπιβαλλόμενοι,
1096 2380 1151 2448 οῦκ
1174 2386 1304 2466 ἐπεντρι·

154 2484 255 2566 βέντες
275 2487 455 2571 ἐπαγγελίαις
476 2481 726 2568 ῦπερβαινοόσαις
743 2479 797 2564 τήν
813 2479 898 2565 ήμῶν
919 2487 1120 2568 βραχυλογίαν.
1165 2485 1226 2549 Καὶ
1245 2483 1304 2570 γάρ

153 2586 205 2651 καί
220 2583 312 2653 αότόν
331 2595 438 2653 τοῦτον
456 2584 508 2651 τόν
524 2583 628 2668 λόγον,
649 2582 685 2648 δν
701 2593 856 2649 συνθεῖναι
872 2582 1078 2668 ηὐδοκήσαμεν
1100 2593 1176 2652 θεοῦ
1196 2585 1305 2669 βουλή-

154 2709 213 2765 σει,
235 2690 265 2764 ἐξ
283 2686 401 2770 α’νδρῶν
423 2683 653 2767 11φιλοκάλων,
677 2682 781 2751 άλλοθι
807 2684 944 2762 Ηάλλως
961 2688 1010 2751 καί
1029 2685 1128 2752 άλλοτε
1145 2685 1242 2762 άλλως
1251 2713 1303 2754 νυ·

154 2787 269 2864 ξάντων
283 2786 337 2868 τήν
351 2784 435 2869 ήμῶν
452 2784 618 2864 άσθένειαν,
638 2788 691 2851 καί
705 2790 890 2871 βιασαμένων
905 2786 994 2870 ήμάς,
1016 2786 1057 2864 ῶς
1073 2792 1176 2868 εἰπεῖν,
1198 2797 1303 2872 παρελ·

154 2896 223 2952 θεῖν
245 2890 287 2963 είς
307 2894 409 2966 τοῦτο,
430 2885 472 2964 ῶς
494 2884 515 2970 ή
538 2885 622 2970 ῦμῶν
642 2887 773 2971 τιμιότης
792 2889 949 2976 γράφουσα
973 2888 1023 2954 διά
1051 2898 1304 2976 ηιτροςρητιιιῶν
1399 2957 1401 2964 ,

155 2986 333 3072 γραμμάτων
353 2986 475 3071 ήτησεν,
497 2982 707 3072 ῶτιμιοότατοί
729 3019 786 3073 μου
806 2990 928 3073 άδελφοί
948 2994 1000 3057 καί
1027 2991 1304 3072 ΙᾸλφιλοιιαλοότατοι

154 3086 272 3154 Ἀκάκιε
295 3091 345 3154 καί
366 3096 465 3156 Παῦλε
483 3091 747 3179 συμπρεσβότεροι·
769 3096 833 3160 ἐπεί
854 3087 909 3159 οῦν
927 3093 1116 3176 πανταχόθεν
1138 3092 1196 3159 οῦκ
1218 3092 1305 3159 άθεελ

161 3199 195 3239 ¹⁶
213 3192 416 3273 διασκοπήσας
444 3192 496 3268 τάς
519 3192 645 3274 ψήφους
666 3204 725 3261 τῶν
746 3195 888 3279 αἰτήσεων
911 3194 962 3262 διά
986 3195 1040 3278 τήν
1063 3193 1304 3279 ὑπερβάλλουσαν

155 3303 214 3361 τῶν
233 3301 286 3360 τοῦ
302 3301 381 3360 θεοῦ
400 3293 516 3360 δοῦλων
536 3293 654 3379 όγάπην
684 3302 796 3364 ιθείσω
817 3306 976 3380 παρελθεῖν
990 3303 1186 3380 κατηξίωμαι,
1209 3296 1245 3364 οῦ
1266 3297 1304 3363 δι’

156 3395 288 3474 εῦεπείας
304 3395 414 3483 λόγων,
436 3393 474 3462 οῦ
493 3394 655 3477 στωμόλοις
670 3401 728 3463 τισί
744 3408 911 3485 φθογγαῖς,
933 3398 992 3464 ἄλλ’
1006 3397 1085 3488 άπλή
1100 3409 1135 3489 πή
1151 3402 1303 3488 διαλέκτῳ,

206 3624 257 3664 ειν.

23 3721 90 3788 Κεφ.
108 3717 140 3787 γ’.
157 3600 204 3682 λέν
232 3705 302 3773 ΙΚαί
318 3709 487 3792 Νίκανδρος
503 3704 556 3788 μέν
576 3702 594 3771 ό
616 3704 802 3792 ουγγραφεῦς
817 3714 924 3793 θηρῶν
944 3732 975 3770 τε
991 3710 1041 3772 καί
1055 3708 1186 3793 ἑρπετῶν
1201 3707 1303 3790 ἐποιή·

157 3823 227 3867 σατο
255 3809 314 3867 τῶν
339 3805 456 3884 φάσεων
484 3806 538 3891 τήν
562 3815 685 3894 γνῶσιν,
716 3805 796 3873 άλλοι
824 3809 857 3873 δὲ
881 3818 1058 3895 συγγραφεῖς
1077 3814 1165 3894 ῥιζῶν
1192 3835 1223 3874 τε
1252 3812 1304 3875 καὶ

193 4011 252 4060 (ἷκε.
268 4012 299 4061 ΙΙ.
321 4039 354 4049 -
389 4012 412 4063 1.
428 4015 501 4085 παντί.
516 4032 561 4067 σοι.
576 4019 628 4068 οοδ.
638 4020 714 4068 veum.
781 4014 805 4069 9.
823 4012 880 4082 παρ’
895 4010 983 4075 αῦταῖς
999 4020 1089 4068 correxi
1104 4020 1155 4068 τοδ.
1171 4019 1248 4066 Veneti
1269 4019 1306 4063 ἰκ-

190 4078 215 4129 Ἰ·
232 4071 272 4130 ’ὅτι
288 4081 340 4129 ⁶⁰11·
360 4081 413 4128 Vm·
626 4083 627 4086 ’
745 4087 829 4147 μείονι
850 4089 941 4134 νεανίαι
960 4087 1116 4147 scripturam,
1138 4091 1164 4135 ιἰι
1196 4098 1226 4132 νο
1243 4085 1306 4129 σκιαί

166 4147 216 4230 (δ
241 4143 406 4231 ἐφευρήματα
438 4149 489 4198 cod.
516 4153 590 4200 γοναί
641 4156 715 4216 Vulgo
747 4147 805 4218 παρ’
822 4146 914 4209 αὐτοῖς.
951 4155 1022 4214 Vulgo
1044 4156 1127 4216 λυρίσαι
1151 4146 1187 4204 ἀπ
1212 4141 1304 4212 ου’τῆς,

159 4231 341 4348 mium&
358 4284 408 4332 ⁶⁰&
426 4284 478 4332 Vm·
746 4222 989 4354 mmmmm„
1006 4291 1057 4338 οοδ.
1073 4290 1127 4337 Vm.

192 4349 217 4399 5·
235 4347 272 4416 μδ
290 4367 336 4401 σοι
352 4353 420 4400 Μῦν
436 4351 487 4399 συὶ·
503 4352 558 4400 Vm
783 4355 822 4407 11.
839 4348 980 4422 φαικάιω
998 4357 1048 4405 ωε.
1067 4357 1140 4403 mot.
1176 4352 1249 4412 νοω
1264 4367 1304 4416 φι-

192 4413 220 4469 6.
235 4415 414 4485 καθιστάμενα
430 4419 482 4468 cod.
499 4417 596 4480 Βδτσιρ.
749 4419 872 4491 λοσόφωγ,

193 4483 217 4537 7.
233 4502 262 4538 τε
276 4487 335 4539 θεοῦ
352 4484 397 4539 καὶ
412 4479 545 4545 άπισιιίας
560 4486 611 4535 ωδ
627 4490 681 4540 λιιι.
783 4492 823 4543 12.
841 4484 921 4542 ἄλλων
938 4491 1029 4537 volebat
1042 4487 1161 4534 petavius.

192 4550 216 4604 8.
234 4557 270 4606 ua
283 4556 333 4606 ωδ.
352 4559 407 4606 Vm.
443 4557 516 4618 σῶμα
534 4544 705 4610 Ουἀλτντιιοῦ.
785 4557 825 4611 13.
846 4551 1018 4619 προςρητυιῦι
1042 4551 1093 4600 ωδ
1116 4555 1168 4605 ναι.
1190 4571 1303 4623 προεφυ-
