3046 5084
260 326 319 387 138
680 336 800 390 θΑΝὓΤΙ
816 337 984 388 ssPwflfflu

257 451 291 519 τό
309 454 453 538 ἐνέργημα
467 450 517 516 διά
531 458 584 516 τοῦ
603 453 773 538 ὕέργαλείον
789 450 826 517 δι’
842 445 878 517 ού
894 451 927 517 τό
943 454 1029 536 έργον
1043 455 1161 537 γίνεται,
1185 448 1225 527 τίς
1239 453 1290 516 καῖ
1303 452 1408 538 γέγρα·

258 580 344 632 πται,
366 552 423 635 Μή
442 552 656 634 δοξασθήσεται
672 558 768 637 πρίων
782 552 853 619 άνευ
865 562 919 618 τοῦ
933 554 1068 629 έλκοντος
1084 551 1190 631 αύτόν,
1212 555 1264 618 καί
1280 552 1316 617 τά
1332 555 1409 636 ἑξῆς.

259 655 345 723 Ούτω
368 656 399 720 δὲ
421 652 536 739 όριῖμεν
557 655 603 719 ότι
623 653 691 720 ούτε
713 653 841 739 μάχαιρα
863 658 940 718 αἰτία
959 652 1088 737 ῖφόνου,
1117 653 1176 720 ἄλλ’
1194 652 1211 719 6
1226 661 1263 743 τῇ
1280 660 1410 744 μαχαίρᾳ

254 756 306 821 τόν
323 755 420 835 φόνον
439 754 631 839 ἐπιχειρήσας.
676 759 737 820 Καί
758 755 793 821 ού
809 754 841 821 τό
857 763 1087 842 κηροπλαστεῖον
1104 755 1228 821 δύναται
1246 755 1283 821 δι’
1300 760 1410 823 έαυτοῦ

254 867 351 923 ποιεῖν
367 856 402 923 τά
417 856 616 939 πλασσόμενα,
638 855 696 921 ἄλλ’
710 856 729 923 ό
745 858 777 922 τό
795 866 1025 940 κηροπλαστεῖον
1038 860 1090 921 καλ
1103 856 1136 922 τό
1152 858 1271 940 πλάσμα
1285 857 1409 944 ἐργασά-

258 985 353 1043 μενος.
400 957 519 1023 Οὐκοῦν
535 957 604 1024 ούτε
620 962 650 1023 οί
667 957 781 1043 άγγελοι
797 962 899 1037 αίτιοι,
922 957 980 1023 ἄλλ’
997 956 1015 1023 6
1031 958 1101 1035 τούς
1116 957 1255 1045 άγγέλους
1270 959 1407 1041 ποιήσας,

257 1065 285 1127 εί
298 1064 349 1126 καὶ
363 1054 402 1143 ήν
415 1066 607 1146 παραγγείλας
621 1057 722 1135 αύτοῖς
737 1068 792 1125 τοῦ
806 1060 847 1142 μή
860 1067 983 1142 ποιήσαι
998 1057 1170 1143 άνθρωπον.
1217 1061 1277 1126 8Ἢ
1285 1060 1341 1147 γάρ
1354 1088 1408 1126 κα-

255 1167 450 1244 ταψηφίζεται
469 1171 522 1243 τῆς
543 1161 605 1227 άνω
627 1160 779 1242 δυνάμεως
795 1160 917 1246 άγνοιαν
933 1164 984 1225 καὶ
1002 1158 1148 1246 άγνωσίαν
1169 1171 1229 1228 τῶν
1246 1162 1409 1246 μελλόντων

256 1267 378 1330 ἔσεσθαι
393 1262 475 1349 παρά
489 1262 522 1328 τό
538 1261 629 1347 αύτής
644 1265 759 1346 θέλημα
775 1265 1020 1344 ἐπιτελουμένων,
1053 1263 1098 1346 9ή
1114 1261 1234 1351 εύδοκίρι
1249 1272 1285 1353 τῇ
1301 1266 1409 1345 ἑαυτῆς

256 1364 327 1442 τούς
343 1364 481 1451 α’γγέλους
497 1367 688 1447 πεποιηκέναι
703 1363 779 1449 πρός
798 1364 831 1430 τό
850 1365 993 1448 χρήσιμον
1013 1371 1066 1445 τῆς
1083 1372 1266 1447 κατασκευῆς
1285 1373 1338 1431 τοῦ
1355 1363 1406 1431 άν-

255 1467 400 1552 θρώπου,
424 1461 460 1533 οὗ
474 1466 563 1549 ήθελε
578 1466 817 1545 κατασκευάζειν,
839 1465 986 1549 ποιήσασα
1001 1466 1070 1542 τούς
1086 1464 1225 1551 άγγέλους
1241 1469 1292 1531 καὶ
1306 1465 1347 1551 μή
1361 1469 1407 1537 ἐν·

255 1571 407 1650 τειλαμένη
424 1575 478 1633 τοῦ
495 1566 536 1650 μή
552 1571 712 1634 ἐπιτελέσαι
726 1566 759 1633 τό
774 1570 953 1650 ἐπιχείρημα,
976 1570 1106 1633 τουτέστι
1121 1576 1174 1633 τοῦ
1190 1566 1358 1653 άνθρώπου
1371 1567 1406 1635 τό

255 1679 425 1748 πλαστεῖον,
448 1667 489 1746 ώς
508 1667 529 1753 ή
551 1668 650 1735 αὐτῶν
671 1668 815 1751 μυθώδης
834 1674 1004 1755 τεχνουργία
1025 1671 1156 1754 περιέχει.

122 1871 189 1940 Κεφ·
206 1873 238 1928 δ’·
346 1872 405 1936 ιἯ
419 1870 530 1938 ούκοῦν
546 1872 635 1938 πάλιν
651 1872 703 1938 τόν
722 1872 893 1958 μυθολόγον
908 1875 1076 1958 ἐρωτητὲον,
1090 1871 1189 1939 Ἤιδει
1205 1869 1225 1955 ή
1241 1870 1302 1937 άνω
1317 1870 1408 1937 δύνα·

258 2001 308 2057 μις
323 1976 369 2040 ὅτι
384 1976 516 2058 μέλλουσι
532 1974 683 2060 πράττεινς
708 1978 785 2055 Ναί,
807 1981 906 2058 φησίν.
942 1973 1020 2059 ’Ἆρα
1035 1981 1108 2059 γοῦν
1121 1977 1148 2039 εί
1161 1973 1240 2063 ᾔδει,
1262 1970 1337 2055 αύτή
1353 1998 1405 2038 πε-

257 2081 379 2158 ποίηκε,
408 2080 457 2142 καί
480 2075 535 2142 ούκ
554 2075 650 2141 αύτοί·
680 2081 707 2141 εέ
726 2079 758 2142 δέ
776 2076 924 2166 ᾔδειμέν,
957 2075 1013 2141 ούκ
1030 2074 1183 2158 ήθελεδέ,
1212 2074 1293 2163 παρά
1308 2076 1339 2140 δέ
1354 2076 1410 2160 τήν

258 2177 351 2262 αύτής
363 2178 482 2265 γνώμην
499 2183 684 2264 ἐπεχείρησαν
699 2176 731 2245 τό
749 2183 918 2263 ἐπιχείρημα
933 2177 1028 2256 αύτοὶ,
1050 2182 1107 2242 τίνι
1120 2177 1251 2268 τῷλόγῳ
1267 2175 1304 2244 ού
1316 2177 1410 2245 κεκώ-

258 2291 360 2360 λυκεν,·
390 2285 433 2345 Et
448 2283 480 2346 δέ
497 2279 650 2356 άδυνάτως
665 2284 728 2362 ἐσχε
746 2287 798 2346 τοῦ
814 2287 952 2357 κωλῦσαι,
973 2278 1078 2363 πρώτη
1093 2278 1256 2362 φαυλότης,
1278 2279 1325 2346 ότι
1338 2278 1410 2345 καθ’

259 2381 351 2465 αύτῆς
363 2382 433 2459 τούς
446 2381 496 2447 ύπ’
511 2380 602 2464 αύτῆς
615 2382 770 2466 γεγονότας
783 2379 922 2465 άγγέλους
935 2385 976 2458 είς
989 2379 1139 2446 άντίθεσιν
1151 2383 1259 2464 έαυτής
1271 2384 1322 2447 καί
1334 2408 1410 2467 παρ-

151 2511 201 2555 pug-
215 2503 247 2546 σε.
261 2484 390 2568 οξυσμόν
406 2483 612 2550 κατεσκεύασε·
635 2484 772 2568 δεύτερον
788 2483 833 2563 δὲ,
856 2481 902 2547 ότι
919 2485 1069 2566 δυναμένη
1086 2481 1122 2549 ού
1137 2482 1316 2563 κεκώλυκεν,
1338 2482 1410 2549 άλλά

258 2587 440 2672 συνήργησεν
459 2590 500 2661 είς
515 2582 547 2650 τό
566 2584 699 2669 πονηρόν
715 2586 802 2668 έργον
821 2583 854 2650 τό
879 2582 963 2650 ἐύπό
985 2592 1044 2650 τών
1062 2582 1189 2670 άγγέλων
1207 2587 1407 2671 γεγενημένον.

259 2693 303 2754 Εἰ
317 2690 348 2753 δέ
362 2686 399 2753 ού
414 2685 592 2772 συνήργησε,
613 2689 665 2752 καὶ
680 2690 861 2769 βουληθεῖσα
874 2685 928 2751 ούκ
944 2684 1085 2769 ἠδυνήθη
1099 2694 1237 2768 κωλύσαι,
1259 2685 1351 2771 πολλή
1365 2713 1410 2763 τις

261 2788 400 2855 άσθένεια
417 2791 448 2854 ἐν
463 2796 499 2878 τῇ
515 2788 665 2878 θελησάση
682 2790 732 2854 καλ
749 2787 790 2871 μή
806 2792 976 2878 δυνηθείση.
1021 2791 1083 2853 Καὶ
1098 2796 1206 2870 μᾶλλον
1223 2786 1411 2875 ἰσχυρότερον

258 2895 303 2972 είη
320 2889 353 2955 τό
370 2888 421 2953 ύπ’
438 2888 528 2972 αὐτῆς
544 2890 699 2977 γενόμενον
715 2897 773 2956 τοῖν
789 2888 917 2975 άγγέλων
933 2895 1037 2971 στίφος
1053 2889 1074 2973 ἢ
1089 2886 1110 2973 ή
1126 2887 1215 2974 αύτή,
1238 2894 1317 2957 αίτία
1334 2884 1411 2957 ούσα

258 3001 318 3058 τῶν
332 2990 381 3056 ύπ’
397 2990 488 3074 αύτής
502 2992 664 3078 γεγονότων
679 2991 813 3077 άγγέλων.
854 2990 1035 3069 Ἐξάπαντος
1048 2997 1149 3057 τοίνυν
1164 2990 1310 3059 ἁλίσκεται
1323 2990 1344 3077 ἦ
1357 3001 1412 3076 τῆς

260 3098 399 3179 αἱρέσεως
415 3092 570 3173 ύπόθεσις,
592 3092 751 3182 άσυστασίμ
767 3101 875 3176 μᾶλλον
890 3098 1117 3180 περιπίπτουσα,
1138 3097 1191 3159 καί
1205 3093 1260 3161 ούκ
1274 3093 1409 3182 α’ληθείμ.

261 3201 305 3263 Et
316 3200 348 3264 δέ
364 3200 501 3283 ἐγίνωσκε
516 3197 580 3279 μέν,
603 3194 718 3285 ἀνάγκη
735 3197 766 3260 δὲ
780 3198 873 3261 ἐποίει
886 3194 1026 3277 τούτους,
1049 3195 1068 3261 6
1083 3194 1125 3278 μή
1139 3198 1229 3279 θέμις
1244 3199 1304 3263 ἐστί
1318 3194 1409 3281 πράτ-

258 3327 319 3367 τειν
333 3296 414 3386 παρά
431 3296 464 3365 τό
480 3296 572 3380 αύτῆς
587 3297 735 3381 βούλημα,
758 3297 911 3363 ἐλαττώσει
927 3300 1011 3386 ε’τέρρι
1026 3309 1221 3383 περιπεσεῖται
1235 3296 1338 3377 πάλιν,
1357 3298 1411 3361 καλ

261 3402 331 3469 ούδέ
349 3408 385 3469 ἐν
402 3401 546 3487 πλήρωμα
562 3397 749 3484 εύρεθήσεται
767 3403 799 3466 έν
815 3408 852 3489 τῇ
871 3399 933 3465 άνω
950 3399 1075 3482 δυνάμει
1089 3398 1165 3466 κατά
1181 3398 1234 3465 τόν
1251 3396 1344 3464 αύτοῦ
1360 3395 1408 3462 λό-

260 3531 320 3588 γον.
354 3504 422 3571 Ἔτι
440 3505 472 3570 δέ
489 3508 685 3587 προςθείημεν
700 3499 791 3567 αύτόν
807 3505 986 3588 ἐρωτῶντες,
1015 3504 1093 3588 Λέγε
1108 3500 1194 3586 ήμῖν,
1222 3493 1365 3579 ώούτος,
1393 3497 1412 3566 6

262 3604 312 3669 διά
326 3613 463 3692 θυρίδων
477 3604 674 3693 παρακύψας,
696 3602 734 3669 ἵν’
749 3603 826 3669 ούτω
842 3603 973 3688 χλευάσω
989 3602 1044 3687 τήν
1057 3601 1113 3688 σήν
1128 3606 1290 3690 ληρωδίαν,
1311 3606 1363 3669 καί
1379 3606 1412 3669 ἐν

262 3712 303 3793 τῷ
319 3704 521 3791 παρακύπτειν
537 3705 688 3790 σκοπήσας
705 3703 746 3783 ώς
763 3709 941 3789 ἐκτίσθησαν
960 3711 991 3773 οί
1003 3704 1134 3792 άγγελοι,
1155 3708 1206 3772 καλ
1221 3704 1276 3790 τήν
1291 3704 1342 3773 ύπ’
1359 3705 1411 3772 αύ-

263 3813 321 3871 τοῖν
339 3810 406 3892 περὶ
421 3809 453 3874 τό
470 3809 666 3896 άνθρώπινον
680 3807 799 3892 πλάσμα
812 3813 1016 3893 τεχνουργίαν,
1038 3807 1103 3874 τότε
1123 3807 1347 3886 ’κατοπτεύσας
1363 3810 1414 3875 καί

262 3916 315 3991 τῆς
336 3904 454 3973 άνωθεν
471 3913 624 3995 δυνάμεως
642 3909 805 3993 έξιγνιάσας
821 3910 875 3994 τήν
891 3915 1119 3992 μηχανοποιΐαν,
1150 3909 1271 4000 ᾔδεισαν
1286 3904 1370 3978 οὗτοι
1386 3914 1414 3974 τί

262 4008 456 4089 πλάσσουσιν,
476 4011 654 4099 ἢήγνόουνς
676 4011 852 4100 α’γνοοῦντες
870 4012 919 4090 δέ,
947 4008 1008 4077 ύπό
1023 4016 1102 4088 τίνος
1115 4010 1314 4099 ἠναγκάζοντο
1331 4010 1365 4076 τό
1381 4012 1413 4075 ἐν

295 4170 319 4224 6.
338 4164 456 4232 ἐργασίαν
471 4170 521 4217 cod.
538 4172 613 4220 Venet.
856 4165 859 4171 '
889 4161 1275 4231 (Σιε.Ιλ1.-1.Ἦλοιμλαπτ
1290 4167 1413 4216 delendum

296 4239 321 4290 7.
338 4234 382 4288 τοῦ
399 4229 476 4301 φόνου
492 4239 542 4285 cod.
561 4241 636 4287 Vener.
854 4239 941 4288 censuit
957 4239 1076 4288 Ριιαοῖυε.
1111 4239 1159 4288 διδ
1175 4240 1229 4285 libri
1245 4238 1344 4285 λυεπῖατ.

296 4309 321 4356 θ.
339 4306 403 4352 Libri
420 4305 489 4365 ουληο
507 4301 529 4353 εἰ
546 4299 603 4368 γάρ.
887 4304 912 4356 2.
930 4299 978 4358 άπὸ
996 4308 1047 4356 ωδ.
1065 4309 1138 4355 ναίει.
1154 4308 1176 4353 τε
1190 4304 1228 4353 ed.
1248 4302 1326 4354 Ρααυ.
1361 4295 1411 4354 αἐιό

297 4370 323 4506 9).
341 4367 448 4490 ὲνιιῖροή
466 4363 570 4422 εύδοκία
584 4370 619 4438 τῇ
636 4373 697 4439 (τῆς
710 4377 762 4426 ωδ.
779 4377 821 4424 λέ·
854 4376 904 4425 ωδ.
922 4375 1019 4438 amaia.
1037 4379 1058 4425 ει
1073 4376 1127 4424 edit.
1142 4373 1218 4433 μαῖαι.

263 4444 308 4489 παλ.
354 4438 442 4504 αυτής.
