3046 5084
380 336 516 392 ιιιιιιιιι
533 340 596 392 ers.
611 342 630 393 ι.
647 342 728 394 ron.
742 341 774 394 ιι.
791 342 889 393 naen.
904 341 1006 393 xxxo.
1207 330 1267 396 385

116 460 195 523 tbeta
210 460 274 523 sire
292 457 439 522 Delinitor
452 457 574 539 dicitur,
599 460 677 523 etad
695 481 760 525 eum
774 459 838 524 luot
852 462 1012 525 inclamans
1031 463 1083 525 buc
1098 463 1177 528 illum
1195 485 1268 527 soce

115 561 250 625 firmavit.
284 558 392 645 Neque
406 582 479 625 uero
493 561 696 625 duodecimum
710 563 767 626 iarn
779 584 887 625 annum
901 563 1044 646 sauguine
1059 565 1150 628 tlnem
1165 565 1270 629 mulier

115 666 149 728 ad
167 666 290 728 istorum
306 662 431 728 labulam
448 663 599 742 convenit,
625 683 699 747 quae
714 674 849 728 rertcnte
863 665 978 728 demum
993 687 1069 728 anuo
1085 667 1267 744 duodecimo,

116 778 267 852 postquam
291 777 352 829 toto
375 765 425 828 illo
449 775 581 849 tempore
603 763 747 851 prollusio
767 765 917 849 sanguinis
936 766 1115 846 laborasset,
1149 779 1269 853 repente

115 869 280 932 consenuit.
326 865 397 930 Non
421 867 498 930 enim
521 867 654 931 undecim
675 868 760 931 annis
783 889 891 953 expers
916 868 1008 931 rnorbi
1032 868 1201 934 duodecimo
1221 871 1270 933 de·

114 993 192 1034 mom
212 971 366 1034 sanitatem
387 968 521 1033 obtinuit.
568 969 614 1032 ilc
633 990 727 1054 oeque
744 971 848 1034 mulier
866 971 933 1051 illa,
965 992 1040 1055 quac
1058 973 1150 1036 denas
1168 973 1270 1036 dracb-

115 1094 177 1137 mas
198 1072 339 1151 babebat,
364 1088 450 1135 uuam
468 1092 508 1135 ex
525 1072 561 1135 iis
579 1073 677 1136 amisit
691 1073 826 1153 omnino,
860 1094 916 1157 quo
935 1074 1150 1139 commentitius
1169 1075 1218 1139 illc
1236 1097 1270 1138 ee

117 1175 259 1239 materiae
275 1185 429 1239 concretus
447 1174 533 1239 Aeon
551 1186 688 1238 constare
706 1179 809 1260 possit.
857 1177 1001 1240 Accendit
1016 1177 1093 1240 enim
1107 1178 1268 1258 lucernam,

118 1288 148 1340 et
170 1277 336 1341 drachmam
358 1276 478 1363 reperit.

190 1376 387 1462 Quamobrem
401 1379 512 1443 duobus
525 1379 605 1444 bisce
620 1379 752 1444 tribusve
767 1381 865 1445 verbis
879 1382 992 1446 illorum
1010 1382 1140 1448 discussa
1154 1384 1267 1447 somnia
1314 1386 1373 1452 cap.

117 1503 201 1566 quam
220 1482 317 1567 putida
333 1492 364 1546 et
377 1481 522 1545 imbecilla
538 1483 597 1545 sint
612 1482 697 1546 lacile
713 1484 840 1568 prudens
855 1484 975 1568 quilibet
990 1496 1020 1549 et
1034 1497 1154 1550 sauctae
1169 1507 1203 1548 ac
1218 1453 1411 1551 ca-XXXVIII

119 1585 242 1648 tbolieae
257 1584 303 1648 dci
319 1584 462 1648 ecelesiae
479 1584 554 1648 tilius
568 1583 791 1649 animadvertet.
839 1584 899 1650 lam
916 1589 994 1651 enim
1010 1590 1122 1652 veritus
1138 1609 1206 1673 ego,
1232 1610 1268 1652 ne

116 1687 141 1750 si
159 1686 289 1772 pluribus
304 1687 334 1750 in
351 1706 416 1750 eam
434 1697 544 1750 sectam
562 1686 696 1751 invectus
714 1689 815 1769 luero,
848 1690 876 1752 in
895 1690 1038 1754 inlinitum
1057 1691 1144 1755 abeat
1162 1691 1268 1771 oratio,

114 1789 150 1852 ad
166 1788 242 1852 bunc
259 1811 351 1875 usquo
368 1788 465 1853 locum
482 1810 656 1876 progressus
671 1790 785 1854 urodum
802 1792 943 1855 adhibebo
961 1794 1138 1856 refellendae
1153 1793 1269 1856 illorum

113 1892 276 1976 nequitiae,
311 1913 416 1976 meque
434 1891 470 1955 ad
490 1878 607 1955 ceteras¹
623 1892 840 1976 redarguendas
859 1895 1019 1957 coulcram.
1067 1892 1125 1958 Sed
1146 1897 1267 1980 primum

114 1995 178 2059 viae
195 1996 262 2058 mibi
280 1996 384 2059 ducem
403 2007 434 2057 et
449 1993 653 2058 imbecillitatis
671 1994 831 2057 adiutorem
849 2016 930 2059 meae
947 1997 1030 2059 deum
1048 1996 1203 2075 invocabo,
1227 1998 1268 2060 uti

114 2118 160 2161 me
174 2107 204 2160 et
219 2096 255 2160 ab
269 2096 354 2161 buius
371 2107 470 2161 sectae
486 2095 727 2181 superiorumque
740 2097 867 2160 omnium
881 2108 910 2161 ct
923 2097 959 2160 ab
973 2098 1187 2182 insequentium
1202 2119 1271 2162 con·

115 2201 233 2284 tagione
254 2199 377 2279 liberet,
408 2220 481 2284 quas
497 2197 528 2262 in
547 2199 725 2262 eruditorum
744 2200 890 2264 bominum
908 2201 1050 2284 gratiam,
1082 2200 1130 2284 qui
1146 2199 1271 2264 absurda

113 2304 163 2367 illa
187 2313 216 2366 et
240 2302 339 2367 inania
357 2302 511 2387 dogmata,
544 2301 665 2386 quaein
684 2302 760 2365 bunc
780 2301 879 2366 orbem
900 2314 1075 2388 eruperunt,
1107 2303 1271 2367 accuratius

114 2407 269 2493 explorare
284 2404 415 2483 student,
440 2404 578 2489 deinceps
593 2425 814 2490 persequemur.
858 2403 1008 2489 Siquidem
1024 2403 1200 2470 Valentinus
1214 2406 1271 2469 iste

113 2509 226 2574 suisio
252 2508 479 2593 quamplurimos
503 2507 617 2571 diliusis
641 2508 920 2592 communicatisque
940 2507 1080 2586 somniis,
1116 2530 1180 2571 enm
1204 2529 1271 2572 sese

116 2610 291 2676 Gnosticnm
309 2610 449 2697 appellari
466 2610 634 2690 maluisset,
667 2611 791 2690 multos,
815 2621 847 2674 ut
865 2611 904 2673 ita
923 2611 1067 2689 dixerim,
1093 2610 1225 2696 scorpios
1241 2611 1270 2675 in

116 2736 203 2778 unam
219 2725 352 2779 catenam
370 2714 565 2791 constrinxit,
590 2713 617 2777 id
634 2713 710 2797 quod
725 2725 811 2777 vetus
828 2735 862 2776 ac
878 2724 982 2777 testata
1002 2714 1159 2777 similitudo
1176 2714 1271 2778 decla-

115 2828 173 2881 rat.
219 2815 367 2882 Nimirum
391 2817 524 2903 scorpios
548 2817 583 2881 cd
605 2816 705 2880 decem
728 2817 864 2902 pluresve
887 2827 1008 2881 catenae
1030 2819 1124 2882 instar
1141 2817 1214 2880 alios
1234 2816 1270 2881 ab

117 2922 184 2986 aliis
199 2940 359 3006 suspensos
375 2941 442 2985 sese
459 2942 499 2984 ex
515 2931 593 2984 tecto
608 2940 642 2982 ac
657 2919 766 2983 solario
784 2920 956 3000 demittere,
981 2920 1082 3005 sicque
1102 2942 1141 2984 ex
1158 2921 1270 2984 insidiis

23 3075 28 3083 .
116 3024 249 3089 bomines
275 3023 450 3110 opprimere.
497 3019 549 3087 Sic
571 3022 619 3086 ille
644 3022 811 3108 posterique
837 3022 900 3086 eius
923 3043 1024 3087 omnes
1047 3021 1183 3087 Gnostici
1208 3023 1270 3088 lalsi

118 3127 261 3213 dogmatis
277 3138 415 3192 suctores
430 3127 571 3204 extitere,
595 3136 625 3188 et
639 3124 675 3188 eb
691 3125 740 3188 illo
754 3126 865 3190 erroris
880 3137 1050 3211 argumenta
1064 3127 1141 3190 nacti
1156 3147 1190 3190 ac
1206 3147 1272 3190 suc-

117 3231 252 3295 cessione
275 3229 398 3314 qnadam
420 3229 545 3293 invicem
568 3227 664 3292 edocti
686 3228 721 3291 ad
738 3249 802 3291 eam
822 3250 907 3313 quam
927 3250 943 3291 a
960 3229 1100 3314 magistro
1118 3240 1272 3313 acceperat

117 3355 199 3398 suam
223 3333 344 3418 quilibet
366 3331 532 3419 opinionem
555 3330 677 3410 adiecit,
709 3352 873 3416 novamque
892 3343 1001 3396 sectam
1021 3354 1086 3394 eum
1106 3331 1203 3415 priore
1222 3352 1271 3394 co·

118 3437 286 3501 haerentem
304 3435 429 3500 invexit.
477 3431 543 3517 Qua
566 3455 598 3498 re
619 3435 788 3498 factumest
807 3444 838 3497 ut
854 3432 988 3499 Gnostici
1010 3435 1090 3496 varia
1109 3433 1270 3498 haereseon

119 3538 244 3604 divortia
263 3539 400 3625 paulatim
421 3537 561 3617 iecerint,
593 3537 770 3622 quiquidem
788 3556 890 3601 omnes
906 3558 924 3599 a
939 3534 1118 3614 Valentino,
1149 3545 1180 3598 ut
1197 3535 1271 3599 dixi·

119 3663 200 3722 mus,
223 3643 318 3726 iisque
333 3641 454 3728 iusuper
468 3642 517 3727 qui
535 3662 571 3704 co
590 3640 758 3726 superiores
773 3640 936 3704 extiterant
953 3637 1066 3701 initium
1082 3650 1269 3722 acceperunt.

118 3742 208 3809 Nunc
229 3745 386 3809 universae
409 3744 520 3830 pariter
541 3743 674 3808 veritatis
696 3743 828 3807 doctrina
854 3752 1016 3827 prostratae
1035 3761 1070 3804 ae
1087 3741 1271 3825 proculcatae

120 3847 351 3933 praetereundae
366 3857 452 3927 suut,
476 3869 534 3932 quo
549 3848 651 3912 eadem
669 3846 717 3910 dei
733 3867 787 3931 ope
804 3866 838 3908 ac
853 3843 962 3908 virtute
979 3843 1045 3908 lreti
1061 3843 1190 3930 reliquos
1206 3865 1270 3930 per·

120 3961 296 4015 scrutemur.

182 4664 270 4722 (lorpes
281 4662 414 4710 flaccescet.
427 4663 455 4708 11.
