3046 5084
388 344 523 395 rinnau
542 342 604 395 utu.
620 345 638 397 r.
654 344 736 396 ron.
749 345 780 396 n.
799 345 896 397 anna.
911 345 1034 396 xxxin.
1219 335 1280 397 419

133 466 208 550 quod
232 464 310 549 plani
332 463 459 526 bominis
480 482 516 527 sc
541 462 695 527 nebulonis
715 474 761 527 cst
781 464 878 547 egisse
901 464 1054 549 perspicue
1074 464 1280 551 comprobabo.

133 564 243 651 Ecquis
260 565 336 630 enim
355 565 459 629 tertius
476 564 525 628 illc
542 563 627 628 nobis
644 564 715 628 dens
733 576 778 629 est
796 565 901 649 duplici
915 585 955 628 cx
973 565 1159 630 similitudine
1177 566 1281 631 conda·

134 678 199 747 tus,
224 669 273 753 qni
291 689 346 731 nec
364 667 440 731 alter
452 667 491 730 sit
507 687 524 729 e
543 665 672 745 dnobus,
696 686 750 730 nec
767 667 929 730 inluscatns
943 667 1051 729 castitia
1065 669 1112 731 vel
1128 667 1282 746 iniustitia,

133 780 165 833 iat
183 771 245 848 ais,
278 770 352 848 ulla,
384 789 478 852 neque
497 767 627 832 bonitate
646 767 796 853 lucidaque
815 780 917 832 ustura
936 769 1100 853 praeditus,
1130 771 1181 833 sed
1199 770 1285 833 medii

133 871 285 936 cuiusdam
301 870 342 935 sit
357 871 469 935 ordinis
486 871 604 935 iustus?
646 870 692 934 Ac
708 871 814 934 merito
834 882 863 934 tn
880 870 994 955 quidem
1010 871 1046 933 ab
1062 872 1138 935 omni
1155 884 1284 936 remotus

131 974 242 1038 iustitia
258 973 325 1058 qnid
342 972 577 1057 centigamus,
601 994 667 1037 cnm
685 973 759 1036 banc
777 975 867 1057 ipsam
884 996 901 1036 a
919 974 1049 1036 bonitate
1064 974 1207 1060 seiungis.
1250 972 1285 1038 lu

133 1098 207 1161 quo,
236 1075 382 1140 bominum
400 1076 577 1160 nequissime
595 1096 629 1139 ac
647 1074 780 1139 raritatis
798 1075 1014 1156 inimicissime,
1040 1079 1186 1143 manifesti
1203 1098 1285 1142 crro·

132 1179 174 1242 ris
192 1179 338 1264 argueris.
382 1176 452 1242 Nou
472 1178 548 1242 enim
569 1177 685 1241 aliunde
704 1199 788 1261 qnam
809 1199 849 1243 ex
868 1177 996 1243 bonitate
1015 1182 1089 1264 quod
1111 1182 1216 1245 iustum
1236 1202 1285 1266 ap·

133 1280 274 1365 pellamus
293 1280 403 1358 oritur,
435 1280 714 1365 oequeqnisqnaru‚
749 1279 806 1343 uisi
821 1281 895 1343 idom
913 1281 1006 1345 bonus
1021 1284 1076 1361 sit,
1110 1283 1284 1347 esseiustus

134 1381 251 1466 poterit.
296 1379 422 1467 ldcoqne
444 1382 578 1446 dominus
594 1380 690 1449 blosis
712 1383 807 1466 legem
829 1404 883 1447 suo
903 1386 1060 1468 praeconio
1079 1386 1284 1449 commendans

133 1483 244 1547 aiebat:
278 1489 393 1547 manni
412 1489 544 1566 sepulcro
560 1489 762 1567 prophetarum
781 1497 810 1547 et
827 1489 984 1567 oedpdrctis
1002 1501 1177 1550 rnonnruento
1193 1494 1280 1550 aucto·
1293 1501 1378 1546 Moron.

133 1608 207 1660 rum,
230 1598 367 1669 etputres
382 1592 735 1651 nestrr'oocrileruntu'llor.
783 1585 868 1652 Unde
884 1590 972 1672 igitur
987 1590 1143 1675 prophetae
1158 1591 1283 1676 iustique
1348 1554 1380 1597 a

133 1688 189 1751 nisi
212 1710 228 1752 a
247 1701 367 1774 parente
386 1689 524 1754 bonitatis
544 1691 726 1755 extiterunt?
767 1692 865 1775 Atque
885 1702 915 1754 nt
932 1693 1112 1776 intelligeres
1131 1693 1237 1757 iustum
1255 1693 1284 1756 iu

133 1791 271 1856 bonitalis
286 1804 369 1877 parte
387 1792 520 1870 versari,
544 1794 671 1867 Similes,
697 1792 755 1872 ait,
779 1806 866 1855 estote
880 1801 963 1875 patri
978 1808 1069 1856 uestro
1086 1801 1138 1877 qul
1152 1801 1180 1857 r'n
1198 1798 1435 1865 coclearumque.

132 1906 190 1969 est,
222 1901 274 1977 qni
292 1900 368 1958 orr'rr'
377 1898 459 1979 sarit
477 1897 561 1956 solem
583 1916 664 1956 sarem
685 1898 871 1975 superbonus
889 1901 1034 1969 ermolas,
1068 1910 1098 1959 et
1109 1901 1187 1978 pluit
1200 1920 1285 1979 snper

133 2004 221 2059 factm
237 2009 265 2058 et
280 2003 416 2073 indutam
441 2008 472 2061 nt
490 2007 519 2060 et
535 1996 640 2060 instntn
659 2014 725 2060 esse
743 1996 849 2061 bonurn
866 2009 895 2062 ct
913 1999 1019 2062 bonnm
1037 2000 1160 2078 instratu,
1185 2011 1214 2062 et
1232 2001 1284 2062 im-

133 2099 255 2184 probum
269 2099 408 2164 iniustum
424 2110 455 2164 et
467 2099 608 2163 iniustum
623 2097 784 2184 improbum
798 2121 866 2164 esse
882 2109 1071 2164 monstraret.
1116 2099 1193 2165 Nam
1210 2103 1285 2186 qnod

133 2200 308 2287 implicatam
331 2223 366 2265 ac
387 2203 557 2289 perplexam
577 2201 672 2285 legem
690 2222 758 2266 esse
778 2204 949 2281 contendis,
981 2203 1009 2266 id
1028 2202 1145 2266 omnino
1166 2204 1285 2266 democ-

132 2313 227 2368 strare
245 2315 423 2390 conpotes,
455 2322 732 2390 repersummam,
765 2315 796 2367 nt
810 2316 946 2391 apparet,
977 2305 1285 2369 calumniamltaucci

134 2406 228 2471 labem
243 2407 377 2491 aspergis
390 2427 430 2472 ex
444 2428 481 2470 eo
494 2407 569 2492 qnod
584 2406 624 2470 ita
639 2405 690 2471 lex
704 2407 881 2492 praecipiatr
906 2410 1021 2469 Oculum
1032 2430 1088 2488 pro
1101 2412 1191 2482 oculo,
1216 2412 1436 2478 den-ternanto.

134 2513 369 2591 lampadem,-
400 2510 487 2574 simnl
504 2510 592 2574 etiam
610 2510 686 2594 qnod
705 2508 877 2594 parricidam
896 2508 1127 2574 iubetintcrbci.
1173 2508 1285 2574 Verum

133 2630 207 2697 quac
229 2633 246 2674 a
264 2610 382 2676 domiuo
401 2609 469 2677 lesu
487 2614 553 2677 dum
570 2612 687 2676 viveret
703 2621 786 2696 gesta
803 2613 1063 2697 administransque
1080 2623 1147 2676 sunt
1164 2613 1285 2676 manile·

134 2713 264 2778 stissimc
280 2713 480 2779 demonstrant
499 2714 570 2779 nibil
590 2715 620 2778 in
639 2715 705 2799 tege
725 2735 791 2779 esse
810 2716 979 2801 perplexum
999 2727 1048 2779 aut
1067 2714 1234 2801 implicitum
1256 2716 1285 2778 in

133 2837 219 2896 sese,
249 2817 383 2901 idemque
401 2827 551 2903 praestare
571 2836 692 2903 prorsus
709 2819 784 2902 quod
803 2817 850 2882 illa
871 2817 1028 2882 salvatoris
1048 2818 1098 2882 lex
1115 2819 1218 2882 efficite
1251 2822 1436 2890 Statumae.

134 2925 197 3003 an's
206 2926 384 3001 praeessem!
396 2933 424 2983 te
437 2926 467 2983 in
480 2925 609 2984 mucan
622 2923 784 2995 morellum,
804 2923 911 3002 proebe
925 2925 972 2983 atta·
983 2933 1013 2983 et
1024 2925 1151 2982 alteram.
1198 2918 1284 3003 Quod

133 3024 225 3109 ipsum
244 3021 295 3086 lex
311 3023 382 3086 olim
399 3023 532 3088 obtinere
551 3023 701 3102 studebat,
734 3043 799 3087 cnm
816 3026 856 3087 ita
872 3023 1068 3109 praeciperet:
1102 3027 1217 3086 Oculum
1229 3047 1284 3105 pro

133 3127 215 3189 cralo
227 3134 286 3188 etc.
303 3124 357 3188 boc
372 3136 418 3190 est
433 3126 540 3212 proebe
554 3124 596 3190 illi
609 3125 770 3190 maxillam.
799 3122 877 3189 Nam
892 3136 923 3190 ut
937 3147 987 3190 eas
1003 3147 1112 3211 poenas
1129 3127 1282 3209 effugeret,

134 3228 173 3292 ob
188 3246 260 3312 quas
276 3227 302 3291 ai
318 3239 487 3312 percuteret
501 3229 583 3293 lucre
600 3239 767 3314 oporteret,
791 3229 960 3294 verberanti
976 3229 1122 3292 maxillam
1140 3226 1283 3312 praebuit,

134 3328 208 3395 baud
222 3329 343 3413 ignarus
357 3329 383 3393 si
398 3330 513 3396 oculum
528 3333 666 3409 eruisset,
690 3332 766 3395 idem
782 3330 837 3394 sibi
854 3353 892 3395 ex
909 3332 972 3414 loge
989 3351 1056 3394 esse
1071 3328 1283 3392 sustinendum.

219 3432 318 3516 Atque
336 3444 367 3497 ut
380 3444 464 3518 pater
478 3433 587 3497 liberos
604 3433 648 3498 sic
662 3432 804 3514 institnit,
827 3446 858 3497 ot
874 3435 908 3497 ad
925 3434 1104 3516 singulorum
1124 3451 1157 3494 se
1173 3442 1285 3495 aetates
1303 3439 1420 3509 espxt.

133 3535 356 3601 accommodans
374 3536 509 3621 paulatim
528 3536 658 3616 erudiat,
689 3556 744 3600 neo
761 3537 903 3600 infantem
920 3537 1020 3599 eandem
1040 3556 1096 3618 qna
1114 3533 1284 3597 adolescen-

133 3639 225 3703 tulum
245 3636 395 3725 disciplina
411 3639 576 3718 contineat,
608 3660 662 3704 nec
678 3639 925 3704 adolescentulum
944 3637 1065 3723 perirtde
1083 3657 1117 3699 ac
1134 3636 1282 3716 iuvenem,

133 3752 184 3806 cut
197 3741 274 3806 buno
291 3750 324 3804 nt
337 3740 457 3807 robusta
472 3742 531 3806 iam
546 3762 581 3806 sc
598 3740 676 3806 uirili
691 3752 787 3806 aetate
804 3741 963 3827 praeditum
980 3747 1132 3819 coerceat,
1156 3739 1283 3824 quinimo

134 3843 270 3909 wuellum
283 3843 376 3908 adbuc
389 3867 423 3909 ao
440 3864 516 3931 pene
526 3847 681 3910 lactente·
696 3845 784 3928 digito
800 3844 936 3928 castigat,
952 3841 1101 3925 puerulum
1116 3863 1187 3906 vern
1200 3841 1285 3929 pando

134 3947 320 4034 grandiorem
336 3946 476 4033 oolspbo,
500 3949 571 4012 loris
588 3947 852 4026 adolescentulum,
878 3946 1012 4009 invenem
1028 3943 1120 4031 virgis
1137 3945 1283 4028 obiurgat,

134 4071 223 4137 porro
242 4049 290 4114 nbi
307 4049 354 4115 vir
370 4048 545 4115 intervisas
564 4071 631 4116 esse
650 4049 762 4135 coepit,
786 4049 813 4112 si
829 4049 951 4132 gravius
968 4049 1098 4132 quiddam
1116 4046 1282 4132 deliquerit,

135 4152 286 4239 gladiose
305 4152 370 4236 lege
387 4152 547 4239 plectetur,
569 4153 607 4216 ita
625 4151 759 4216 dominns
776 4151 930 4236 unicuique
946 4151 1092 4215 bominum
1108 4152 1196 4214 aetati
1215 4171 1284 4213 oon·

134 4267 275 4321 seutauea
291 4252 491 4341 praescripsit.
536 4252 652 4340 Quippe
671 4265 788 4319 veteres
808 4254 891 4335 illos,
923 4263 1057 4338 tauquam
1075 4274 1139 4317 cum
1157 4251 1283 4338 puerulis

134 4378 170 4424 so
186 4358 246 4422 vim
261 4355 357 4422 sancti
372 4356 492 4443 spiritns
507 4355 709 4443 ignorantibus
725 4367 844 4442 ageret,
876 4366 954 4421 metu
973 4379 1007 4420 ac
1024 4367 1141 4420 terrore
1159 4355 1284 4441 castiga·

133 4458 195 4525 bot.
238 4454 314 4525 'l'nm
337 4459 561 4548 perfectioribus
582 4457 758 4545 perfectiore
782 4458 922 4546 mysteria
946 4459 1108 4546 proposuit.
1151 4454 1231 4523 Nam
1253 4457 1284 4520 ia

136 4561 290 4648 cvangelio
306 4563 416 4648 passim
430 4562 473 4628 ita
488 4561 645 4648 discipulos
660 4561 850 4648 compellasse
867 4561 991 4647 legitura
1013 4566 1138 4626 Nesea'n'r
1154 4564 1282 4644 quidso·
1295 4573 1434 4631 tormina

1013 4665 1083 4733 27*
