<?xml version="1.0" encoding="UTF-8"?>
<!DOCTYPE html PUBLIC "-//W3C//DTD XHTML 1.0 Transitional//EN"
    "http://www.w3.org/TR/xhtml1/DTD/xhtml1-transitional.dtd">
<html xmlns="http://www.w3.org/1999/xhtml" xml:lang="en" lang="en">
 <head>
  <title>
</title>
<meta http-equiv="Content-Type" content="text/html;charset=utf-8" />
  <meta name='ocr-system' content='tesseract 3.04.00' />
  <meta name='ocr-capabilities' content='ocr_page ocr_carea ocr_par ocr_line ocrx_word'/>
</head>
<body>
  <div class='ocr_page' id='page_1' title='image "./corporishaerese01unkngoog_0245.png"; bbox 0 0 3046 5084; ppageno 0'>
   <div class='ocr_carea' id='block_1_1' title="bbox 261 333 984 395">
    <p class='ocr_par' dir='ltr' id='par_1_1' title="bbox 261 333 984 395">
     <span class='ocr_line' id='line_1_1' title="bbox 261 333 984 395; baseline -0.006 -1"><span class='ocrx_word' id='word_1_1' title='bbox 261 333 322 395; x_wconf 79' lang='lat'><strong><em>240</em></strong></span> <span class='ocrx_word' id='word_1_2' title='bbox 682 343 802 394; x_wconf 79' lang='grc' dir='ltr'><strong><em>ελιιετε</em></strong></span> <span class='ocrx_word' id='word_1_3' title='bbox 819 342 984 393; x_wconf 78' lang='grc' dir='ltr'><strong><em>εειειιλιιιι</em></strong></span> 
     </span>
    </p>
   </div>
   <div class='ocr_carea' id='block_1_2' title="bbox 141 454 1409 1955">
    <p class='ocr_par' dir='ltr' id='par_1_2' title="bbox 261 454 1409 650">
     <span class='ocr_line' id='line_1_2' title="bbox 261 454 1409 544; baseline -0.002 -18"><span class='ocrx_word' id='word_1_4' title='bbox 261 459 423 544; x_wconf 86' lang='grc' dir='ltr'><strong><em>κατάρατος</em></strong></span> <span class='ocrx_word' id='word_1_5' title='bbox 442 465 503 534; x_wconf 89' lang='grc' dir='ltr'><strong><em>πῦς</em></strong></span> <span class='ocrx_word' id='word_1_6' title='bbox 518 457 553 535; x_wconf 80' lang='grc' dir='ltr'><strong><em>ῦς</em></strong></span> <span class='ocrx_word' id='word_1_7' title='bbox 573 456 630 524; x_wconf 84' lang='grc' dir='ltr'><strong><em>οῦκ</em></strong></span> <span class='ocrx_word' id='word_1_8' title='bbox 648 459 762 540; x_wconf 84' lang='grc' dir='ltr'><strong><em>ἐμμένει</em></strong></span> <span class='ocrx_word' id='word_1_9' title='bbox 776 463 851 522; x_wconf 80' lang='grc' dir='ltr'><strong><em>πᾶσι</em></strong></span> <span class='ocrx_word' id='word_1_10' title='bbox 864 466 926 532; x_wconf 86' lang='grc' dir='ltr'><strong><em>τοῖς</em></strong></span> <span class='ocrx_word' id='word_1_11' title='bbox 945 454 1044 541; x_wconf 77' lang='grc' dir='ltr'><strong><em>λόγοις</em></strong></span> <span class='ocrx_word' id='word_1_12' title='bbox 1065 463 1128 531; x_wconf 84' lang='grc' dir='ltr'><strong><em>τοῖς</em></strong></span> <span class='ocrx_word' id='word_1_13' title='bbox 1142 459 1354 544; x_wconf 72' lang='grc' dir='ltr'><strong><em>γεγραμμένοις</em></strong></span> <span class='ocrx_word' id='word_1_14' title='bbox 1375 461 1409 526; x_wconf 91' lang='grc' dir='ltr'><strong><em>ἐν</em></strong></span> 
     </span>
     <span class='ocr_line' id='line_1_3' title="bbox 261 550 1408 650; baseline 0.001 -26"><span class='ocrx_word' id='word_1_15' title='bbox 261 569 302 650; x_wconf 76' lang='grc' dir='ltr'><strong><em>τῷ</em></strong></span> <span class='ocrx_word' id='word_1_16' title='bbox 321 565 424 648; x_wconf 79' lang='grc' dir='ltr'><strong><em>βιβλίῳ</em></strong></span> <span class='ocrx_word' id='word_1_17' title='bbox 441 559 553 647; x_wconf 79' lang='grc' dir='ltr'><strong><em>τούτῳ,</em></strong></span> <span class='ocrx_word' id='word_1_18' title='bbox 574 566 628 624; x_wconf 87' lang='grc' dir='ltr'><strong><em>τοῦ</em></strong></span> <span class='ocrx_word' id='word_1_19' title='bbox 647 566 768 641; x_wconf 78' lang='grc' dir='ltr'><strong><em>ποιησαι</em></strong></span> <span class='ocrx_word' id='word_1_20' title='bbox 786 555 904 632; x_wconf 78' lang='grc' dir='ltr'><strong><em>αὐτοῦς.</em></strong></span> <span class='ocrx_word' id='word_1_21' title='bbox 941 550 1051 622; x_wconf 86' lang='grc' dir='ltr'><strong><em>Ἦλθεν</em></strong></span> <span class='ocrx_word' id='word_1_22' title='bbox 1069 551 1123 623; x_wconf 80' lang='grc' dir='ltr'><strong><em>οὖν</em></strong></span> <span class='ocrx_word' id='word_1_23' title='bbox 1140 558 1218 624; x_wconf 84' lang='grc' dir='ltr'><strong><em>λάων</em></strong></span> <span class='ocrx_word' id='word_1_24' title='bbox 1235 560 1288 641; x_wconf 78' lang='grc' dir='ltr'><strong><em>μέν</em></strong></span> <span class='ocrx_word' id='word_1_25' title='bbox 1302 559 1339 625; x_wconf 76' lang='grc' dir='ltr'><strong><em>τά</em></strong></span> <span class='ocrx_word' id='word_1_26' title='bbox 1356 587 1408 626; x_wconf 85' lang='grc' dir='ltr'><strong><em>πε-</em></strong></span> 
     </span>
    </p>

    <p class='ocr_par' dir='ltr' id='par_1_3' title="bbox 141 657 1407 1955">
     <span class='ocr_line' id='line_1_4' title="bbox 141 657 1407 745; baseline -0.003 -14"><span class='ocrx_word' id='word_1_27' title='bbox 141 689 192 732; x_wconf 68' lang='lat' dir='ltr'>1³²ss-</span> <span class='ocrx_word' id='word_1_28' title='bbox 208 664 547 744; x_wconf 71' lang='grc' dir='ltr'><strong><em>12λ·πεδημε’ναδεσμοῖς</em></strong></span> <span class='ocrx_word' id='word_1_29' title='bbox 562 671 624 736; x_wconf 89' lang='grc' dir='ltr'><strong><em>τοῖς</em></strong></span> <span class='ocrx_word' id='word_1_30' title='bbox 638 667 690 742; x_wconf 78' lang='grc' dir='ltr'><strong><em>της</em></strong></span> <span class='ocrx_word' id='word_1_31' title='bbox 704 658 849 744; x_wconf 75' lang='grc' dir='ltr'><strong><em>κατάρας,</em></strong></span> <span class='ocrx_word' id='word_1_32' title='bbox 870 657 1054 742; x_wconf 78' lang='grc' dir='ltr'><strong><em>χαριζόμενος</em></strong></span> <span class='ocrx_word' id='word_1_33' title='bbox 1069 661 1101 725; x_wconf 80' lang='grc' dir='ltr'><strong><em>δέ</em></strong></span> <span class='ocrx_word' id='word_1_34' title='bbox 1115 657 1186 743; x_wconf 76' lang='grc' dir='ltr'><strong><em>ἡμῖν</em></strong></span> <span class='ocrx_word' id='word_1_35' title='bbox 1201 659 1266 725; x_wconf 79' lang='grc' dir='ltr'><strong><em>όντλ</em></strong></span> <span class='ocrx_word' id='word_1_36' title='bbox 1283 669 1343 727; x_wconf 79' lang='grc' dir='ltr'><strong><em>τῶν</em></strong></span> <span class='ocrx_word' id='word_1_37' title='bbox 1358 690 1407 745; x_wconf 88' lang='grc' dir='ltr'><strong><em>μι-</em></strong></span> 
     </span>
     <span class='ocr_line' id='line_1_5' title="bbox 262 758 1407 849; baseline -0.001 -19"><span class='ocrx_word' id='word_1_38' title='bbox 262 771 342 849; x_wconf 81' lang='grc' dir='ltr'><strong><em>κροῦν</em></strong></span> <span class='ocrx_word' id='word_1_39' title='bbox 359 770 419 827; x_wconf 80' lang='grc' dir='ltr'><strong><em>τῶν</em></strong></span> <span class='ocrx_word' id='word_1_40' title='bbox 443 760 483 844; x_wconf 73' lang='grc' dir='ltr'><strong><em>μή</em></strong></span> <span class='ocrx_word' id='word_1_41' title='bbox 507 764 678 843; x_wconf 75' lang='grc' dir='ltr'><strong><em>δυναμένων</em></strong></span> <span class='ocrx_word' id='word_1_42' title='bbox 701 767 890 844; x_wconf 87' lang='grc' dir='ltr'><strong><em>πληροῦσθαι</em></strong></span> <span class='ocrx_word' id='word_1_43' title='bbox 911 758 947 824; x_wconf 85' lang='grc' dir='ltr'><strong><em>τά</em></strong></span> <span class='ocrx_word' id='word_1_44' title='bbox 968 765 1099 842; x_wconf 77' lang='grc' dir='ltr'><strong><em>μείζονα,</em></strong></span> <span class='ocrx_word' id='word_1_45' title='bbox 1126 763 1178 826; x_wconf 83' lang='grc' dir='ltr'><strong><em>καί</em></strong></span> <span class='ocrx_word' id='word_1_46' title='bbox 1199 759 1236 826; x_wconf 85' lang='grc' dir='ltr'><strong><em>οῦ</em></strong></span> <span class='ocrx_word' id='word_1_47' title='bbox 1257 762 1407 846; x_wconf 81' lang='grc' dir='ltr'><strong><em>μαχόμενα</em></strong></span> 
     </span>
     <span class='ocr_line' id='line_1_6' title="bbox 261 859 1407 951; baseline -0.001 -21"><span class='ocrx_word' id='word_1_48' title='bbox 261 864 389 951; x_wconf 86' lang='grc' dir='ltr'><strong><em>θάτερον</em></strong></span> <span class='ocrx_word' id='word_1_49' title='bbox 407 865 522 951; x_wconf 79' lang='grc' dir='ltr'><strong><em>θατέρῳ</em></strong></span> <span class='ocrx_word' id='word_1_50' title='bbox 540 861 617 945; x_wconf 86' lang='grc' dir='ltr'><strong><em>πρός</em></strong></span> <span class='ocrx_word' id='word_1_51' title='bbox 632 862 684 944; x_wconf 74' lang='grc' dir='ltr'><strong><em>τὴν</em></strong></span> <span class='ocrx_word' id='word_1_52' title='bbox 703 868 755 926; x_wconf 91' lang='grc' dir='ltr'><strong><em>τοῦ</em></strong></span> <span class='ocrx_word' id='word_1_53' title='bbox 771 864 859 945; x_wconf 76' lang='grc' dir='ltr'><strong><em>ἔργου</em></strong></span> <span class='ocrx_word' id='word_1_54' title='bbox 873 860 1037 944; x_wconf 74' lang='grc' dir='ltr'><strong><em>πλήρωσιν,</em></strong></span> <span class='ocrx_word' id='word_1_55' title='bbox 1060 859 1100 938; x_wconf 73' lang='grc' dir='ltr'><strong><em>σός</em></strong></span> <span class='ocrx_word' id='word_1_56' title='bbox 1115 860 1151 926; x_wconf 79' lang='grc' dir='ltr'><strong><em>τά</em></strong></span> <span class='ocrx_word' id='word_1_57' title='bbox 1164 861 1300 948; x_wconf 85' lang='grc' dir='ltr'><strong><em>πρότερα.</em></strong></span> <span class='ocrx_word' id='word_1_58' title='bbox 1346 864 1407 929; x_wconf 78' lang='grc' dir='ltr'><strong><em>Οῦ·</em></strong></span> 
     </span>
     <span class='ocr_line' id='line_1_7' title="bbox 261 961 1404 1051; baseline -0.001 -19"><span class='ocrx_word' id='word_1_59' title='bbox 261 994 318 1042; x_wconf 90' lang='grc' dir='ltr'><strong><em>τως</em></strong></span> <span class='ocrx_word' id='word_1_60' title='bbox 334 964 390 1051; x_wconf 81' lang='grc' dir='ltr'><strong><em>γάρ</em></strong></span> <span class='ocrx_word' id='word_1_61' title='bbox 408 964 482 1030; x_wconf 83' lang='grc' dir='ltr'><strong><em>κατά</em></strong></span> <span class='ocrx_word' id='word_1_62' title='bbox 504 972 602 1029; x_wconf 79' lang='grc' dir='ltr'><strong><em>πᾶσαν</em></strong></span> <span class='ocrx_word' id='word_1_63' title='bbox 620 968 731 1049; x_wconf 79' lang='grc' dir='ltr'><strong><em>αἵρεσιν</em></strong></span> <span class='ocrx_word' id='word_1_64' title='bbox 749 961 917 1040; x_wconf 76' lang='grc' dir='ltr'><strong><em>φθάνοντες</em></strong></span> <span class='ocrx_word' id='word_1_65' title='bbox 940 965 971 1028; x_wconf 88' lang='grc' dir='ltr'><strong><em>ἐν</em></strong></span> <span class='ocrx_word' id='word_1_66' title='bbox 988 970 1024 1051; x_wconf 77' lang='grc' dir='ltr'><strong><em>τῇ</em></strong></span> <span class='ocrx_word' id='word_1_67' title='bbox 1047 966 1116 1048; x_wconf 83' lang='grc' dir='ltr'><strong><em>περί</em></strong></span> <span class='ocrx_word' id='word_1_68' title='bbox 1133 968 1333 1048; x_wconf 87' lang='grc' dir='ltr'><strong><em>σαββατισμοῦ</em></strong></span> <span class='ocrx_word' id='word_1_69' title='bbox 1352 969 1404 1031; x_wconf 78' lang='grc' dir='ltr'><strong><em>καὶ</em></strong></span> 
     </span>
     <span class='ocr_line' id='line_1_8' title="bbox 261 1062 1405 1153; baseline -0.001 -20"><span class='ocrx_word' id='word_1_70' title='bbox 261 1074 419 1153; x_wconf 77' lang='grc' dir='ltr'><strong><em>περιτομῆς</em></strong></span> <span class='ocrx_word' id='word_1_71' title='bbox 433 1069 483 1130; x_wconf 81' lang='grc' dir='ltr'><strong><em>καλ</em></strong></span> <span class='ocrx_word' id='word_1_72' title='bbox 498 1074 557 1129; x_wconf 81' lang='grc' dir='ltr'><strong><em>τῶν</em></strong></span> <span class='ocrx_word' id='word_1_73' title='bbox 572 1064 666 1130; x_wconf 83' lang='grc' dir='ltr'><strong><em>άλλων</em></strong></span> <span class='ocrx_word' id='word_1_74' title='bbox 681 1063 819 1138; x_wconf 76' lang='grc' dir='ltr'><strong><em>πολλάκις</em></strong></span> <span class='ocrx_word' id='word_1_75' title='bbox 835 1063 1083 1148; x_wconf 87' lang='grc' dir='ltr'><strong><em>ἐπειργασάμεθα,</em></strong></span> <span class='ocrx_word' id='word_1_76' title='bbox 1104 1072 1169 1141; x_wconf 76' lang='grc' dir='ltr'><strong><em>ποῦς</em></strong></span> <span class='ocrx_word' id='word_1_77' title='bbox 1182 1062 1201 1131; x_wconf 88' lang='grc' dir='ltr'><strong><em>ό</em></strong></span> <span class='ocrx_word' id='word_1_78' title='bbox 1214 1064 1319 1152; x_wconf 86' lang='grc' dir='ltr'><strong><em>κόριος</em></strong></span> <span class='ocrx_word' id='word_1_79' title='bbox 1333 1064 1405 1150; x_wconf 75' lang='grc' dir='ltr'><strong><em>ἡμῖν</em></strong></span> 
     </span>
     <span class='ocr_line' id='line_1_9' title="bbox 261 1157 1405 1252; baseline 0.001 -19"><span class='ocrx_word' id='word_1_80' title='bbox 261 1167 297 1234; x_wconf 84' lang='grc' dir='ltr'><strong><em>τά</em></strong></span> <span class='ocrx_word' id='word_1_81' title='bbox 319 1170 496 1252; x_wconf 87' lang='grc' dir='ltr'><strong><em>ἐντελέστερα</em></strong></span> <span class='ocrx_word' id='word_1_82' title='bbox 515 1165 688 1251; x_wconf 88' lang='grc' dir='ltr'><strong><em>κεχάρισται.</em></strong></span> <span class='ocrx_word' id='word_1_83' title='bbox 733 1172 806 1240; x_wconf 80' lang='grc' dir='ltr'><strong><em>Πῶς</em></strong></span> <span class='ocrx_word' id='word_1_84' title='bbox 827 1157 881 1230; x_wconf 81' lang='grc' dir='ltr'><strong><em>οῦν</em></strong></span> <span class='ocrx_word' id='word_1_85' title='bbox 901 1169 932 1230; x_wconf 86' lang='grc' dir='ltr'><strong><em>οί</em></strong></span> <span class='ocrx_word' id='word_1_86' title='bbox 952 1173 1079 1231; x_wconf 89' lang='grc' dir='ltr'><strong><em>τοιοῦτοι</em></strong></span> <span class='ocrx_word' id='word_1_87' title='bbox 1103 1166 1277 1249; x_wconf 73' lang='grc' dir='ltr'><strong><em>δυνήσονται</em></strong></span> <span class='ocrx_word' id='word_1_88' title='bbox 1299 1166 1405 1234; x_wconf 84' lang='grc' dir='ltr'><strong><em>άπολο-</em></strong></span> 
     </span>
     <span class='ocr_line' id='line_1_10' title="bbox 262 1264 1405 1356; baseline 0.001 -22"><span class='ocrx_word' id='word_1_89' title='bbox 262 1274 330 1355; x_wconf 86' lang='grc' dir='ltr'><strong><em>γίαν</em></strong></span> <span class='ocrx_word' id='word_1_90' title='bbox 346 1273 433 1351; x_wconf 82' lang='grc' dir='ltr'><strong><em>ἐχειν,</em></strong></span> <span class='ocrx_word' id='word_1_91' title='bbox 456 1266 496 1350; x_wconf 75' lang='grc' dir='ltr'><strong><em>μη</em></strong></span> <span class='ocrx_word' id='word_1_92' title='bbox 510 1274 550 1356; x_wconf 79' lang='grc' dir='ltr'><strong><em>τῷ</em></strong></span> <span class='ocrx_word' id='word_1_93' title='bbox 567 1265 710 1348; x_wconf 81' lang='grc' dir='ltr'><strong><em>πνεύματι</em></strong></span> <span class='ocrx_word' id='word_1_94' title='bbox 724 1273 765 1354; x_wconf 78' lang='grc' dir='ltr'><strong><em>τῷ</em></strong></span> <span class='ocrx_word' id='word_1_95' title='bbox 783 1264 856 1353; x_wconf 80' lang='grc' dir='ltr'><strong><em>άγίῳ</em></strong></span> <span class='ocrx_word' id='word_1_96' title='bbox 874 1264 1106 1345; x_wconf 84' lang='grc' dir='ltr'><strong><em>ῦπακοῦσαντες,</em></strong></span> <span class='ocrx_word' id='word_1_97' title='bbox 1127 1275 1167 1356; x_wconf 79' lang='grc' dir='ltr'><strong><em>τῷ</em></strong></span> <span class='ocrx_word' id='word_1_98' title='bbox 1186 1267 1236 1334; x_wconf 84' lang='grc' dir='ltr'><strong><em>διά</em></strong></span> <span class='ocrx_word' id='word_1_99' title='bbox 1256 1277 1315 1334; x_wconf 83' lang='grc' dir='ltr'><strong><em>τῶν</em></strong></span> <span class='ocrx_word' id='word_1_100' title='bbox 1331 1268 1405 1336; x_wconf 85' lang='grc' dir='ltr'><strong><em>άπο-</em></strong></span> 
     </span>
     <span class='ocr_line' id='line_1_11' title="bbox 262 1366 1404 1454; baseline 0 -18"><span class='ocrx_word' id='word_1_101' title='bbox 262 1370 373 1436; x_wconf 92' lang='grc' dir='ltr'><strong><em>στόλων</em></strong></span> <span class='ocrx_word' id='word_1_102' title='bbox 393 1369 521 1454; x_wconf 81' lang='grc' dir='ltr'><strong><em>εἰρηκότι</em></strong></span> <span class='ocrx_word' id='word_1_103' title='bbox 537 1377 599 1444; x_wconf 85' lang='grc' dir='ltr'><strong><em>τοῖς</em></strong></span> <span class='ocrx_word' id='word_1_104' title='bbox 621 1371 650 1444; x_wconf 84' lang='grc' dir='ltr'><strong><em>ἐξ</em></strong></span> <span class='ocrx_word' id='word_1_105' title='bbox 670 1371 770 1433; x_wconf 79' lang='grc' dir='ltr'><strong><em>ἐθνοῦν</em></strong></span> <span class='ocrx_word' id='word_1_106' title='bbox 791 1366 1012 1447; x_wconf 81' lang='grc' dir='ltr'><strong><em>πεπιστευκόσι,</em></strong></span> <span class='ocrx_word' id='word_1_107' title='bbox 1035 1367 1075 1451; x_wconf 81' lang='grc' dir='ltr'><strong><em>μη</em></strong></span> <span class='ocrx_word' id='word_1_108' title='bbox 1096 1367 1189 1454; x_wconf 85' lang='grc' dir='ltr'><strong><em>βάρος</em></strong></span> <span class='ocrx_word' id='word_1_109' title='bbox 1205 1373 1404 1448; x_wconf 84' lang='grc' dir='ltr'><strong><em>ἐπιτίθεσθαι,</em></strong></span> 
     </span>
     <span class='ocr_line' id='line_1_12' title="bbox 262 1466 1405 1557; baseline 0.001 -20"><span class='ocrx_word' id='word_1_110' title='bbox 262 1471 340 1554; x_wconf 74' lang='grc' dir='ltr'><strong><em>πλὴν</em></strong></span> <span class='ocrx_word' id='word_1_111' title='bbox 361 1480 421 1536; x_wconf 82' lang='grc' dir='ltr'><strong><em>τῶν</em></strong></span> <span class='ocrx_word' id='word_1_112' title='bbox 443 1469 618 1554; x_wconf 88' lang='grc' dir='ltr'><strong><em>ἐπάναγκες,</em></strong></span> <span class='ocrx_word' id='word_1_113' title='bbox 648 1466 807 1551; x_wconf 83' lang='grc' dir='ltr'><strong><em>άπέχεοθαι</em></strong></span> <span class='ocrx_word' id='word_1_114' title='bbox 826 1473 949 1551; x_wconf 77' lang='grc' dir='ltr'><strong><em>αἵματος</em></strong></span> <span class='ocrx_word' id='word_1_115' title='bbox 971 1472 1022 1534; x_wconf 83' lang='grc' dir='ltr'><strong><em>καί</em></strong></span> <span class='ocrx_word' id='word_1_116' title='bbox 1045 1477 1169 1536; x_wconf 83' lang='grc' dir='ltr'><strong><em>πνικτοῦ</em></strong></span> <span class='ocrx_word' id='word_1_117' title='bbox 1193 1475 1244 1536; x_wconf 88' lang='grc' dir='ltr'><strong><em>καλ</em></strong></span> <span class='ocrx_word' id='word_1_118' title='bbox 1265 1478 1405 1557; x_wconf 86' lang='grc' dir='ltr'><strong><em>πορνείας</em></strong></span> 
     </span>
     <span class='ocr_line' id='line_1_13' title="bbox 261 1568 1403 1659; baseline -0.001 -19"><span class='ocrx_word' id='word_1_119' title='bbox 261 1577 313 1640; x_wconf 80' lang='grc' dir='ltr'><strong><em>καὶ</em></strong></span> <span class='ocrx_word' id='word_1_120' title='bbox 332 1571 544 1650; x_wconf 74' lang='grc' dir='ltr'><strong><em>είδωλοθῦτους</em></strong></span> <span class='ocrx_word' id='word_1_121' title='bbox 567 1578 630 1646; x_wconf 82' lang='grc' dir='ltr'><strong><em>πῶς</em></strong></span> <span class='ocrx_word' id='word_1_122' title='bbox 645 1572 677 1636; x_wconf 83' lang='grc' dir='ltr'><strong><em>δὲ</em></strong></span> <span class='ocrx_word' id='word_1_123' title='bbox 693 1568 748 1636; x_wconf 84' lang='grc' dir='ltr'><strong><em>οῦκ</em></strong></span> <span class='ocrx_word' id='word_1_124' title='bbox 766 1574 955 1636; x_wconf 78' lang='grc' dir='ltr'><strong><em>ἐκπεσοῦνται</em></strong></span> <span class='ocrx_word' id='word_1_125' title='bbox 970 1578 1022 1652; x_wconf 80' lang='grc' dir='ltr'><strong><em>της</em></strong></span> <span class='ocrx_word' id='word_1_126' title='bbox 1038 1579 1092 1636; x_wconf 93' lang='grc' dir='ltr'><strong><em>τοῦ</em></strong></span> <span class='ocrx_word' id='word_1_127' title='bbox 1110 1579 1185 1637; x_wconf 83' lang='grc' dir='ltr'><strong><em>θεοῦ</em></strong></span> <span class='ocrx_word' id='word_1_128' title='bbox 1204 1571 1336 1659; x_wconf 88' lang='grc' dir='ltr'><strong><em>χάριτος,</em></strong></span> <span class='ocrx_word' id='word_1_129' title='bbox 1358 1576 1403 1639; x_wconf 85' lang='grc' dir='ltr'><strong><em>λε’-</em></strong></span> 
     </span>
     <span class='ocr_line' id='line_1_14' title="bbox 262 1671 1404 1762; baseline -0.001 -21"><span class='ocrx_word' id='word_1_130' title='bbox 262 1702 364 1762; x_wconf 92' lang='grc' dir='ltr'><strong><em>γοντος</em></strong></span> <span class='ocrx_word' id='word_1_131' title='bbox 381 1673 503 1739; x_wconf 81' lang='grc' dir='ltr'><strong><em>Παύλου</em></strong></span> <span class='ocrx_word' id='word_1_132' title='bbox 519 1680 572 1738; x_wconf 92' lang='grc' dir='ltr'><strong><em>τοῦ</em></strong></span> <span class='ocrx_word' id='word_1_133' title='bbox 587 1671 672 1757; x_wconf 84' lang='grc' dir='ltr'><strong><em>άγίου</em></strong></span> <span class='ocrx_word' id='word_1_134' title='bbox 688 1671 854 1739; x_wconf 86' lang='grc' dir='ltr'><strong><em>α’ποστόλου</em></strong></span> <span class='ocrx_word' id='word_1_135' title='bbox 869 1672 925 1751; x_wconf 80' lang='grc' dir='ltr'><strong><em>ὅτι,</em></strong></span> <span class='ocrx_word' id='word_1_136' title='bbox 944 1671 1014 1736; x_wconf 82' lang='grc' dir='ltr'><strong><em>Ἐάν</em></strong></span> <span class='ocrx_word' id='word_1_137' title='bbox 1030 1676 1250 1756; x_wconf 77' lang='grc' dir='ltr'><strong><em>περιτέμνησθε,</em></strong></span> <span class='ocrx_word' id='word_1_138' title='bbox 1274 1673 1404 1759; x_wconf 86' lang='grc' dir='ltr'><strong><em>Χριστός</em></strong></span> 
     </span>
     <span class='ocr_line' id='line_1_15' title="bbox 262 1772 1401 1864; baseline -0.001 -22"><span class='ocrx_word' id='word_1_139' title='bbox 262 1774 339 1859; x_wconf 84' lang='grc' dir='ltr'><strong><em>ῦμῦς</em></strong></span> <span class='ocrx_word' id='word_1_140' title='bbox 361 1775 447 1841; x_wconf 81' lang='grc' dir='ltr'><strong><em>οῦδὲν</em></strong></span> <span class='ocrx_word' id='word_1_141' title='bbox 471 1772 626 1857; x_wconf 81' lang='grc' dir='ltr'><strong><em>ω’φελήοει,</em></strong></span> <span class='ocrx_word' id='word_1_142' title='bbox 656 1778 761 1850; x_wconf 78' lang='grc' dir='ltr'><strong><em>οἵτινες</em></strong></span> <span class='ocrx_word' id='word_1_143' title='bbox 784 1773 918 1864; x_wconf 81' lang='grc' dir='ltr'><strong><em>ἐννόμῳ</em></strong></span> <span class='ocrx_word' id='word_1_144' title='bbox 944 1781 1110 1856; x_wconf 85' lang='grc' dir='ltr'><strong><em>καυχᾶσθε,</em></strong></span> <span class='ocrx_word' id='word_1_145' title='bbox 1130 1783 1183 1858; x_wconf 77' lang='grc' dir='ltr'><strong><em>τῆς</em></strong></span> <span class='ocrx_word' id='word_1_146' title='bbox 1205 1774 1321 1863; x_wconf 88' lang='grc' dir='ltr'><strong><em>χάριτος</em></strong></span> <span class='ocrx_word' id='word_1_147' title='bbox 1341 1779 1401 1854; x_wconf 87' lang='grc' dir='ltr'><strong><em>ἐξε-</em></strong></span> 
     </span>
     <span class='ocr_line' id='line_1_16' title="bbox 261 1881 380 1955; baseline -0.008 -12"><span class='ocrx_word' id='word_1_148' title='bbox 261 1881 380 1955; x_wconf 80' lang='grc' dir='ltr'><strong><em>πέσατες</em></strong></span> 
     </span>
    </p>
   </div>
   <div class='ocr_carea' id='block_1_3' title="bbox 128 2072 1402 3806">
    <p class='ocr_par' dir='ltr' id='par_1_4' title="bbox 128 2072 1402 3806">
     <span class='ocr_line' id='line_1_17' title="bbox 128 2072 1401 2168; baseline 0.001 -21"><span class='ocrx_word' id='word_1_149' title='bbox 128 2095 195 2163; x_wconf 83' lang='grc' dir='ltr'><strong><em>Κεφ.</em></strong></span> <span class='ocrx_word' id='word_1_150' title='bbox 213 2090 245 2147; x_wconf 77' lang='grc' dir='ltr'><strong><em>ἱί.</em></strong></span> <span class='ocrx_word' id='word_1_151' title='bbox 345 2079 472 2166; x_wconf 85' lang='grc' dir='ltr'><strong><em>Ἀρκέσει</em></strong></span> <span class='ocrx_word' id='word_1_152' title='bbox 494 2072 548 2145; x_wconf 86' lang='grc' dir='ltr'><strong><em>οῦν</em></strong></span> <span class='ocrx_word' id='word_1_153' title='bbox 570 2081 620 2144; x_wconf 79' lang='grc' dir='ltr'><strong><em>καί</em></strong></span> <span class='ocrx_word' id='word_1_154' title='bbox 642 2082 674 2144; x_wconf 88' lang='grc' dir='ltr'><strong><em>ἐν</em></strong></span> <span class='ocrx_word' id='word_1_155' title='bbox 689 2077 779 2168; x_wconf 87' lang='grc' dir='ltr'><strong><em>ταότη</em></strong></span> <span class='ocrx_word' id='word_1_156' title='bbox 801 2087 837 2168; x_wconf 76' lang='grc' dir='ltr'><strong><em>τῇ</em></strong></span> <span class='ocrx_word' id='word_1_157' title='bbox 859 2082 966 2163; x_wconf 75' lang='grc' dir='ltr'><strong><em>αἱρέσει</em></strong></span> <span class='ocrx_word' id='word_1_158' title='bbox 984 2077 1006 2162; x_wconf 69' lang='grc' dir='ltr'><strong><em>οἱ</em></strong></span> <span class='ocrx_word' id='word_1_159' title='bbox 1021 2077 1070 2145; x_wconf 83' lang='grc' dir='ltr'><strong><em>διά</em></strong></span> <span class='ocrx_word' id='word_1_160' title='bbox 1086 2088 1139 2163; x_wconf 81' lang='grc' dir='ltr'><strong><em>τῆς</em></strong></span> <span class='ocrx_word' id='word_1_161' title='bbox 1155 2085 1312 2164; x_wconf 73' lang='grc' dir='ltr'><strong><em>συντομίας</em></strong></span> <span class='ocrx_word' id='word_1_162' title='bbox 1331 2079 1401 2168; x_wconf 83' lang='grc' dir='ltr'><strong><em>παρ’</em></strong></span> 
     </span>
     <span class='ocr_line' id='line_1_18' title="bbox 261 2180 1402 2268; baseline -0.001 -19"><span class='ocrx_word' id='word_1_163' title='bbox 261 2181 345 2268; x_wconf 74' lang='grc' dir='ltr'><strong><em>ἡμῶν</em></strong></span> <span class='ocrx_word' id='word_1_164' title='bbox 369 2181 500 2259; x_wconf 82' lang='grc' dir='ltr'><strong><em>διάλεξις.</em></strong></span> <span class='ocrx_word' id='word_1_165' title='bbox 544 2180 762 2266; x_wconf 85' lang='grc' dir='ltr'><strong><em>Εῦθυέλεγκτοι</em></strong></span> <span class='ocrx_word' id='word_1_166' title='bbox 784 2180 839 2265; x_wconf 83' lang='grc' dir='ltr'><strong><em>γάρ</em></strong></span> <span class='ocrx_word' id='word_1_167' title='bbox 866 2185 897 2247; x_wconf 72' lang='lat' dir='ltr'><strong><em>of</em></strong></span> <span class='ocrx_word' id='word_1_168' title='bbox 918 2188 1065 2260; x_wconf 89' lang='grc' dir='ltr'><strong><em>τοιοῦτοι,</em></strong></span> <span class='ocrx_word' id='word_1_169' title='bbox 1092 2185 1143 2247; x_wconf 85' lang='grc' dir='ltr'><strong><em>καί</em></strong></span> <span class='ocrx_word' id='word_1_170' title='bbox 1168 2180 1323 2262; x_wconf 75' lang='grc' dir='ltr'><strong><em>εὐάλωτοι,</em></strong></span> <span class='ocrx_word' id='word_1_171' title='bbox 1349 2186 1402 2248; x_wconf 84' lang='grc' dir='ltr'><strong><em>καί</em></strong></span> 
     </span>
     <span class='ocr_line' id='line_1_19' title="bbox 260 2275 1400 2369; baseline 0.002 -20"><span class='ocrx_word' id='word_1_172' title='bbox 260 2284 405 2351; x_wconf 88' lang='grc' dir='ltr'><strong><em>Ἰουδαῖοι</em></strong></span> <span class='ocrx_word' id='word_1_173' title='bbox 421 2291 542 2365; x_wconf 79' lang='grc' dir='ltr'><strong><em>μᾶλλον,</em></strong></span> <span class='ocrx_word' id='word_1_174' title='bbox 564 2286 615 2348; x_wconf 84' lang='grc' dir='ltr'><strong><em>καί</em></strong></span> <span class='ocrx_word' id='word_1_175' title='bbox 633 2280 720 2349; x_wconf 77' lang='grc' dir='ltr'><strong><em>οῦδὲν</em></strong></span> <span class='ocrx_word' id='word_1_176' title='bbox 741 2285 852 2366; x_wconf 77' lang='grc' dir='ltr'><strong><em>ἕτερον·</em></strong></span> <span class='ocrx_word' id='word_1_177' title='bbox 875 2281 953 2347; x_wconf 88' lang='grc' dir='ltr'><strong><em>πάνυ</em></strong></span> <span class='ocrx_word' id='word_1_178' title='bbox 969 2284 1001 2347; x_wconf 80' lang='grc' dir='ltr'><strong><em>δὲ</em></strong></span> <span class='ocrx_word' id='word_1_179' title='bbox 1018 2275 1100 2348; x_wconf 87' lang='grc' dir='ltr'><strong><em>οῦτοι</em></strong></span> <span class='ocrx_word' id='word_1_180' title='bbox 1120 2286 1223 2369; x_wconf 84' lang='grc' dir='ltr'><strong><em>ἐχθροί</em></strong></span> <span class='ocrx_word' id='word_1_181' title='bbox 1242 2294 1305 2361; x_wconf 80' lang='grc' dir='ltr'><strong><em>τοῖς</em></strong></span> <span class='ocrx_word' id='word_1_182' title='bbox 1323 2282 1400 2351; x_wconf 83' lang='lat' dir='ltr'><em>’Iov-</em></span> 
     </span>
     <span class='ocr_line' id='line_1_20' title="bbox 261 2381 1398 2471; baseline 0 -19"><span class='ocrx_word' id='word_1_183' title='bbox 261 2392 354 2461; x_wconf 89' lang='grc' dir='ltr'><strong><em>δαίοις</em></strong></span> <span class='ocrx_word' id='word_1_184' title='bbox 367 2384 556 2467; x_wconf 85' lang='grc' dir='ltr'><strong><em>ῦπάρχουσιν.</em></strong></span> <span class='ocrx_word' id='word_1_185' title='bbox 603 2381 647 2449; x_wconf 85' lang='grc' dir='ltr'><strong><em>Οῦ</em></strong></span> <span class='ocrx_word' id='word_1_186' title='bbox 661 2383 752 2466; x_wconf 88' lang='grc' dir='ltr'><strong><em>μόνον</em></strong></span> <span class='ocrx_word' id='word_1_187' title='bbox 767 2381 822 2468; x_wconf 83' lang='grc' dir='ltr'><strong><em>γάρ</em></strong></span> <span class='ocrx_word' id='word_1_188' title='bbox 837 2386 868 2448; x_wconf 82' lang='grc' dir='ltr'><strong><em>οἱ</em></strong></span> <span class='ocrx_word' id='word_1_189' title='bbox 880 2391 938 2448; x_wconf 72' lang='grc' dir='ltr'><strong><em>τοῖν</em></strong></span> <span class='ocrx_word' id='word_1_190' title='bbox 954 2381 1110 2450; x_wconf 87' lang='grc' dir='ltr'><strong><em>Ἰουδαίων</em></strong></span> <span class='ocrx_word' id='word_1_191' title='bbox 1125 2390 1229 2463; x_wconf 83' lang='grc' dir='ltr'><strong><em>παῖδες</em></strong></span> <span class='ocrx_word' id='word_1_192' title='bbox 1241 2385 1317 2471; x_wconf 86' lang='grc' dir='ltr'><strong><em>πρός</em></strong></span> <span class='ocrx_word' id='word_1_193' title='bbox 1331 2385 1398 2452; x_wconf 81' lang='grc' dir='ltr'><strong><em>τοῦ·</em></strong></span> 
     </span>
     <span class='ocr_line' id='line_1_21' title="bbox 260 2481 1398 2573; baseline -0.001 -20"><span class='ocrx_word' id='word_1_194' title='bbox 260 2514 330 2564; x_wconf 90' lang='grc' dir='ltr'><strong><em>τους</em></strong></span> <span class='ocrx_word' id='word_1_195' title='bbox 351 2489 503 2568; x_wconf 89' lang='grc' dir='ltr'><strong><em>κέκτηνται</em></strong></span> <span class='ocrx_word' id='word_1_196' title='bbox 521 2495 621 2568; x_wconf 85' lang='grc' dir='ltr'><strong><em>μῖσος,</em></strong></span> <span class='ocrx_word' id='word_1_197' title='bbox 643 2483 714 2549; x_wconf 81' lang='grc' dir='ltr'><strong><em>α’λλά</em></strong></span> <span class='ocrx_word' id='word_1_198' title='bbox 734 2481 919 2565; x_wconf 70' lang='grc' dir='ltr'><strong><em>ἀνιστάμενοι</em></strong></span> <span class='ocrx_word' id='word_1_199' title='bbox 946 2489 1079 2565; x_wconf 72' lang='grc' dir='ltr'><strong><em>ιἕωθεν,</em></strong></span> <span class='ocrx_word' id='word_1_200' title='bbox 1101 2490 1151 2552; x_wconf 80' lang='grc' dir='ltr'><strong><em>καί</em></strong></span> <span class='ocrx_word' id='word_1_201' title='bbox 1169 2490 1260 2571; x_wconf 87' lang='grc' dir='ltr'><strong><em>μέσης</em></strong></span> <span class='ocrx_word' id='word_1_202' title='bbox 1278 2485 1398 2573; x_wconf 78' lang='grc' dir='ltr'><strong><em>ἡμέρας,</em></strong></span> 
     </span>
     <span class='ocr_line' id='line_1_22' title="bbox 259 2583 1399 2673; baseline -0.003 -18"><span class='ocrx_word' id='word_1_203' title='bbox 259 2592 311 2655; x_wconf 88' lang='grc' dir='ltr'><strong><em>καί</em></strong></span> <span class='ocrx_word' id='word_1_204' title='bbox 325 2591 393 2673; x_wconf 84' lang='grc' dir='ltr'><strong><em>περί</em></strong></span> <span class='ocrx_word' id='word_1_205' title='bbox 410 2586 464 2670; x_wconf 75' lang='grc' dir='ltr'><strong><em>την</em></strong></span> <span class='ocrx_word' id='word_1_206' title='bbox 480 2589 620 2671; x_wconf 88' lang='grc' dir='ltr'><strong><em>ἐσπέραν,</em></strong></span> <span class='ocrx_word' id='word_1_207' title='bbox 642 2589 704 2668; x_wconf 80' lang='grc' dir='ltr'><strong><em>τρίς</em></strong></span> <span class='ocrx_word' id='word_1_208' title='bbox 720 2591 772 2667; x_wconf 83' lang='grc' dir='ltr'><strong><em>τῆς</em></strong></span> <span class='ocrx_word' id='word_1_209' title='bbox 789 2583 914 2669; x_wconf 74' lang='grc' dir='ltr'><strong><em>ἡμέρας,</em></strong></span> <span class='ocrx_word' id='word_1_210' title='bbox 936 2586 983 2652; x_wconf 80' lang='grc' dir='ltr'><strong><em>ὅτε</em></strong></span> <span class='ocrx_word' id='word_1_211' title='bbox 998 2586 1084 2670; x_wconf 83' lang='grc' dir='ltr'><strong><em>εῦχάς</em></strong></span> <span class='ocrx_word' id='word_1_212' title='bbox 1100 2591 1278 2656; x_wconf 87' lang='grc' dir='ltr'><strong><em>ἐπιτελοῦσιν</em></strong></span> <span class='ocrx_word' id='word_1_213' title='bbox 1291 2591 1323 2654; x_wconf 87' lang='grc' dir='ltr'><strong><em>ἐν</em></strong></span> <span class='ocrx_word' id='word_1_214' title='bbox 1334 2595 1399 2665; x_wconf 80' lang='grc' dir='ltr'><strong><em>ταῖς</em></strong></span> 
     </span>
     <span class='ocr_line' id='line_1_23' title="bbox 261 2685 1399 2774; baseline -0.001 -18"><span class='ocrx_word' id='word_1_215' title='bbox 261 2690 359 2756; x_wconf 77' lang='grc' dir='ltr'><strong><em>αῦτοῦν</em></strong></span> <span class='ocrx_word' id='word_1_216' title='bbox 375 2697 574 2774; x_wconf 86' lang='grc' dir='ltr'><strong><em>συναγωγαῖς,</em></strong></span> <span class='ocrx_word' id='word_1_217' title='bbox 597 2690 762 2769; x_wconf 77' lang='grc' dir='ltr'><strong><em>ἐπαροῦνται</em></strong></span> <span class='ocrx_word' id='word_1_218' title='bbox 786 2685 886 2763; x_wconf 75' lang='grc' dir='ltr'><strong><em>αὐτοῖς</em></strong></span> <span class='ocrx_word' id='word_1_219' title='bbox 907 2691 958 2752; x_wconf 79' lang='grc' dir='ltr'><strong><em>καί</em></strong></span> <span class='ocrx_word' id='word_1_220' title='bbox 975 2687 1220 2771; x_wconf 80' lang='grc' dir='ltr'><strong><em>άναθεματίζουσι</em></strong></span> <span class='ocrx_word' id='word_1_221' title='bbox 1236 2689 1399 2772; x_wconf 74' lang='grc' dir='ltr'><strong><em>φάσκοντες</em></strong></span> 
     </span>
     <span class='ocr_line' id='line_1_24' title="bbox 263 2787 1398 2879; baseline 0.001 -21"><span class='ocrx_word' id='word_1_222' title='bbox 263 2792 322 2870; x_wconf 82' lang='grc' dir='ltr'><strong><em>ότι,</em></strong></span> <span class='ocrx_word' id='word_1_223' title='bbox 342 2788 570 2874; x_wconf 88' lang='grc' dir='ltr'><strong><em>Ἐπικαταράσαι</em></strong></span> <span class='ocrx_word' id='word_1_224' title='bbox 587 2787 604 2854; x_wconf 87' lang='grc' dir='ltr'><strong><em>ό</em></strong></span> <span class='ocrx_word' id='word_1_225' title='bbox 618 2787 691 2865; x_wconf 88' lang='grc' dir='ltr'><strong><em>θεός</em></strong></span> <span class='ocrx_word' id='word_1_226' title='bbox 707 2788 777 2865; x_wconf 86' lang='grc' dir='ltr'><strong><em>τοῦς</em></strong></span> <span class='ocrx_word' id='word_1_227' title='bbox 793 2795 992 2874; x_wconf 79' lang='grc' dir='ltr'><strong><em>Ναζωραίους.</em></strong></span> <span class='ocrx_word' id='word_1_228' title='bbox 1025 2794 1086 2855; x_wconf 79' lang='grc' dir='ltr'><strong><em>Καὶ</em></strong></span> <span class='ocrx_word' id='word_1_229' title='bbox 1100 2790 1156 2877; x_wconf 82' lang='grc' dir='ltr'><strong><em>γάρ</em></strong></span> <span class='ocrx_word' id='word_1_230' title='bbox 1172 2791 1288 2870; x_wconf 74' lang='grc' dir='ltr'><strong><em>τούτοις</em></strong></span> <span class='ocrx_word' id='word_1_231' title='bbox 1300 2813 1398 2879; x_wconf 85' lang='grc' dir='ltr'><strong><em>περισ-</em></strong></span> 
     </span>
     <span class='ocr_line' id='line_1_25' title="bbox 262 2888 1401 2981; baseline 0.004 -23"><span class='ocrx_word' id='word_1_232' title='bbox 262 2892 381 2977; x_wconf 88' lang='grc' dir='ltr'><strong><em>σότερον</em></strong></span> <span class='ocrx_word' id='word_1_233' title='bbox 397 2894 540 2974; x_wconf 85' lang='grc' dir='ltr'><strong><em>ἐνέχουσι,</em></strong></span> <span class='ocrx_word' id='word_1_234' title='bbox 563 2889 612 2955; x_wconf 80' lang='grc' dir='ltr'><strong><em>διά</em></strong></span> <span class='ocrx_word' id='word_1_235' title='bbox 628 2889 660 2955; x_wconf 88' lang='grc' dir='ltr'><strong><em>τό</em></strong></span> <span class='ocrx_word' id='word_1_236' title='bbox 679 2888 737 2955; x_wconf 87' lang='grc' dir='ltr'><strong><em>α’πό</em></strong></span> <span class='ocrx_word' id='word_1_237' title='bbox 754 2888 909 2955; x_wconf 83' lang='grc' dir='ltr'><strong><em>Ἰουδαίων</em></strong></span> <span class='ocrx_word' id='word_1_238' title='bbox 927 2889 1036 2968; x_wconf 85' lang='grc' dir='ltr'><strong><em>αῦτοῦς</em></strong></span> <span class='ocrx_word' id='word_1_239' title='bbox 1051 2892 1138 2968; x_wconf 80' lang='grc' dir='ltr'><strong><em>ὄντας</em></strong></span> <span class='ocrx_word' id='word_1_240' title='bbox 1151 2890 1273 2976; x_wconf 87' lang='grc' dir='ltr'><strong><em>Ἰησοῦν</em></strong></span> <span class='ocrx_word' id='word_1_241' title='bbox 1292 2893 1401 2981; x_wconf 85' lang='grc' dir='ltr'><strong><em>κηρόσ·</em></strong></span> 
     </span>
     <span class='ocr_line' id='line_1_26' title="bbox 260 2989 1401 3079; baseline 0.002 -19"><span class='ocrx_word' id='word_1_242' title='bbox 260 3017 320 3060; x_wconf 89' lang='grc' dir='ltr'><strong><em>σειν</em></strong></span> <span class='ocrx_word' id='word_1_243' title='bbox 344 2991 418 3058; x_wconf 84' lang='grc' dir='ltr'><strong><em>εἶναι</em></strong></span> <span class='ocrx_word' id='word_1_244' title='bbox 441 2989 583 3077; x_wconf 86' lang='grc' dir='ltr'><strong><em>Χριστόν,</em></strong></span> <span class='ocrx_word' id='word_1_245' title='bbox 614 2991 686 3077; x_wconf 77' lang='grc' dir='ltr'><strong><em>ὅπερ</em></strong></span> <span class='ocrx_word' id='word_1_246' title='bbox 710 2994 787 3058; x_wconf 85' lang='grc' dir='ltr'><strong><em>ἐστίν</em></strong></span> <span class='ocrx_word' id='word_1_247' title='bbox 808 2994 942 3058; x_wconf 89' lang='grc' dir='ltr'><strong><em>ἐναντίον</em></strong></span> <span class='ocrx_word' id='word_1_248' title='bbox 963 2991 1040 3079; x_wconf 86' lang='grc' dir='ltr'><strong><em>πρός</em></strong></span> <span class='ocrx_word' id='word_1_249' title='bbox 1061 2993 1132 3070; x_wconf 88' lang='grc' dir='ltr'><strong><em>τοῦς</em></strong></span> <span class='ocrx_word' id='word_1_250' title='bbox 1154 2997 1197 3061; x_wconf 78' lang='grc' dir='ltr'><strong><em>ἐτι</em></strong></span> <span class='ocrx_word' id='word_1_251' title='bbox 1221 2993 1401 3075; x_wconf 85' lang='grc' dir='ltr'><strong><em>Ἰουδαίους,</em></strong></span> 
     </span>
     <span class='ocr_line' id='line_1_27' title="bbox 260 3091 1400 3184; baseline 0.001 -21"><span class='ocrx_word' id='word_1_252' title='bbox 260 3096 330 3172; x_wconf 83' lang='grc' dir='ltr'><strong><em>τοῦς</em></strong></span> <span class='ocrx_word' id='word_1_253' title='bbox 347 3092 476 3180; x_wconf 85' lang='grc' dir='ltr'><strong><em>Χριστόν</em></strong></span> <span class='ocrx_word' id='word_1_254' title='bbox 497 3092 538 3176; x_wconf 79' lang='grc' dir='ltr'><strong><em>μη</em></strong></span> <span class='ocrx_word' id='word_1_255' title='bbox 554 3096 737 3175; x_wconf 85' lang='grc' dir='ltr'><strong><em>δεξαμένους.</em></strong></span> <span class='ocrx_word' id='word_1_256' title='bbox 770 3091 893 3176; x_wconf 86' lang='grc' dir='ltr'><strong><em>Ἔχουσι</em></strong></span> <span class='ocrx_word' id='word_1_257' title='bbox 910 3096 941 3159; x_wconf 85' lang='grc' dir='ltr'><strong><em>δέ</em></strong></span> <span class='ocrx_word' id='word_1_258' title='bbox 956 3093 989 3161; x_wconf 87' lang='grc' dir='ltr'><strong><em>τό</em></strong></span> <span class='ocrx_word' id='word_1_259' title='bbox 1010 3095 1085 3161; x_wconf 84' lang='grc' dir='ltr'><strong><em>κατά</em></strong></span> <span class='ocrx_word' id='word_1_260' title='bbox 1103 3104 1266 3163; x_wconf 87' lang='grc' dir='ltr'><strong><em>Ματθαῖον</em></strong></span> <span class='ocrx_word' id='word_1_261' title='bbox 1283 3095 1400 3184; x_wconf 83' lang='grc' dir='ltr'><strong><em>εῦοιγγέ-</em></strong></span> 
     </span>
     <span class='ocr_line' id='line_1_28' title="bbox 259 3192 1401 3283; baseline -0.002 -18"><span class='ocrx_word' id='word_1_262' title='bbox 259 3208 322 3265; x_wconf 92' lang='grc' dir='ltr'><strong><em>λιον</em></strong></span> <span class='ocrx_word' id='word_1_263' title='bbox 337 3199 534 3280; x_wconf 88' lang='grc' dir='ltr'><strong><em>πληρέστατον</em></strong></span> <span class='ocrx_word' id='word_1_264' title='bbox 549 3192 704 3279; x_wconf 82' lang='grc' dir='ltr'><strong><em>Ἐβραϊστί.</em></strong></span> <span class='ocrx_word' id='word_1_265' title='bbox 750 3193 826 3280; x_wconf 87' lang='grc' dir='ltr'><strong><em>Παρ’</em></strong></span> <span class='ocrx_word' id='word_1_266' title='bbox 850 3194 949 3272; x_wconf 69' lang='grc' dir='ltr'><strong><em>αὐτοῖς</em></strong></span> <span class='ocrx_word' id='word_1_267' title='bbox 972 3197 1028 3283; x_wconf 83' lang='grc' dir='ltr'><strong><em>γάρ</em></strong></span> <span class='ocrx_word' id='word_1_268' title='bbox 1052 3205 1155 3279; x_wconf 78' lang='grc' dir='ltr'><strong><em>σαφῶς</em></strong></span> <span class='ocrx_word' id='word_1_269' title='bbox 1172 3206 1274 3276; x_wconf 87' lang='grc' dir='ltr'><strong><em>τοῦτο,</em></strong></span> <span class='ocrx_word' id='word_1_270' title='bbox 1295 3198 1401 3274; x_wconf 75' lang='grc' dir='ltr'><strong><em>καθοδς</em></strong></span> 
     </span>
     <span class='ocr_line' id='line_1_29' title="bbox 261 3293 1402 3387; baseline -0.004 -19"><span class='ocrx_word' id='word_1_271' title='bbox 261 3304 291 3380; x_wconf 85' lang='grc' dir='ltr'><strong><em>ἐξ</em></strong></span> <span class='ocrx_word' id='word_1_272' title='bbox 310 3300 401 3387; x_wconf 82' lang='grc' dir='ltr'><strong><em>άρχῆς</em></strong></span> <span class='ocrx_word' id='word_1_273' title='bbox 418 3296 548 3382; x_wconf 79' lang='grc' dir='ltr'><strong><em>ἐγράφη,</em></strong></span> <span class='ocrx_word' id='word_1_274' title='bbox 568 3293 736 3382; x_wconf 82' lang='grc' dir='ltr'><strong><em>Ἑβραϊκοῖς</em></strong></span> <span class='ocrx_word' id='word_1_275' title='bbox 758 3296 924 3383; x_wconf 86' lang='grc' dir='ltr'><strong><em>γράμμασιν</em></strong></span> <span class='ocrx_word' id='word_1_276' title='bbox 944 3301 987 3364; x_wconf 79' lang='grc' dir='ltr'><strong><em>έτι</em></strong></span> <span class='ocrx_word' id='word_1_277' title='bbox 1004 3298 1136 3378; x_wconf 73' lang='grc' dir='ltr'><strong><em>σιόζεται·</em></strong></span> <span class='ocrx_word' id='word_1_278' title='bbox 1159 3298 1214 3366; x_wconf 82' lang='grc' dir='ltr'><strong><em>οῦκ</em></strong></span> <span class='ocrx_word' id='word_1_279' title='bbox 1233 3296 1303 3364; x_wconf 80' lang='grc' dir='ltr'><strong><em>οἶδα</em></strong></span> <span class='ocrx_word' id='word_1_280' title='bbox 1319 3300 1352 3364; x_wconf 80' lang='grc' dir='ltr'><strong><em>δέ</em></strong></span> <span class='ocrx_word' id='word_1_281' title='bbox 1372 3301 1402 3363; x_wconf 89' lang='grc' dir='ltr'><strong><em>εί</em></strong></span> 
     </span>
     <span class='ocr_line' id='line_1_30' title="bbox 259 3396 1398 3487; baseline -0.003 -19"><span class='ocrx_word' id='word_1_282' title='bbox 259 3407 309 3468; x_wconf 83' lang='grc' dir='ltr'><strong><em>καί</em></strong></span> <span class='ocrx_word' id='word_1_283' title='bbox 333 3402 386 3479; x_wconf 81' lang='grc' dir='ltr'><strong><em>τάς</em></strong></span> <span class='ocrx_word' id='word_1_284' title='bbox 405 3403 601 3487; x_wconf 86' lang='grc' dir='ltr'><strong><em>γενεαλογίας,</em></strong></span> <span class='ocrx_word' id='word_1_285' title='bbox 622 3397 675 3474; x_wconf 83' lang='grc' dir='ltr'><strong><em>τάς</em></strong></span> <span class='ocrx_word' id='word_1_286' title='bbox 696 3396 756 3463; x_wconf 81' lang='grc' dir='ltr'><strong><em>άπδ</em></strong></span> <span class='ocrx_word' id='word_1_287' title='bbox 781 3408 834 3465; x_wconf 91' lang='grc' dir='ltr'><strong><em>τοῦ</em></strong></span> <span class='ocrx_word' id='word_1_288' title='bbox 854 3397 986 3486; x_wconf 75' lang='grc' dir='ltr'><strong><em>Ἁβραάμ</em></strong></span> <span class='ocrx_word' id='word_1_289' title='bbox 1008 3400 1075 3486; x_wconf 78' lang='grc' dir='ltr'><strong><em>ῦχρι</em></strong></span> <span class='ocrx_word' id='word_1_290' title='bbox 1097 3408 1224 3487; x_wconf 82' lang='grc' dir='ltr'><strong><em>Χριστοῦ</em></strong></span> <span class='ocrx_word' id='word_1_291' title='bbox 1243 3407 1398 3486; x_wconf 86' lang='grc' dir='ltr'><strong><em>περιεῖλον.</em></strong></span> 
     </span>
     <span class='ocr_line' id='line_1_31' title="bbox 259 3498 1400 3590; baseline 0 -21"><span class='ocrx_word' id='word_1_292' title='bbox 259 3502 343 3569; x_wconf 79' lang='grc' dir='ltr'><strong><em>Ἀλλά</em></strong></span> <span class='ocrx_word' id='word_1_293' title='bbox 358 3507 410 3571; x_wconf 84' lang='grc' dir='ltr'><strong><em>καί</em></strong></span> <span class='ocrx_word' id='word_1_294' title='bbox 423 3500 532 3584; x_wconf 77' lang='grc' dir='ltr'><strong><em>ταύτην</em></strong></span> <span class='ocrx_word' id='word_1_295' title='bbox 548 3499 738 3586; x_wconf 84' lang='grc' dir='ltr'><strong><em>φωράσαντες</em></strong></span> <span class='ocrx_word' id='word_1_296' title='bbox 753 3498 793 3577; x_wconf 73' lang='grc' dir='ltr'><strong><em>οἷς</em></strong></span> <span class='ocrx_word' id='word_1_297' title='bbox 810 3501 935 3590; x_wconf 89' lang='grc' dir='ltr'><strong><em>βληχρόν</em></strong></span> <span class='ocrx_word' id='word_1_298' title='bbox 950 3505 999 3569; x_wconf 79' lang='grc' dir='ltr'><strong><em>καί</em></strong></span> <span class='ocrx_word' id='word_1_299' title='bbox 1016 3502 1126 3587; x_wconf 87' lang='grc' dir='ltr'><strong><em>όδῦνης</em></strong></span> <span class='ocrx_word' id='word_1_300' title='bbox 1140 3500 1328 3587; x_wconf 83' lang='grc' dir='ltr'><strong><em>έμπυιητιιιδν</em></strong></span> <span class='ocrx_word' id='word_1_301' title='bbox 1348 3502 1400 3569; x_wconf 77' lang='grc' dir='ltr'><strong><em>διά</em></strong></span> 
     </span>
     <span class='ocr_line' id='line_1_32' title="bbox 259 3601 1400 3690; baseline 0.003 -22"><span class='ocrx_word' id='word_1_302' title='bbox 259 3613 313 3669; x_wconf 89' lang='grc' dir='ltr'><strong><em>τοῦ</em></strong></span> <span class='ocrx_word' id='word_1_303' title='bbox 329 3609 376 3670; x_wconf 87' lang='grc' dir='ltr'><strong><em>ίοῦ</em></strong></span> <span class='ocrx_word' id='word_1_304' title='bbox 393 3610 534 3688; x_wconf 87' lang='grc' dir='ltr'><strong><em>σφηκίον,</em></strong></span> <span class='ocrx_word' id='word_1_305' title='bbox 555 3601 790 3678; x_wconf 83' lang='grc' dir='ltr'><strong><em>καταθλάσαντές</em></strong></span> <span class='ocrx_word' id='word_1_306' title='bbox 805 3629 835 3668; x_wconf 87' lang='grc' dir='ltr'><strong><em>τε</em></strong></span> <span class='ocrx_word' id='word_1_307' title='bbox 850 3613 913 3680; x_wconf 89' lang='grc' dir='ltr'><strong><em>τοῖς</em></strong></span> <span class='ocrx_word' id='word_1_308' title='bbox 927 3612 980 3687; x_wconf 80' lang='grc' dir='ltr'><strong><em>τῆς</em></strong></span> <span class='ocrx_word' id='word_1_309' title='bbox 995 3602 1134 3688; x_wconf 84' lang='grc' dir='ltr'><strong><em>άληθείας</em></strong></span> <span class='ocrx_word' id='word_1_310' title='bbox 1146 3603 1259 3690; x_wconf 84' lang='grc' dir='ltr'><strong><em>λόγοις,</em></strong></span> <span class='ocrx_word' id='word_1_311' title='bbox 1280 3602 1400 3681; x_wconf 73' lang='grc' dir='ltr'><strong><em>λαλιὰς</em></strong></span> 
     </span>
     <span class='ocr_line' id='line_1_33' title="bbox 260 3700 1330 3806; baseline 0.004 -37"><span class='ocrx_word' id='word_1_312' title='bbox 260 3706 326 3787; x_wconf 80' lang='grc' dir='ltr'><strong><em>ἐξῆς</em></strong></span> <span class='ocrx_word' id='word_1_313' title='bbox 346 3711 451 3789; x_wconf 76' lang='grc' dir='ltr'><strong><em>ἴωμεν,</em></strong></span> <span class='ocrx_word' id='word_1_314' title='bbox 474 3700 499 3773; x_wconf 77' lang='grc' dir='ltr'><strong><em>ά</em></strong></span> <span class='ocrx_word' id='word_1_315' title='bbox 521 3703 715 3788; x_wconf 89' lang='grc' dir='ltr'><strong><em>ἐπιπόθητοι,</em></strong></span> <span class='ocrx_word' id='word_1_316' title='bbox 736 3702 817 3791; x_wconf 86' lang='grc' dir='ltr'><strong><em>παρά</em></strong></span> <span class='ocrx_word' id='word_1_317' title='bbox 837 3713 913 3772; x_wconf 88' lang='grc' dir='ltr'><strong><em>θεοῦ</em></strong></span> <span class='ocrx_word' id='word_1_318' title='bbox 934 3709 1082 3806; x_wconf 79' lang='grc' dir='ltr'><strong><em>αἰτοῦντες</em></strong></span> <span class='ocrx_word' id='word_1_319' title='bbox 1102 3706 1156 3791; x_wconf 67' lang='grc' dir='ltr'><strong><em>τὴν</em></strong></span> <span class='ocrx_word' id='word_1_320' title='bbox 1176 3705 1330 3792; x_wconf 76' lang='grc' dir='ltr'><strong><em>βοήθειαν.</em></strong></span> 
     </span>
    </p>
   </div>
   <div class='ocr_carea' id='block_1_4' title="bbox 140 3988 1148 4199">
    <p class='ocr_par' dir='ltr' id='par_1_5' title="bbox 140 3988 1148 4199">
     <span class='ocr_line' id='line_1_34' title="bbox 140 3988 1148 4075; baseline 0.001 -18"><span class='ocrx_word' id='word_1_321' title='bbox 140 3999 247 4057; x_wconf 62' lang='grc' dir='ltr'><strong><em>μιν.</em></strong></span> <span class='ocrx_word' id='word_1_322' title='bbox 513 3988 693 4058; x_wconf 75' lang='lat' dir='ltr'>RATA</span> <span class='ocrx_word' id='word_1_323' title='bbox 737 3988 1148 4075; x_wconf 78' lang='grc' dir='ltr'><strong><em>ΕυιυΝΑιοΝ,</em></strong></span> 
     </span>
     <span class='ocr_line' id='line_1_35' title="bbox 584 4098 1076 4199; baseline 0.004 -25"><span class='ocrx_word' id='word_1_324' title='bbox 584 4101 728 4197; x_wconf 77' lang='grc' dir='ltr'><strong><em>δεκάτη,</em></strong></span> <span class='ocrx_word' id='word_1_325' title='bbox 753 4098 776 4197; x_wconf 78' lang='grc' dir='ltr'><strong>ἡ</strong></span> <span class='ocrx_word' id='word_1_326' title='bbox 802 4104 862 4175; x_wconf 80' lang='grc' dir='ltr'><strong><em>καὶ</em></strong></span> <span class='ocrx_word' id='word_1_327' title='bbox 887 4100 1076 4199; x_wconf 79' lang='grc' dir='ltr'><strong><em>τριακοστή.</em></strong></span> 
     </span>
    </p>
   </div>
   <div class='ocr_carea' id='block_1_5' title="bbox 125 4238 1401 4435">
    <p class='ocr_par' dir='ltr' id='par_1_6' title="bbox 125 4238 1401 4435">
     <span class='ocr_line' id='line_1_36' title="bbox 125 4238 1399 4333; baseline 0.004 -25"><span class='ocrx_word' id='word_1_328' title='bbox 125 4256 192 4324; x_wconf 83' lang='grc' dir='ltr'><strong><em>Κεφ.</em></strong></span> <span class='ocrx_word' id='word_1_329' title='bbox 211 4252 243 4309; x_wconf 88' lang='grc' dir='ltr'><strong><em>α’.</em></strong></span> <span class='ocrx_word' id='word_1_330' title='bbox 343 4244 472 4331; x_wconf 85' lang='grc' dir='ltr'><strong><em>Ἐβίων,</em></strong></span> <span class='ocrx_word' id='word_1_331' title='bbox 501 4243 553 4326; x_wconf 73' lang='grc' dir='ltr'><strong><em>ἀφ’</em></strong></span> <span class='ocrx_word' id='word_1_332' title='bbox 581 4238 673 4333; x_wconf 84' lang='grc' dir='ltr'><strong><em>οῦιτερ</em></strong></span> <span class='ocrx_word' id='word_1_333' title='bbox 696 4247 884 4331; x_wconf 85' lang='grc' dir='ltr'><strong><em>Ἐβιωναῖοι,</em></strong></span> <span class='ocrx_word' id='word_1_334' title='bbox 913 4254 1044 4331; x_wconf 80' lang='grc' dir='ltr'><strong><em>καθεξῆς</em></strong></span> <span class='ocrx_word' id='word_1_335' title='bbox 1070 4247 1263 4329; x_wconf 71' lang='grc' dir='ltr'><strong><em>ἀκολουθοῦν,</em></strong></span> <span class='ocrx_word' id='word_1_336' title='bbox 1291 4250 1343 4315; x_wconf 75' lang='grc' dir='ltr'><strong><em>καί</em></strong></span> <span class='ocrx_word' id='word_1_337' title='bbox 1361 4244 1399 4313; x_wconf 80' lang='grc' dir='ltr'><strong><em>τά</em></strong></span> 
     </span>
     <span class='ocr_line' id='line_1_37' title="bbox 261 4344 1401 4435; baseline 0.003 -22"><span class='ocrx_word' id='word_1_338' title='bbox 261 4346 349 4432; x_wconf 82' lang='grc' dir='ltr'><strong><em>ῦμοια</em></strong></span> <span class='ocrx_word' id='word_1_339' title='bbox 368 4346 484 4423; x_wconf 82' lang='grc' dir='ltr'><strong><em>τούτοις</em></strong></span> <span class='ocrx_word' id='word_1_340' title='bbox 507 4344 672 4431; x_wconf 78' lang='grc' dir='ltr'><strong><em>φρονήσας,</em></strong></span> <span class='ocrx_word' id='word_1_341' title='bbox 694 4349 886 4434; x_wconf 83' lang='grc' dir='ltr'><strong><em>πολύμορφον</em></strong></span> <span class='ocrx_word' id='word_1_342' title='bbox 909 4349 1073 4433; x_wconf 86' lang='grc' dir='ltr'><strong><em>τεράστιον,</em></strong></span> <span class='ocrx_word' id='word_1_343' title='bbox 1095 4352 1145 4415; x_wconf 87' lang='grc' dir='ltr'><strong><em>καί</em></strong></span> <span class='ocrx_word' id='word_1_344' title='bbox 1171 4347 1213 4425; x_wconf 72' lang='grc' dir='ltr'><strong><em>οῦς</em></strong></span> <span class='ocrx_word' id='word_1_345' title='bbox 1235 4352 1328 4416; x_wconf 83' lang='grc' dir='ltr'><strong><em>είπεΐν</em></strong></span> <span class='ocrx_word' id='word_1_346' title='bbox 1347 4356 1401 4435; x_wconf 79' lang='grc' dir='ltr'><strong><em>τῆς</em></strong></span> 
     </span>
    </p>
   </div>
   <div class='ocr_carea' id='block_1_6' title="bbox 258 4482 1401 4618">
    <p class='ocr_par' dir='ltr' id='par_1_7' title="bbox 258 4482 1401 4618">
     <span class='ocr_line' id='line_1_38' title="bbox 258 4482 1401 4552; baseline 0.005 -17"><span class='ocrx_word' id='word_1_347' title='bbox 258 4542 262 4547; x_wconf 53' lang='grc'><strong><em>,</em></strong></span> <span class='ocrx_word' id='word_1_348' title='bbox 296 4486 458 4537; x_wconf 70' lang='lat' dir='ltr'>en.1x.-</span> <span class='ocrx_word' id='word_1_349' title='bbox 485 4486 506 4536; x_wconf 86' lang='grc' dir='ltr'><strong><em>ί.</em></strong></span> <span class='ocrx_word' id='word_1_350' title='bbox 524 4482 602 4538; x_wconf 74' lang='grc' dir='ltr'><strong><em>έωὶλεν</em></strong></span> <span class='ocrx_word' id='word_1_351' title='bbox 615 4491 863 4541; x_wconf 70' lang='grc' dir='ltr'><strong><em>ιωιιισολίοσοειιοιὶι·</em></strong></span> <span class='ocrx_word' id='word_1_352' title='bbox 878 4494 919 4552; x_wconf 74' lang='grc' dir='ltr'><strong><em>ιιι,</em></strong></span> <span class='ocrx_word' id='word_1_353' title='bbox 936 4491 977 4552; x_wconf 75' lang='lat' dir='ltr'><strong><em>qui</em></strong></span> <span class='ocrx_word' id='word_1_354' title='bbox 992 4491 1059 4538; x_wconf 76' lang='grc' dir='ltr'><strong><em>υιτλίλ</em></strong></span> <span class='ocrx_word' id='word_1_355' title='bbox 1074 4502 1154 4540; x_wconf 78' lang='lat' dir='ltr'><strong>mane.</strong></span> <span class='ocrx_word' id='word_1_356' title='bbox 1177 4490 1401 4543; x_wconf 74' lang='grc' dir='ltr'><strong><em>Εσλίίίιλιιλίλεοιολ</em></strong></span> 
     </span>
     <span class='ocr_line' id='line_1_39' title="bbox 258 4550 1204 4618; baseline -0.003 -11"><span class='ocrx_word' id='word_1_357' title='bbox 258 4561 281 4607; x_wconf 78' lang='grc' dir='ltr'><strong><em>εί</em></strong></span> <span class='ocrx_word' id='word_1_358' title='bbox 295 4557 346 4607; x_wconf 85' lang='grc' dir='ltr'><strong><em>σοιλ</em></strong></span> <span class='ocrx_word' id='word_1_359' title='bbox 359 4556 457 4618; x_wconf 63' lang='lat' dir='ltr'><strong>nmio.</strong></span> <span class='ocrx_word' id='word_1_360' title='bbox 473 4556 556 4604; x_wconf 78' lang='grc' dir='ltr'><strong><em>λυδιιιί</em></strong></span> <span class='ocrx_word' id='word_1_361' title='bbox 573 4550 675 4606; x_wconf 61' lang='grc' dir='ltr'><strong><em>ἔσωθεν.</em></strong></span> <span class='ocrx_word' id='word_1_362' title='bbox 1199 4600 1204 4609; x_wconf 92' lang='grc'><strong>,</strong></span> 
     </span>
    </p>
   </div>
   <div class='ocr_carea' id='block_1_7' title="bbox 0 0 1528 5084">
    <p class='ocr_par' dir='ltr' id='par_1_8' title="bbox 0 0 1528 5084">
     <span class='ocr_line' id='line_1_40' title="bbox 0 0 1528 5084; baseline 0 0"><span class='ocrx_word' id='word_1_363' title='bbox 0 0 1528 5084; x_wconf 95' lang='lat' dir='ltr'><strong><em> </em></strong></span> 
     </span>
    </p>
   </div>
  </div>
 </body>
</html>
