3046 5084
66 427 131 494 Κεφ.
150 423 178 487 ς’.

85 2612 134 2656 μσς.
148 2599 192 2641 m.

77 2995 144 3063 Κεφ.
164 2990 193 3056 ε.

195 296 256 359 518
615 305 921 358 οιαοτιεειεεεεωυ

284 422 346 488 Ου’κ
362 422 419 507 δίρα
434 428 548 502 τοίνυν,
571 420 612 498 οίς
628 414 712 487 οῦτοί
726 443 813 503 φασι,
836 419 886 488 διδ
900 429 1007 507 γνοῦσιν
1021 420 1040 490 ό
1055 420 1180 501 Ἰοῦδας
1193 428 1350 511 παρέδωκε

196 524 247 591 τόν
266 534 398 609 σωτῆρα,
429 524 499 590 οῦδέ
516 523 660 590 Ἰουδαῖοι
679 522 788 607 μισθόν
807 526 905 617 έχουσι
923 524 1142 609 σταυρόσαντες
1159 526 1216 593 τόν
1234 526 1349 614 κόριον,

195 632 246 692 καί
260 632 305 692 τοί
319 654 351 711 γε
367 627 417 691 διοί
432 636 561 712 σταυροῦ
578 627 703 710 ἐχόντων
718 624 802 709 ἡμῶν
819 626 874 709 την
890 634 1043 711 σωτηρίαν.
1089 627 1169 695 Οῦτε
1185 628 1247 715 γοίρ
1264 632 1349 715 παρέ-

197 736 290 796 δωκεν
313 729 402 795 αῦτόν
428 728 583 805 ῦἸοῦδας
607 734 656 795 ίνα
678 732 795 815 γένηται
817 727 889 811 ἡμῖν
913 734 954 805 είς
979 735 1138 814 σωτηρίαν,
1172 730 1250 797 νίλλιί
1278 732 1350 799 κατέ

196 832 332 919 ι’ίγυοιαν,
365 841 448 915 ζῆλον
470 835 522 897 καὶ
543 837 738 917 φιλαργυρίαν
760 830 957 915 οίρνησιθεΐας.
1008 832 1074 898 Κίίν
1098 858 1129 899 τε
1152 832 1214 919 γδρ
1237 832 1351 925 είπηῆ

196 934 297 1021 γραφίγ
318 933 370 999 τόν
394 934 521 1017 Χριστόν
543 938 680 1017 μέλλοντα
702 942 818 1022 σταυρῷ
838 938 1074 1018 παραδίδοσθαι,
1103 934 1126 1017 ἦ
1147 934 1211 1001 κῦν
1230 934 1351 1021 εἶπονῆ

197 1042 267 1103 θεία
288 1036 390 1122 γραφὴ
412 1038 448 1101 τοί
471 1034 514 1103 ἐπ’
539 1036 687 1120 ιἐσχάτων
708 1034 828 1122 ἡμεροῦν
849 1035 885 1101 δι’
905 1034 990 1119 ἡμῶν
1008 1036 1220 1121 ἐπιτελοῦμενα
1238 1036 1351 1123 &tomi-

199 1167 290 1222 ματα,
322 1137 358 1203 οῦ
378 1140 496 1216 ττιίντως
516 1139 597 1224 εῦροι
618 1137 655 1203 ίίν
676 1166 720 1214 τις
739 1136 824 1222 ἡμῶν
844 1147 903 1204 τῶν
923 1137 958 1203 τοί
979 1138 1137 1223 παράνομα
1156 1140 1352 1226 πραττόντων

199 1241 359 1326 οίιτολογίοιν
372 1241 424 1323 τήν
438 1250 490 1324 τῆς
504 1249 620 1327 γραφῆς
636 1247 799 1326 μαρτυρίαν
812 1244 985 1325 προφέρων,
1007 1242 1273 1327 προθεσπεζοῦσης
1286 1250 1352 1309 ταῦ-

199 1372 234 1409 τα
251 1348 377 1408 έοεσθαι.
425 1343 469 1408 Οῦ
487 1343 542 1429 γαρ
558 1343 603 1409 ὅτι
621 1341 701 1408 είττεν
716 1342 737 1426 ἡ
752 1342 853 1429 γραφη
868 1351 1025 1425 ποιοῦμεν,
1055 1342 1114 1407 ἀλλ’
1130 1344 1178 1411 δτι
1195 1348 1352 1429 ἐμέλλομεν

200 1456 309 1524 ποιεῖν,
331 1455 469 1529 προεῖπεν
483 1444 504 1529 ἦ
518 1446 633 1531 γραφη,
657 1446 706 1510 διαί
720 1446 773 1529 τήν
786 1454 839 1512 τοῦ
853 1454 929 1511 θεοῦ
943 1444 1125 1531 πρόγνωσιν,
1147 1449 1203 1513 καλ
1215 1450 1270 1513 ’ίνα
1281 1446 1353 1527 θεός

200 1547 315 1634 οίγαθός
336 1546 491 1633 ῦπῦρχων,
523 1551 670 1632 ἐπιφέρων
692 1550 724 1614 δὲ
744 1547 798 1631 τὴν
820 1546 911 1634 όργήν
932 1546 1008 1613 κατεῖ
1028 1556 1087 1613 νῦν
1107 1544 1352 1634 όμαρταυόντων,

202 1650 242 1734 μὴ
259 1648 423 1739 ὑποληφθῇ
440 1650 531 1715 πείθει
549 1651 747 1733 συνεχόμενος.
788 1648 828 1715 Ἡ
840 1651 895 1736 γδρ
911 1648 982 1716 καθ’
997 1653 1120 1716 ἕκαστον
1140 1658 1205 1717 τῶν
1224 1650 1352 1739 εἵμαρτα-

202 1753 312 1819 νόντων
333 1752 413 1837 παροί
432 1761 508 1819 θεοῦ
530 1752 602 1838 ν’ργή
625 1752 681 1818 οῦκ
703 1751 762 1818 α’ττό
779 1752 900 1829 πίθους
917 1751 1050 1839 όρμᾶται.
1092 1750 1229 1831 Ἀπαθές
1247 1754 1353 1842 γεῖρτδ

202 1958 383 2041 νακτήοεως,
416 1957 485 2023 οῦδὲ
505 1957 577 2047 όργγγ
595 1956 721 2039 ἡττηθὲν
743 1961 813 2023 3καῖ
832 1958 1039 2043 κρατοῦμενον.
1083 1963 1230 2026 Δείκνυσι
1247 1958 1306 2048 γδρ
1321 1962 1353 2029 τό

203 2061 319 2136 οίπαθὲς
341 2059 357 2125 ό
378 2060 451 2136 θεός
472 2059 621 2145 προειπεῖν
644 2059 739 2142 4ημῖν
758 2061 810 2143 τήν
827 2063 967 2143 ἐσομένην
981 2065 1077 2144 κρίσιν
1094 2060 1220 2145 κοίτην
1237 2066 1355 2129 δικαίαν

206 2163 297 2249 ὕπαρ
312 2162 403 2228 αὐτοῦ
417 2169 559 2247 τιμωρίαν
574 2166 737 2248 γινομένην,
759 2168 809 2228 ἵνα
822 2162 854 2230 τό
870 2161 987 2239 οίπαθίς
1001 2162 1116 2253 σημόνη
1131 2170 1187 2247 τῆς
1199 2164 1354 2249 θεότητος.

207 2275 338 2351 Προεῖπε
358 2271 459 2330 τοίνυν
479 2264 500 2348 η
521 2264 621 2351 γραφὴ
638 2264 712 2329 κατοί
728 2266 895 2351 πρόγνωσιν
911 2268 1187 2351 προασφαλιζομένη
1204 2270 1261 2333 καί
1277 2266 1355 2335 διδό·

205 2392 331 2448 σκουσα,
361 2372 410 2433 λὐα
427 2369 467 2453 μὴ
484 2372 652 2451 ἐμπέσωμεν
673 2371 714 2443 είς
729 2366 820 2453 όργην
837 2367 998 2451 οίνήκεστον
1013 2376 1108 2448 θεοῦ,
1136 2365 1194 2452 τὴν
1208 2368 1250 2437 οῦ
1266 2369 1357 2437 πόθει

206 2471 391 2555 ὁρισθεῖσαν,
421 2471 489 2537 οῦδὲ
505 2475 724 2554 συμβαίνουσαν
741 2469 800 2536 οίπό
815 2470 920 2553 ἥττης,
948 2469 1018 2535 όλλδ
1035 2468 1209 2539 δικαιότατα
1226 2482 1294 2553 τοῖς
1308 2472 1358 2557 τὴν

206 2574 350 2659 οίμαρτίαν
365 2577 526 2641 ἐκτελοῦσιν
543 2572 715 2658 όνθροίποις
728 2582 1020 2658 προετοιμασθεῖσαν,
1042 2574 1094 2639 καί
1106 2572 1149 2657 μὴ
1163 2582 1358 2657 μετανοοῦσιν

207 2681 236 2755 ἐξ
258 2676 405 2759 ἀληθείας.

297 2982 383 3047 Οῦτω
398 2983 448 3047 καὶ
464 2984 512 3046 ἐπὶ
525 2989 578 3047 τοῦ
594 2990 736 3066 σταυροῦ,
759 2979 812 3064 οῦχ
828 2980 873 3047 ὅτι
889 2978 967 3047 είπεν
980 2979 1001 3064 ἦ
1015 2984 1085 3047 θεία
1096 2982 1220 3067 γραφὴ,
1239 2980 1359 3052 'Em

209 3106 307 3172 ρωσαν
329 3089 361 3151 οί
378 3082 536 3163 Ἰουδαῖοι,
568 3086 633 3163 καί,
666 3086 842 3169 Παρέδωκεν
861 3081 978 3161 Ἰοῦδας
998 3081 1050 3149 τόν
1071 3092 1208 3171 σωτῆρα,
1237 3084 1300 3155 ἄλλ’
1316 3086 1362 3155 δτι

209 3193 304 3272 ἔμελλε
327 3185 524 3272 παραδιδόναι
542 3184 660 3262 Ἰούδας
666 3238 674 3266 ,
705 3189 754 3252 καί
778 3185 923 3253 Ἰουδαῖοι
946 3192 1108 3271 σταυροῦν,
1140 3186 1253 3255 τοῦτον
1276 3192 1361 3257 [vm

210 3301 351 3376 προεῖπεν
371 3287 392 3372 ἦ
415 3292 484 3353 θεία
505 3288 605 3374 γραφη
629 3293 660 3355 ἐν
681 3298 717 3379 τῇ
740 3296 849 3378 παλαιᾷ
871 3287 1005 3379 διαθήκη
1028 3291 1077 3355 καλ
1098 3286 1117 3355 ό
1137 3288 1246 3376 κῦρεος
1267 3294 1301 3361 ἐν
1320 3300 1361 3383 τῇ

212 3394 374 3482 εὐαγγελίῳ.
406 3391 495 3468 Ὥςτε
509 3385 562 3457 οῦν
576 3390 630 3458 οῦκ
644 3395 675 3457 ἐν
688 3392 792 3477 γνοίσει
805 3401 857 3476 της
871 3394 1009 3475 ἐσομένης
1022 3388 1187 3478 εῦεργεσίας
1201 3402 1244 3485 τῷ
1257 3394 1361 3485 κόσμμ

212 3500 402 3583 παραδέδωκε
416 3493 466 3561 τόν
481 3494 585 3580 κόριον
601 3493 762 3575 ῦἸοῦδας,
785 3494 826 3571 νίς
841 3498 946 3561 ἐκεῖνον
957 3496 1105 3581 λέγουσιν,
1127 3492 1189 3559 ἄλλ’
1204 3496 1297 3575 είδοδς
1309 3498 1362 3583 μδτ

212 3600 257 3665 ὅτι
271 3598 288 3665 ό
302 3598 394 3665 αῦτοῦ
408 3598 551 3681 δεσπότης
564 3596 702 3681 ῦπῆργεν,
725 3595 841 3683 οίγνοῶν
856 3599 887 3663 δέ
900 3598 945 3663 δτι
959 3602 1087 3681 σωτηρία
1099 3598 1180 3665 ἐσται
1191 3604 1236 3689 τῷ
1249 3598 1361 3691 κόσμῳ.

215 3710 288 3778 Πῶς
307 3701 361 3788 γδρ
385 3700 421 3766 δίν
442 3706 487 3784 είη
504 3706 648 3784 σωτηρίας
663 3700 832 3786 ἀνθρώπων
848 3698 1054 3783 ἐπιμελόμενος
1075 3696 1093 3765 ό
1109 3696 1180 3786 παρ’
1195 3700 1295 3771 αῦτοῦ
1309 3710 1361 3771 τοῦ

214 3812 343 3889 σωτῆρος
358 3802 477 3870 οίκοῦων
490 3803 645 3879 ’Λπωλείας
661 3803 741 3883 υίός,·
763 3806 814 3869 καί
830 3802 879 3884 τό,
902 3804 1055 3889 Συμφέρετ
1070 3799 1151 3891 αῦτηῦ
1167 3806 1195 3869 εί
1208 3802 1269 3873 οῦκ
1284 3810 1360 3895 ἐγιν-

213 3912 310 3993 νήθη,
331 3909 380 3971 καί
396 3906 444 3984 τό,
464 3905 590 3992 Ἑταῖρε,
613 3904 660 3988 ἐφ’
675 3906 693 3973 δ
708 3906 809 3993 κόρεις
831 3910 883 3973 καλ
896 3906 946 3986 τό,
969 3902 1027 3983 Ele
1041 3908 1071 3985 ίξ
1086 3902 1173 3989 ῦμοῦν
1186 3908 1361 3995 παραδείσω

216 4039 266 4094 με,
287 4012 337 4076 καὶ
353 4008 403 4088 τό,
428 4006 463 4075 ‘0
479 4014 589 4076 ἐσθίων
607 4006 666 4092 μετ’
682 4012 755 4091 ἐμοῦ
770 4008 822 4076 τόν
839 4008 927 4094 ῦρτον
941 4011 1031 4099 ἐπῇρε
1048 4006 1110 4075 κατ’
1125 4010 1202 4092 ίμοῦ
1225 4018 1360 4101 ῑατερνι.

217 4114 300 4198 σμδν,
323 4110 363 4189 τός
376 4116 432 4196 έγει
443 4112 476 4179 τό
492 4112 656 4198 εὐαγγέλιον
671 4114 729 4177 δέκ
740 4112 930 4199 προαγοῦσης
943 4114 1104 4197 μαρτυρίας
1114 4118 1170 4179 τοῦ
1181 4120 1360 4203 ψαλτηρίου,

253 4270 310 4320 (ἷκε.
324 4270 366 4320 w.
383 4298 416 4308 —
440 4274 460 4321 Ι.
478 4266 591 4337 ἐσχάτων
608 4286 661 4321 cum
675 4274 771 4321 Ρεῖσυῖο
836 4266 860 4321 4.
876 4266 938 4338 ἡμῖν
955 4272 1031 4321 adieci
1049 4284 1079 4321 e:
1093 4270 1145 4321 ωδ.
1160 4270 1288 4325 mm.

217 4345 309 4401 reposui
328 4354 372 4401 μευ
396 4333 497 4407 ίσχοίτῳ
521 4339 589 4403 τείν,
616 4342 679 4402 quod
700 4342 771 4402 υυίμο
836 4340 861 4388 5.
877 4334 935 4404 παρ’
950 4334 1036 4402 αῦτοῦ,
1047 4340 1111 4401 quod
1122 4340 1148 4389 ίπ
1160 4340 1217 4391 aaa
1229 4344 1310 4405 μὴν.
1320 4342 1361 4395 ὺ-

218 4414 288 4459 extat.
803 4410 934 4472 εῖδααίατ,
951 4410 1061 4459 Petamus
1074 4408 1160 4457 ωίῖττῖί
1174 4420 1206 4459 ετ
1219 4412 1275 4461 ανδ.
1290 4412 1360 4463 M.

252 4481 277 4525 ⁴2.
294 4470 430 4541 ἀνθρώπων
445 4478 534 4538 placuit
550 4478 652 4526 Ρείαυῖο.
840 4476 898 4525 Cn.
913 4476 968 4525 VH.
985 4504 1019 4513 -
1044 4474 1066 4525 1.
1081 4474 1233 4543 πτερνεσμδν
1249 4480 1303 4533 ενδ.
1313 4480 1360 4531 Y·-

251 4542 276 4596 3.
291 4542 335 4597 καλ
347 4560 376 4595 ιτ
390 4548 441 4595 ενδ.
456 4546 529 4593 λαίίτ.
539 4549 641 4607 reposuit
654 4548 772 4597 Ριίσνῖυε.
804 4548 843 4597 εῖτ.
875 4542 979 4611 πτέρναν
994 4546 1092 4607 aulam
1104 4544 1227 4609 ηψπ
1241 4552 1286 4601 τί.
1352 4624 1359 4637 .
