3046 5084
265 318 326 380 418
690 330 809 380 εικόνι
830 328 994 380 ενινειιαιι

266 445 333 513 ίίλλο
348 474 376 512 τι
390 445 440 525 όν,
463 444 534 511 α’λλύ
548 445 653 532 γόητος
668 444 701 511 τό
719 448 813 532 ἐργον.
860 452 956 521 Ποῖος
969 443 1025 531 γύρ
1042 442 1113 528 ἡμῖν
1129 449 1225 531 τρίτος
1239 443 1318 522 θεός
1333 444 1434 531 ποίρε-

266 571 343 630 στιν,
366 553 398 615 ἐκ
413 548 468 615 δύο
483 551 641 625 συσταθεὶς
654 546 850 631 όμοιομοίτων,
872 551 923 613 καί
936 545 1005 613 οὔθ’
1019 550 1116 632 ἐτερος
1132 545 1174 613 όίν
1187 554 1247 613 τοῖν
1261 545 1334 627 δύο,
1356 547 1435 615 οὔτε

266 651 320 735 τὴν
335 656 442 717 κακίαν
454 655 529 735 έχων
543 654 594 717 καί
611 649 742 731 οἷδικίαν,
771 648 811 727 οῖς
827 653 916 732 ἐφης,
949 648 1016 716 ούτε
1031 649 1085 734 τίγν
1102 647 1273 736 ύγαθότητα
1289 653 1344 717 καλ
1360 678 1432 733 φω-

265 755 364 838 τεινὴν
382 753 503 834 ούσίαν,
532 759 702 837 μεσαίτατος
719 754 750 818 δέ
767 751 810 818 οῖν
825 757 954 830 δίκαιοςς
985 754 1045 817 Καὶ
1060 752 1117 840 γόρ
1133 751 1255 838 όληθοῖς
1269 750 1434 840 τίλλότριος

266 857 308 924 &v
323 857 420 941 πόσης
437 857 627 939 δικαιοσύνης
642 856 763 930 εἰκότως
776 854 891 940 οίγνοεῖς
905 858 933 920 τί
948 857 1021 920 ποτέ
1035 858 1095 921 ἐστι
1108 854 1298 938 δικαιοσύνη,
1322 858 1434 943 έτίραν

265 959 358 1045 αύτύν
372 959 453 1046 παρύ
467 959 521 1042 τὴν
534 957 708 1044 οίγαθότητα
722 963 855 1039 νομίζων.
891 956 975 1023 Πολύ
990 959 1022 1022 δέ
1034 956 1206 1048 ἐλεγχθηση,
1225 948 1250 1023 οί
1263 960 1434 1045 δαδιουργδ

265 1068 316 1131 καὶ
339 1062 467 1148 οίλλότριε
491 1069 543 1144 τῆς
564 1060 711 1144 όληθείας.
759 1057 939 1142 Ούδαμόθεν
961 1059 1017 1146 γύρ
1038 1065 1147 1145 γίνεται
1168 1059 1202 1126 τό
1223 1063 1344 1126 δίκαιον
1366 1058 1432 1127 ἄλλ’

144 1201 196 1247 ρος.
208 1188 254 1232 νει.
268 1170 297 1244 ἐξ
313 1165 514 1251 όγαθότητος,
537 1166 588 1228 καί
603 1161 673 1227 ούδέ
688 1161 779 1239 ἄλλως
792 1191 836 1240 τις
850 1162 1001 1248 γενήσεται
1016 1161 1142 1249 όγαθός,
1165 1166 1192 1227 εί
1204 1160 1245 1246 μή
1260 1153 1281 1251 ᾖ
1296 1166 1430 1240 δίκαιος.

256 1268 354 1333 Ὅθεν
369 1271 419 1332 καί
433 1266 536 1352 κύριος
551 1269 680 1330 ἐπαινῶν
696 1263 749 1348 τήν
763 1270 942 1347 νομοθεσίαν
956 1268 1007 1331 καί
1021 1264 1092 1342 τούς
1107 1262 1199 1348 αύτῆς
1211 1268 1352 1341 δικαίους
1366 1268 1430 1333 ἐλε-

266 1396 311 1458 γε,
335 1377 476 1452 Κοσμεῖτε
492 1367 561 1444 τούς
577 1367 692 1448 τάφους
707 1374 767 1432 τῶν
780 1376 958 1453 προφητῶν,
981 1371 1031 1434 καί
1047 1371 1228 1450 οἰκοδομεῖτε
1242 1367 1278 1433 τό
1293 1378 1432 1453 μνημεῖα

266 1480 325 1538 τῶν
340 1476 476 1550 δικαίων,
499 1472 549 1536 καὶ
569 1474 600 1536 οί
611 1471 734 1554 πατέρες
750 1467 836 1552 ύμοῖν
851 1469 1025 1536 οίπέκτειναν
1042 1468 1159 1546 αύτούς.
1205 1468 1314 1536 Πόθεν
1330 1472 1365 1537 δέ
1379 1498 1428 1558 γτ-

266 1573 368 1662 γόνασι
385 1581 536 1659 προφῆται
552 1574 602 1637 καί
621 1576 745 1651 δίκαιοι,
767 1569 825 1636 ἄλλ’
844 1570 937 1655 ἢόπύ
953 1581 1007 1656 τῆς
1021 1580 1075 1639 τοῦ
1089 1572 1202 1659 πατρός
1216 1570 1429 1660 τίγαθότητοςς

267 1680 329 1743 Καί
343 1680 393 1743 ίνα
411 1680 489 1764 δείξη
506 1675 551 1741 ότι
568 1678 599 1740 ἐν
617 1683 657 1763 τῷ
673 1677 751 1757 μέρει
766 1682 818 1757 τῆς
833 1673 1018 1760 οίγαθύτητος
1035 1673 1054 1741 ό
1071 1680 1186 1751 δίκαιος
1203 1677 1342 1759 ἕστηκεν,
1366 1678 1429 1743 ἐλε-

266 1805 324 1866 γεν,
337 1778 458 1861 Ὅμοιοι
475 1780 594 1864 γένεσθε
608 1785 649 1864 τῷ
664 1780 752 1860 πατρί
766 1775 851 1860 ύμοῖν
865 1786 906 1868 τῳῖ
920 1781 953 1844 ἐν
966 1788 1029 1854 τοῖς
1041 1776 1191 1863 ούρανοῖς,
1213 1776 1257 1844 ότι
1272 1776 1427 1846 σίνατέλλετ

266 1881 318 1948 τόν
335 1882 418 1964 ἥλιον
434 1879 525 1946 αύτοῦ
548 1882 597 1945 ἐπὶ
615 1878 752 1965 ύγαθούς
773 1883 824 1945 καί
842 1881 1008 1965 πονηρούς,
1039 1882 1089 1946 καί
1106 1882 1202 1965 βρέχει
1220 1882 1269 1947 ἐπὶ
1286 1885 1429 1959 δικαίους

266 1987 317 2050 καὶ
334 1983 471 2061 όδίκους·
493 1987 543 2048 ίνα
559 1986 638 2072 δείξη
651 1981 684 2048 τό
700 1986 815 2049 δίκαιον
831 1981 956 2069 οῖγαθόν,
978 1985 1030 2048 καί
1044 1981 1077 2049 τό
1092 1981 1211 2069 ύγαθόν
1224 1987 1356 2067 δίκαιον,
1372 1988 1425 2051 καί

266 2087 299 2154 τό
317 2084 450 2171 πονηρόν
468 2085 587 2164 όίδικον,
617 2087 666 2150 καὶ
683 2084 715 2151 τό
735 2083 840 2151 όίδικον
857 2084 996 2171 πονηρόν.
1045 2085 1106 2169 Τήν
1124 2087 1156 2151 δέ
1173 2084 1358 2170 ἐπιπλοκὴν,
1387 2088 1427 2173 ἣν

266 2192 357 2274 ἐφης,
378 2197 432 2255 τοῦ
451 2188 544 2271 νόμου
560 2186 596 2254 ού
614 2186 739 2254 δύνασαι
756 2185 917 2265 όποδεῖξαι.
956 2185 1068 2264 Ἑύλως
1082 2187 1138 2274 γόρ
1153 2196 1355 2269 συκοφαντεῖν
1372 2189 1428 2257 τόν

265 2292 375 2375 νόμον,
398 2289 561 2373 ἐπιπλοκύν
578 2317 642 2355 τινα
657 2287 737 2378 αύτῷ
754 2288 946 2375 προςόπτων,
969 2289 1019 2356 διοί
1034 2287 1067 2357 τό
1086 2292 1233 2377 εἰρηκέναι
1248 2288 1301 2357 τόν
1315 2290 1425 2377 νόμον,

265 2392 445 2476 Ὀφθαλμόν
461 2392 523 2459 ύντὶ
541 2391 718 2475 ὀφθαλμοῦ,
741 2394 791 2456 καί
807 2390 915 2457 σ’δόντα
932 2390 997 2458 ἄντί
1014 2390 1152 2473 όδόντος,
1175 2395 1226 2460 καί
1243 2392 1351 2477 ἐπειδὴ
1368 2420 1426 2477 φο-

266 2494 343 2562 νεύει
368 2494 385 2562 ό
406 2495 496 2578 νόμος
517 2493 568 2560 τόν
587 2493 744 2577 φονευτήν.
786 2491 871 2558 Ἀλλύ
894 2497 924 2572 ἐξ
946 2492 1039 2578 αύτῖγς
1059 2502 1113 2579 τῆς
1133 2502 1187 2570 τοῦ
1207 2498 1315 2579 κυρίου
1336 2492 1427 2580 ἧμόν

186 2598 194 2613 “
263 2595 360 2680 Ἰησοῦ
378 2605 507 2682 Χριστοῦ
523 2600 720 2682 πραγματείας
736 2595 919 2679 δειχθήσεται
936 2596 982 2663 ὅτι
997 2595 1054 2664 ούκ
1069 2596 1215 2680 ἐπιπλοκή
1229 2622 1274 2674 τις
1290 2589 1340 2681 ἦν,
1365 2596 1426 2667 ἄλλ’

265 2698 286 2783 ἡ
302 2697 377 2783 αύτή
393 2693 431 2783 ἦν
445 2702 607 2781 νομοθεσία
622 2700 672 2763 καὶ
686 2696 719 2763 τό
735 2695 806 2764 αύτό
821 2701 933 2785 ἐνεργεῖ
942 2707 980 2789 τῇ
991 2697 1052 2766 ύπό
1066 2707 1121 2765 τοῦ
1134 2705 1266 2783 σωτῆρος
1279 2700 1426 2793 είρημίνη

267 2804 379 2890 ἐντολῇ,
402 2801 445 2882 τό,
466 2799 536 2865 Ἐοίν
549 2806 593 2877 τίς
607 2823 637 2866 σε
652 2799 785 2890 τυπτήση
802 2804 843 2877 τίς
856 2799 911 2884 τὴν
926 2799 1025 2879 δεξιόν
1038 2800 1171 2888 σιαγόνα,
1196 2803 1329 2887 στρέψον
1340 2800 1428 2895 αύτῷ

266 2907 316 2969 καὶ
331 2903 384 2986 την
399 2902 493 2986 ύλλην.
539 2906 598 2968 Καὶ
614 2901 632 2969 ό
647 2901 739 2985 νόμος
753 2902 845 2969 πύλαι
858 2910 945 2970 τοῦτο
960 2903 1149 2983 κατεσκεύαζε
1162 2906 1262 2991 λέγων,
1282 2900 1428 2987 Ὀφθαλ-

267 3005 323 3090 μόν
342 3003 407 3072 α’ντί
424 3004 603 3088 ὀφθαλμοῦ,
625 3008 770 3081 τουτέστι,
793 3008 931 3093 Στρέιμον
947 3004 1098 3096 αὐτῷτὴν
1115 3006 1247 3094 σιαγόνα.
1280 3004 1349 3073 Ἵνα
1366 3006 1429 3099 γᾶρ

267 3107 408 3195 διαφύγοι
432 3107 452 3173 δ
474 3107 569 3174 πόθοι
593 3108 629 3174 όν
651 3112 678 3173 εί
697 3108 812 3192 πλήξει,
843 3118 962 3193 παρεῖχε
984 3107 1038 3193 τὴν
1058 3108 1182 3196 σιαγόνα
1208 3116 1249 3199 τῷ
1269 3108 1430 3195 τύπτοντι,

268 3210 353 3289 είδοίς
374 3211 420 3278 ότι
441 3214 468 3277 εί
488 3210 592 3294 ύφέλοι
614 3209 787 3295 όφθαλμόν,
809 3209 845 3277 τό
867 3208 942 3277 αύτό
964 3217 1092 3278 πείσεται
1113 3210 1163 3278 διδ
1184 3210 1236 3279 τόν
1257 3211 1362 3297 νόμον.
1392 3262 1397 3271 -

269 3519 467 3606 ἁρμοζόμενος
488 3524 644 3604 προβαίνει
666 3527 703 3609 τῇ
727 3523 863 3609 παιδείᾳ,
893 3525 945 3586 καί
968 3518 1024 3587 ούκ
1047 3523 1118 3595 ίσως
1135 3517 1169 3585 τό
1187 3518 1293 3605 μικρόν
1310 3524 1431 3607 βρίφος

269 3623 401 3689 παιδεύει
416 3631 457 3712 τῷ
473 3628 631 3711 μειρακίῳ,
654 3620 722 3687 ούδὲ
736 3621 769 3688 τό
789 3621 941 3707 μειράκιον
958 3619 1095 3699 ύςαύτως
1112 3628 1153 3710 τῷ
1170 3626 1331 3713 νεανίσκῳ,
1354 3622 1432 3697 mm

268 3724 321 3790 τόν
335 3731 450 3790 νεανίαν
463 3734 504 3815 τῷ
518 3731 613 3815 τελείῳ
628 3722 725 3810 όνδρὶ,
748 3721 819 3789 οίλλό
833 3732 873 3814 τῷ
886 3726 939 3808 μίν
951 3722 1117 3814 ύποτιτθίῳ
1132 3723 1182 3791 διό
1196 3723 1345 3793 δακτύλου
1357 3754 1429 3797 παι·

270 3832 333 3892 δεία
348 3832 467 3912 γίνεται,
489 3834 598 3917 παιδίῳ
615 3828 646 3893 δὲ
662 3834 767 3910 μείζονι
782 3826 832 3893 διό
848 3825 943 3911 χειρός
959 3830 1150 3912 ραπίσματος,
1171 3832 1314 3919 μειρακίῳ
1327 3830 1363 3897 δέ
1374 3830 1431 3899 διδ

270 3928 401 4013 ίμόντος,
421 3936 563 4020 νεανίσκῳ
578 3929 628 3996 διό
643 3929 769 4017 ῥοίβδου,
791 3928 878 4013 οίνδρλ
893 3930 925 3995 δλ
939 3932 1087 4012 ἐκδίκησις
1100 3938 1161 3997 τῶν
1174 3928 1316 4014 μειζόνων
1330 3958 1430 4021 περι.

269 4030 434 4114 πτωμύτων
457 4031 584 4119 μάχαιρα
605 4033 655 4099 διό
677 4032 789 4118 νόμον,
819 4031 914 4109 οὕτως
933 4034 985 4099 καί
1007 4030 1025 4099 ύ
1045 4033 1150 4121 κύριος
1167 4034 1234 4117 ἐξῆς
1253 4036 1431 4118 ἐνομοθέτει

271 4132 379 4222 έκύστη
400 4140 484 4223 γενεᾷ
506 4133 543 4199 τοί
564 4133 735 4218 ἁρμόζοντα.
777 4134 928 4212 Ἐκείνους
948 4136 1003 4218 μέν
1026 4134 1084 4221 γοίρ
1108 4135 1197 4225 φόβῳ
1219 4136 1430 4223 ἐσωφρόνιζη,

272 4231 313 4310 οῖς
329 4238 461 4311 παιδίοις
476 4245 593 4320 μικροῖς
607 4237 820 4324 διαλεγόμενος,
842 4241 893 4305 καί
908 4236 1048 4325 ύγνοοῦσι
1059 4235 1114 4322 τὴν
1130 4237 1258 4322 δύναμιν
1270 4246 1325 4307 τοῦ
1338 4236 1430 4329 ἇγίαπ

271 4335 446 4418 πνεύματος,
463 4336 533 4413 τούς
546 4339 578 4403 δέ
591 4343 718 4416 τελείους
729 4347 844 4407 τελείαν
856 4339 943 4424 ἠξίου
955 4346 1133 4428 μυστηρίων.
1165 4343 1225 4407 Καί
1239 4343 1272 4409 ἐν
1284 4350 1328 4432 τῷ
1340 4340 1428 4433 σύαγ-

154 4455 259 4516 ριςαπ.
271 4443 355 4527 γελίῳ
370 4437 426 4524 γόρ
440 4439 518 4505 ούτω
533 4466 598 4516 πως
608 4440 681 4526 λέγει
697 4451 760 4519 τοῖς
773 4454 924 4527 μαθηταῖς
937 4447 970 4511 ἐν
983 4452 1101 4520 πολλοῖς
1113 4442 1228 4522 τόποις·
1248 4440 1315 4513 Οιίκ
1326 4448 1430 4517 σίδη
