3046 5084
399 331 741 386 retentantem
756 333 798 383 111.
817 331 914 383 HAER.
926 331 1017 383 XLVl.
1220 319 1279 381 715
1340 288 1343 295 ·

138 467 195 519 tem
218 475 301 518 suam
321 462 462 538 perpetuo
484 451 592 518 sudore
611 473 648 517 uc
664 449 765 519 labore
784 450 976 535 transigeret,
1007 460 1094 533 utque
1112 469 1130 512 e
1147 444 1282 513 Paradisi

137 557 257 642 regione
282 556 419 639 degeret,
448 575 507 639 quo
528 576 569 619 ex
593 553 687 619 felicis
711 552 847 618 domicilii
868 551 1072 617 recordatione
1094 552 1283 616 vehementer

138 681 203 724 eum
223 657 403 744 poeniteret,
436 655 512 721 hunc
528 657 645 741 inquam
663 677 783 721 servare
801 655 919 719 minime
936 655 1080 741 potuerit,
1113 665 1162 718 aut
1183 665 1215 718 ut
1232 674 1282 738 po-

138 762 226 826 tuerit
242 759 473 841 misericordium
495 760 523 823 ei
544 760 649 825 nullam
669 758 841 823 adhibuerit.
888 756 965 841 Quid
989 757 1065 822 euim
1086 777 1205 822 caussae
1229 756 1283 819 luit

138 886 190 928 cur
209 859 344 928 Christus
363 863 398 926 ud
415 863 527 927 inferos
545 883 637 946 usquc
654 862 863 940 descenderet,
895 871 945 924 ant
962 861 1057 925 triduo
1071 860 1200 945 sepultus
1218 868 1282 944 post

138 965 303 1050 passionem
322 967 508 1050 resurgeret?
551 963 610 1048 Qui
629 985 716 1050 porro
733 964 808 1028 istud
826 962 977 1045 impletur:
1013 967 1048 1026 ut
1063 967 1180 1026 mutuis
1198 967 1280 1023 ui'uu's-
1293 976 1340 1018 uec.
1354 973 1432 1029 1o‚u.

138 1092 191 1150 que
204 1072 381 1129 domiuetur?
424 1064 483 1149 Qui
497 1078 564 1131 snut
578 1067 639 1131 vivi
654 1067 696 1130 illi
709 1067 884 1151 mortuique,
905 1066 960 1130 nisi
976 1067 1024 1151 qui
1038 1078 1096 1130 tam
1109 1067 1184 1129 inlra
1198 1086 1282 1148 quam
1453 1052 1459 1064 ’

139 1191 227 1255 supra
242 1181 350 1234 terram
366 1191 421 1254 ope
438 1169 515 1234 illius
527 1169 717 1255 indigebant?
755 1167 883 1233 Possunt
897 1191 967 1233 vero
981 1190 1055 1254 quae
1069 1190 1110 1233 ex
1123 1189 1219 1232 massa
1235 1167 1283 1231 illa

138 1274 273 1359 decerpta
292 1283 360 1336 sunt
376 1293 441 1337 esse
458 1283 576 1351 sanctu,
608 1273 665 1336 nisi
680 1292 776 1336 massa
790 1272 853 1357 ipsa
871 1273 910 1336 sit
926 1283 1043 1350 sancta,
1075 1281 1106 1334 ut
1122 1271 1196 1356 apud
1213 1292 1282 1355 apo·

139 1376 245 1439 stolum
260 1375 404 1458 legimus?
446 1372 504 1457 Qui
524 1376 560 1439 de
577 1372 642 1438 Eva
659 1375 798 1459 loquens,
823 1377 1000 1449 Sulcuditur,
1025 1375 1129 1458 inquit,
1148 1396 1202 1455 per
1215 1375 1283 1434 lide·
1296 1377 1396 1433 imma,
1404 1377 1434 1422 ¹⁵·

140 1502 236 1540 rorum
252 1482 477 1561 generationem,
500 1483 530 1539 si
547 1482 576 1539 in
589 1481 654 1558 fide
673 1500 708 1539 ne
729 1482 837 1539 iustitio
855 1483 1070 1559 permanserunt.

221 1578 378 1644 innumera
395 1591 462 1644 sunt
478 1601 552 1664 quae
568 1580 604 1643 de
620 1582 720 1645 eodem
737 1592 907 1665 argumento
923 1579 1062 1666 disputari
1080 1590 1218 1666 possunt,
1242 1599 1282 1642 ex
1301 1589 1360 1655 Cup.
1376 1589 1417 1638 tv.
1512 1590 1513 1594 ’

139 1683 240 1768 quibus
258 1681 392 1767 prudenti
411 1682 529 1746 cuilibet
546 1694 692 1767 comperta
706 1704 772 1747 esse
788 1695 884 1768 potest
899 1682 1018 1746 Tatiani
1035 1683 1283 1765 Totionorumque

139 1785 294 1849 temeraria
315 1785 533 1870 blasphemandi
556 1784 673 1849 licentis
695 1785 839 1869 animique
861 1786 998 1849 coecitas.
1044 1784 1091 1848 De
1117 1785 1219 1870 quibus
1243 1784 1284 1847 ita

138 1887 268 1951 breviter
286 1887 494 1966 dissernimus,
518 1887 678 1951 utiliorum
696 1888 777 1953 velut
793 1887 915 1951 culicum
933 1888 1031 1951 noxiis
1047 1888 1210 1966 morsibus,
1233 1887 1283 1949 od·

139 1989 229 2053 hibita
249 1990 285 2053 iis
307 1990 355 2074 qui
374 1989 423 2053 icti
447 1992 562 2054 lucrant
584 1989 690 2054 domini
712 1990 861 2068 doctrina,
890 2001 1033 2074 tamquam
1057 1990 1114 2053 olei
1136 1989 1283 2053 cuiusdam

139 2092 213 2156 illitu
231 2091 400 2157 medicinam
419 2093 592 2173 fecerimus,
617 2093 693 2156 illius
710 2092 835 2156 veritate
853 2115 886 2156 ac
904 2094 1033 2178 potentia
1050 2091 1116 2156 ireti
1133 2092 1180 2176 qui
1197 2091 1282 2169 dixit,
1404 2169 1405 2175 ἵ

138 2198 203 2256 Non
221 2200 286 2256 veui
297 2201 355 2257 ursi
366 2198 405 2257 ud
418 2218 481 2257 coes
495 2217 566 2277 quoe
576 2200 724 2277 perierunt
739 2200 835 2258 domus
851 2200 952 2258 Israel.
999 2193 1084 2260 Unde
1103 2205 1133 2258 et
1148 2195 1178 2257 iu
1198 2214 1280 2279 para·
1294 2208 1379 2305 ppappt.

139 2296 206 2360 bola
220 2296 309 2360 dixit:
332 2303 421 2360 Homo
437 2302 547 2380 puellum
562 2302 703 2360 descendit
715 2300 751 2360 ud
765 2302 941 2360 Hierusalem
956 2303 985 2360 in
998 2302 1124 2372 Iericho,
1151 2317 1236 2381 quem
1250 2294 1280 2359 in
1293 2295 1348 2358 uie.
1358 2293 1390 2367 io,
1401 2312 1433 2354 to.

138 2399 268 2464 latrones
284 2401 421 2466 incidisse
438 2401 589 2480 narrabat,
618 2410 650 2463 ut
666 2411 696 2465 et
712 2422 797 2464 ovem
816 2412 846 2464 et
861 2400 1004 2464 hominem
1023 2400 1069 2486 qui
1088 2400 1124 2463 ab
1141 2397 1283 2462 Hierusa-

139 2502 196 2565 lem
218 2503 247 2565 in
264 2500 379 2566 iericho
395 2504 586 2568 descenderat
600 2503 680 2567 iilum
697 2503 791 2588 ipsurn
809 2503 927 2567 doceret
946 2524 1013 2568 esse
1035 2502 1083 2588 qui
1098 2503 1134 2566 ab
1152 2501 1284 2585 ampliori

140 2603 278 2689 dignitate
297 2606 459 2685 ceciderat,
484 2617 512 2670 et
530 2607 566 2670 ab
584 2627 642 2669 uno
659 2606 785 2690 pastoris
801 2607 847 2671 sui
865 2607 1000 2670 mandato
1016 2605 1146 2669 divulsus
1165 2624 1283 2668 errave·

140 2718 197 2771 rat.
242 2705 291 2772 Ex
315 2731 371 2793 quo
393 2720 525 2772 sanctum
544 2709 688 2773 Adamum
710 2721 859 2794 parentem
880 2720 1009 2773 nostrum
1032 2709 1110 2773 inter
1130 2708 1214 2772 vivos
1232 2727 1285 2769 nu·

140 2829 303 2890 meremus,
323 2823 453 2897 ,propter
468 2833 553 2896 quem
569 2823 599 2876 et
617 2833 670 2876 nos
689 2833 790 2876 omnes
811 2812 875 2876 eius
893 2823 1026 2897 posteros
1044 2809 1181 2876 Christus
1197 2810 1286 2873 adve-

140 2912 199 2992 nit,
223 2922 254 2975 ut
270 2912 307 2976 iis
324 2913 371 2998 qui
387 2914 479 2998 ipsum
497 2915 564 2978 olim
582 2926 798 3000 cognoverant,
822 2937 876 2979 nec
893 2938 910 2979 a
925 2915 1075 2979 divinitate
1089 2915 1152 2978 eius
1168 2911 1285 2979 aberra·

140 3026 256 3094 verant,
280 3027 310 3079 et
325 3016 362 3079 ub
376 3017 513 3080 nonnulla
529 3017 631 3081 delicta
646 3038 698 3082 sua
714 3019 787 3104 apud
802 3019 911 3082 inlesos
929 3018 1143 3095 detinebantur,
1166 3014 1285 3078 iniuria-

139 3137 203 3179 rum
219 3117 394 3181 obliviouem
413 3120 604 3199 concederet,
628 3141 749 3205 eamque
767 3131 797 3184 et
814 3121 906 3184 adhuc
922 3121 1105 3185 venientibus
1119 3140 1171 3206 per
1185 3116 1285 3204 poeni·

143 3219 262 3284 tentiam
281 3231 312 3284 et
327 3221 400 3307 apud
419 3221 530 3286 inleros
545 3223 716 3308 degentibus
732 3244 784 3308 per
798 3223 1026 3287 misericordiam
1043 3245 1078 3287 ac
1094 3223 1217 3288 salutem
1235 3219 1285 3283 tri·

140 3321 254 3387 bneret.

222 3424 279 3490 Est
294 3427 422 3512 prolecto
439 3428 514 3512 quod
529 3427 701 3513 intelligenti
717 3429 819 3492 mirum
839 3429 988 3509 videatur,
1018 3431 1045 3494 id
1066 3431 1142 3515 quod
1161 3450 1178 3493 e
1195 3429 1283 3493 libro·
1302 3439 1361 3508 Cup.
1375 3439 1405 3490 v.

140 3548 203 3591 rum
225 3530 419 3594 monumentis
437 3529 606 3611 didicimus,
641 3531 784 3595 dominum
809 3542 941 3596 nostrum
962 3530 1059 3596 lesum
1082 3530 1231 3597 Christum
1255 3532 1285 3594 in
1357 3580 1360 3587 .
1434 3538 1437 3543 ’

142 3628 288 3715 Golgatha
308 3654 374 3698 esse
392 3634 580 3713 crucifixum,
611 3633 744 3698 nimirum
762 3633 792 3698 in
811 3656 846 3698 eo
866 3635 1045 3720 potissimum
1063 3635 1145 3715 loco,
1177 3634 1207 3698 in
1228 3657 1285 3718 quo

138 3732 244 3798 Adami
267 3757 372 3822 corpus
394 3738 515 3801 iaceret.
562 3735 620 3800 Hic
637 3737 713 3801 enim
737 3759 753 3800 e
772 3739 906 3822 paradiso
926 3738 1091 3823 digrediens
1113 3740 1159 3803 diu
1177 3759 1216 3801 ex
1236 3738 1285 3800 ad-

140 3856 229 3900 verso
251 3836 328 3902 illius
348 3838 498 3903 habitavit.
543 3837 659 3904 Deinde
677 3841 763 3925 longo
783 3850 883 3925 postea
903 3851 1032 3926 tempore
1055 3842 1084 3904 in
1102 3841 1181 3905 illum
1201 3860 1285 3924 quem

139 3937 200 4001 dixi
215 3937 488 4028 Hierosolymorum
502 3943 596 4007 locum
613 3943 754 4022 secessit,
777 3943 826 4007 ubi
842 3953 873 4006 et
887 3945 946 4007 vita
962 3945 1077 4008 functus
1094 3944 1123 4007 in
1141 3942 1287 4028 Golgotha

138 4042 268 4126 sepultos
287 4055 343 4108 est.
388 4043 454 4128 Qua
474 4066 514 4109 ex
532 4067 566 4110 re
583 4047 686 4110 merito
703 4046 784 4110 locus
803 4046 866 4130 ipse
884 4067 989 4111 nornen
1008 4048 1136 4133 accepit,
1168 4057 1199 4109 ut
1218 4042 1287 4109 cat-

138 4145 238 4210 variae
256 4146 473 4232 interpretando
490 4149 647 4213 diceretur.
693 4146 784 4213 Cuius
804 4149 1003 4234 appellationis
1021 4151 1099 4214 nulla
1117 4149 1147 4212 in
1166 4170 1202 4212 eo
1221 4149 1286 4212 loco

138 4247 295 4313 similitudo
313 4251 455 4316 cernitur.
499 4249 578 4316 Nam
593 4272 647 4316 uec
663 4251 693 4315 in
709 4252 785 4318 clivo
801 4253 898 4336 aliquo
914 4253 988 4317 situs
1004 4265 1062 4333 est,
1086 4264 1116 4316 ut
1133 4262 1288 4338 propterea

138 4511 156 4561 t
174 4523 218 4573 quo
235 4509 345 4562 Pctooius
363 4513 444 4573 tacite,
464 4514 490 4561 ot
505 4511 576 4572 solet,
595 4526 665 4563 suom
680 4525 752 4575 quum
769 4515 792 4562 in
809 4515 914 4576 morgiue
929 4515 1049 4575 proposuit
1064 4514 1219 4564 coniecturum
1234 4525 1287 4562 uuu-

138 4584 230 4630 tuotce:
249 4576 296 4633 dcci
313 4577 413 4635 tioudi
430 4577 511 4633 αἰτίαν
528 4585 577 4631 cett.
