3046 5084
324 404 461 458 raanan
477 405 540 459 ura.
552 408 572 459 ι.
589 404 671 459 rota.
684 406 728 458 ιιι.
744 406 845 458 maan.
855 407 981 457 xxxiv.
1166 395 1229 459 437

155 521 220 588 lam
243 546 314 589 raro
336 526 423 589 etiam
446 525 551 611 plailtrs
570 534 601 588 et
618 525 776 590 amatorias
794 524 949 589 illecebras
968 526 1002 588 ad
1023 526 1228 590 contumeliam
1248 544 1307 611 cap.
1324 546 1367 596 ιιι.

70 647 227 712 corporum
242 648 259 690 a
275 624 380 691 Marco
395 627 566 713 quibusdam
582 627 752 691 mulieribus
767 627 876 705 oblata,
897 648 954 690 non
971 638 1068 691 tamen
1081 629 1227 709 omnibns,

69 726 216 814 ipsaemet
230 730 266 793 ad
282 729 437 794 ecclesiam
454 750 594 795 reversae
610 750 751 815 persaepe
768 732 865 793 lassae
881 739 966 810 sant;
990 751 1024 793 se
1040 730 1076 793 ab
1092 731 1141 792 illo
1159 752 1229 793 ooo·

69 842 217 916 stupratas
234 851 302 895 esse
320 843 352 895 et
364 831 456 918 ipsius
473 853 574 896 amore
589 831 794 916 illecebrisque
813 843 926 916 captas.
975 831 1059 895 Adeo
1081 843 1114 896 ut
1130 833 1228 895 diaco·

69 955 127 999 nus
144 933 259 1018 qnidam
279 956 295 997 e
315 935 425 999 nostris
441 936 470 997 in
489 933 564 999 Asia
580 955 646 998 cum
664 933 789 1019 hospitio
805 934 886 998 illam
905 934 1090 1020 excepisset,
1114 935 1143 996 in
1162 955 1226 997 eam

69 1036 265 1101 calamitatem
279 1035 432 1114 inciderit,
455 1036 576 1121 eiusque
593 1036 704 1101 coniux
720 1037 840 1120 egregia
857 1038 949 1100 torma
967 1037 1071 1099 mulier
1085 1047 1115 1100 et
1130 1037 1226 1100 animo

69 1151 100 1204 et
116 1159 241 1223 corpore
254 1159 271 1202 a
286 1159 373 1220 mago
385 1138 436 1201 illo
449 1150 587 1224 corrupta
602 1139 690 1222 longo
707 1159 772 1201 enan
790 1148 920 1222 ternpore
935 1149 1046 1202 sectata
1060 1139 1111 1217 sit,
1133 1139 1226 1202 donec

67 1262 175 1325 magno
191 1261 255 1304 cunr
270 1241 370 1304 labore
385 1240 582 1305 adnitentibus
599 1241 737 1304 iratribus
751 1241 788 1303 ad
804 1241 954 1305 meliorem
973 1242 1084 1322 lrngem
1101 1261 1226 1306 conver·

67 1363 105 1409 sa
119 1342 263 1427 reliquam
281 1344 359 1407 vitae
376 1352 491 1429 tempus
508 1344 537 1407 in
557 1342 738 1429 poenitentia
754 1342 901 1420 traduxit,
926 1363 1063 1406 moerens
1082 1365 1117 1406 ac
1136 1342 1226 1406 vehe-

66 1454 186 1509 menter
200 1444 356 1530 deplorans
369 1446 444 1531 quod
461 1467 478 1510 a
495 1442 581 1531 mafgo
597 1444 743 1531 corrumpi
759 1466 791 1509 se
806 1466 840 1508 ac
856 1443 953 1508 vitiari
968 1445 1100 1509 sivisset.
1131 1443 1226 1527 Qoin-

66 1547 157 1612 etiam
180 1545 310 1632 discipali
335 1547 450 1632 quidam
474 1548 552 1611 illins
575 1548 659 1612 saria
681 1548 787 1633 oppida
811 1558 1001 1632 peragrantes
1027 1548 1224 1634 compluribus

67 1649 246 1714 mulierculis
260 1649 362 1713 iisdem
376 1649 488 1713 artibus
502 1649 668 1728 illuserunt,
693 1670 756 1713 com
775 1652 921 1734 perlectos
938 1671 970 1712 se
985 1671 1052 1713 esse
1067 1648 1222 1729 iactarem,

66 1773 165 1837 neque
182 1772 353 1836 quemquam
373 1772 461 1837 posse
478 1773 578 1815 secana
596 1751 740 1815 scientiae
756 1751 839 1837 copia
856 1752 1003 1830 conferri,
1028 1773 1085 1814 non
1104 1752 1129 1814 si
1146 1748 1225 1815 Pan·

65 1856 128 1919 idm
150 1851 328 1939 Petrnmqae
354 1853 506 1932 nomines,
538 1865 589 1917 aut
613 1874 653 1918 ex
678 1854 875 1939 apostolorum
903 1875 1025 1917 nnnrero
1048 1855 1222 1938 quemlibet3

65 1957 151 2043 plora
173 1956 250 2019 enirn
275 1976 308 2019 se
331 1957 411 2020 solos
435 1955 569 2020 omnibus
590 1956 773 2040 intelligere,
807 1957 888 2019 solos
910 1956 1123 2040 inexplicabilis
1147 1957 1223 2021 illios

63 2056 195 2123 Virtutis
217 2059 351 2122 hausisse
374 2059 614 2142 magnitudinem.
660 2055 808 2139 Quocirca
829 2079 919 2143 supra
938 2057 1084 2122 Virtutem
1107 2080 1221 2121 omnnem

64 2160 207 2228 sublimes
224 2161 314 2224 attolli
331 2182 417 2240 sese,
450 2171 537 2246 atque
553 2160 663 2224 idcirco
677 2160 769 2223 libere
786 2160 883 2223 omnia
902 2163 1000 2224 lacere
1017 2170 1111 2223 metus
1128 2161 1223 2223 enanis

63 2272 218 2346 expertes.
262 2260 341 2326 Nam
359 2265 396 2326 ob
412 2263 660 2346 redemptionem,
687 2284 772 2347 qnam
791 2263 886 2347 adepti
904 2273 990 2341 aurat,
1017 2262 1136 2325 mininie
1155 2283 1221 2327 sea

62 2365 161 2431 indice
176 2367 394 2451 comprehendi,
419 2386 454 2430 ac
469 2385 506 2428 ue
523 2364 615 2428 videri
631 2366 760 2451 quidem,
784 2386 883 2450 posse.
929 2362 1015 2446 Quod
1031 2365 1056 2429 si
1072 2365 1149 2429 lorte
1165 2364 1222 2428 sibi

61 2488 169 2533 macas
187 2467 341 2548 inliceret,
374 2479 433 2532 tum
450 2489 523 2532 vero
541 2489 607 2531 cum
623 2468 823 2554 redemptione
842 2468 890 2530 illa
909 2489 963 2531 sua
981 2487 1078 2531 coram
1096 2489 1132 2531 eo
1152 2468 1219 2531 talia

61 2570 210 2635 dicturos:
243 2574 267 2632 0
282 2575 330 2632 dei
344 2593 380 2633 uc
394 2576 529 2651 myau‘cue
548 2583 614 2634 uate
635 2575 730 2634 amala
745 2575 830 2651 Sa'ges
845 2592 987 2646 assessor,
1019 2593 1074 2652 qao
1095 2575 1166 2633 duce
1186 2593 1221 2633 uc

62 2674 250 2735 eoact'lmore
264 2676 478 2754 Magnaluda'nes
493 2694 557 2749 cue,
583 2696 654 2756 qaue
669 2678 764 2736 Patras
771 2676 879 2757 sacrem
889 2686 1025 2755 perpetuo
1038 2686 1217 2750 cantarentur,

61 2779 159 2839 wass
174 2797 242 2837 suos
261 2781 291 2839 r'u
308 2780 414 2838 coelam
431 2777 616 2852 maantam,
647 2780 741 2839 uultus
759 2781 871 2858 alequam
890 2799 954 2850 eos,
987 2778 1087 2858 quidus
1105 2781 1220 2839 ιιίιιιὶιιιιι

60 2882 162 2941 nudus
172 2880 226 2941 t’llu
238 2883 394 2959 conspectui
407 2880 443 2940 od
455 2884 558 2941 summi
568 2882 716 2941 donr'totern
731 2883 861 2941 Parentes
875 2902 927 2941 noa
941 2883 1016 2942 oelrat
1028 2883 1140 2963 effigies
1149 2903 1219 2962 pro-

61 2985 165 3055 dms,
190 3002 252 3042 cum
270 2984 429 3043 coelestium
445 2987 642 3063 cogitutaonern
660 2984 739 3043 uelat
749 3004 804 3063 per
820 2988 954 3044 romulum
972 2988 1160 3064 concepisset:
1184 3007 1219 3045 en

61 3086 150 3145 iudea
164 3088 380 3164 appropinquat,
396 3105 432 3145 ue
446 3106 489 3145 are
497 3105 604 3164 prum
617 3106 744 3146 cunarum
760 3087 839 3147 audet
851 3108 948 3166 ogere.
997 3090 1038 3148 Tu
1052 3090 1153 3166 igitur,
1174 3097 1219 3147 ut·

55 3196 128 3267 pote
141 3206 214 3266 qaae
227 3207 274 3247 res
290 3191 437 3267 aurasque
445 3188 536 3268 prode
551 3199 660 3262 teneus,
685 3209 853 3249 communem
867 3193 958 3249 a‘uda’ca'
965 3209 1020 3269 pro
1036 3200 1155 3269 utroque
1168 3210 1219 3249 no·

60 3298 153 3350 sm
167 3293 321 3350 matronam
337 3294 505 3369 expromite.
552 3286 667 3372 Quibus
683 3290 781 3381 statim
795 3291 902 3354 auditis
915 3288 1017 3353 Mater
1031 3288 1217 3352 Homericam

60 3386 196 3454 Plutonis
219 3390 332 3472 galeam
356 3391 411 3453 illis
433 3390 571 3476 imponit,
605 3391 645 3455 uti
668 3413 701 3456 ac
717 3392 822 3455 iudicis
841 3393 971 3477 aspectui
987 3391 1145 3455 subductos
1161 3391 1218 3453 eri-

60 3491 154 3580 piant.
201 3491 281 3556 Tum
302 3491 365 3556 sine
386 3514 468 3557 mora
487 3514 602 3557 sorsum
621 3506 741 3560 evectos
763 3505 793 3558 et
815 3496 843 3558 io
863 3495 1018 3559 thalamum
1037 3494 1218 3557 introductos

59 3596 179 3682 sponsis
200 3595 263 3660 suis
285 3595 424 3659 restituit.
471 3594 553 3660 Haec
575 3596 616 3661 illi
636 3597 721 3661 dictis
739 3598 881 3683 lactisque
899 3597 1086 3683 prolitentes,
1116 3595 1164 3660 vel
1186 3595 1216 3659 in

60 3698 118 3763 hoc
135 3708 238 3762 nostro
255 3695 390 3762 Rhodani
407 3708 504 3762 tractu
524 3699 676 3785 plerasque
691 3699 830 3765 mulieres
848 3702 877 3764 in
897 3720 1027 3763 errorem
1048 3708 1214 3762 traxerant.

61 3796 148 3884 Quae
163 3807 347 3864 conterentem
363 3803 495 3864 dolentes
507 3808 704 3866 conscientiam
721 3803 823 3888 partim
837 3804 863 3865 id
881 3801 1018 3888 perfricta
1033 3802 1129 3865 lronte
1144 3823 1214 3887 prae
1229 3817 1248 3861 1.
1255 3816 1314 3861 ran
1321 3815 1368 3873 aa

60 3924 95 3967 se
111 3902 222 3983 lerunt,
246 3904 350 3989 partim
365 3904 543 3969 verecundia
556 3906 672 3987 ductae,
696 3927 731 3970 ao
746 3905 882 3992 paulatim
899 3915 995 3967 tamen
1011 3903 1041 3967 in
1054 3905 1134 3970 vitae
1148 3925 1216 3968 coe·

58 4005 143 4071 lestis
160 4006 394 4092 desperationem
407 4007 567 4092 impulsae,
591 4011 707 4074 tandem
724 4020 773 4072 aut
788 4008 824 4070 ab
841 4007 967 4071 veritate
982 4028 1014 4071 se
1032 4007 1147 4093 penitus
1165 4006 1216 4070 ab·

59 4118 244 4189 straserunt,
269 4120 318 4172 aut
333 4108 426 4173 adhoc
442 4109 598 4175 dubitando
614 4112 754 4177 fluctuant
768 4121 867 4196 atque,
891 4120 924 4174 ut
937 4110 1093 4196 proverbio
1109 4112 1213 4192 fertur,

57 4367 149 4418 Μαι
172 4367 311 4431 ιιιιιιριιιι,
336 4368 448 4417 amanus
472 4367 623 4431 effloplduate.
655 4366 766 4418 reddidit
787 4367 836 4418 auia
856 4368 954 4437 sponsis
976 4371 1044 4420 dubet
1061 4370 1109 4420 Vel.
1125 4371 1215 4421 irenaei

58 4435 128 4485 tua
143 4447 221 4484 omues
239 4436 323 4485 tutent
338 4429 470 4503 paupera
655 4440 776 4500 tatemer

92 4452 390 4623 &mastrucae
383 4506 481 4554 ..Porta
493 4504 621 4567 namara.
688 4503 714 4557 9.
731 4504 765 4573 tal
791 4508 859 4558 codd.
876 4509 931 4559 Van.
949 4508 1047 4570 andra.
1080 4502 1110 4561 dl
1131 4509 1214 4569 uttqnt

205 4570 622 4624 amaduttoast.1ddrtumaes
654 4576 716 4626 libri.

59 4639 145 4690 andam
160 4635 258 4693 taam.
291 4643 403 4693 aarum
416 4644 516 4693 mmcd
528 4633 619 4694 αὐτῶν.
