3046 5084
280 321 341 384 2:36
700 336 820 387 ειωοτι
837 337 1003 387 ονιοιιιιιιι

156 461 222 529 Κεφ.
238 460 266 523 ς’.
370 446 474 513 1Ἀλλά
500 447 568 514 ούδδ
592 455 782 534 Νασαραίους
803 451 926 528 ἑαυτούς
949 450 1100 517 ἐκάλεσαν·
1127 444 1167 534 ἦν
1190 450 1246 536 γάρ
1270 449 1288 535 ἦ
1313 457 1427 538 αἵρεσις

279 558 338 616 τῶν
354 556 534 636 Νασαραίων
549 550 607 637 πρό
625 559 766 637 Χριστοῦ,
787 555 838 617 καλ
856 552 984 638 Χριστόν
999 549 1053 617 ούκ
1070 551 1141 641 ᾔδει.
1182 550 1266 617 Ἀλλά
1282 556 1334 618 καλ
1349 554 1426 621 πάν-

278 679 325 727 τες
342 651 500 739 ἀνθρωποι
516 652 585 728 τούς
604 652 799 738 Χριστιανούς
816 659 1034 739 2Ναζωραιόυς
1049 652 1186 733 ἐκάλουν,
1209 651 1250 730 τός
1267 665 1425 739 προεῖπον,

280 752 321 830 ἀς
337 757 450 839 λέγουσι
468 763 695 840 κατηγοροῦντες
710 756 833 820 Παύλου
847 764 901 821 τοῦ
915 753 1091 834 ἀποστόλου,
1115 763 1225 821 Τοῦτον
1240 755 1292 822 τόν
1305 756 1424 843 άνθρω-

278 883 337 922 πον
354 856 479 942 εῦρομεν
493 857 604 940 λοιμόν,
626 860 677 922 καὶ
691 860 903 942 διαστρέφοντα
917 855 969 921 τόν
983 855 1063 936 λαόν,
1084 856 1292 940 πρωτοστάτην
1306 883 1337 923 τε
1352 857 1425 926 όντα

278 965 331 1041 τῆς
351 966 611 1045 τῶνιΝαζωραίων
632 961 777 1044 αἱρέσεως.
819 957 851 1023 ‘0
872 959 903 1022 δὲ
928 957 1011 1042 άγιος
1032 955 1196 1034 ἀπόστολος
1217 957 1272 1024 οῦκ
1294 957 1425 1045 ἀρνεῖται

279 1062 332 1142 μὲν
347 1060 380 1126 τό
398 1059 506 1142 όνομα,
530 1059 595 1144 ούχλ
616 1059 668 1142 τὴν
684 1061 798 1126 τούτων
820 1063 931 1145 αίρεσιν
947 1056 1113 1143 ὁμολογῶν,
1134 1056 1205 1124 ἀλλά
1222 1059 1256 1126 τό
1273 1058 1367 1144 ὄνομα
1388 1061 1422 1128 τό

279 1159 339 1226 ἀπό
357 1169 410 1244 τῆς
424 1169 484 1226 τιῦν
498 1161 705 1246 ἀντιλεγόντων
720 1167 877 1237 κακονοίας
893 1160 942 1226 διά
959 1158 1011 1225 τόν
1028 1159 1158 1245 Χριστόν
1173 1163 1328 1244 έπενεχθέν
1343 1162 1423 1254 αύτῷ

279 1260 410 1344 ἀσμένως
431 1263 665 1346 καταδεχόμενος.
713 1265 791 1345 Φησλ
812 1261 867 1349 γάρ
886 1265 935 1328 ἐπὶ
958 1269 1010 1328 τοῦ
1036 1261 1208 1345 3βήματος,
1234 1262 1310 1329 Οῦτε
1331 1267 1363 1330 έν
1382 1273 1424 1355 τῷ

279 1367 348 1451 ίερρῖ
373 1358 487 1450 έεῦρόν
509 1391 544 1448 με
567 1364 643 1451 πρός
666 1392 730 1430 τινα
754 1363 971 1449 διαλεγόμενον,
1000 1361 1021 1446 ἢ
1044 1361 1232 1428 ἐπισύστασίν
1250 1391 1314 1430 τινα
1335 1365 1424 1449 όχλου

279 1473 437 1543 ποιοῦντα,
466 1464 536 1531 ούδὲ
560 1459 601 1532 ιῦν
622 1493 680 1549 μου
697 1474 911 1552 κατηγοροῦσιν
934 1462 1021 1530 ούδέν
1046 1469 1229 1546 ὅπεποίηκα.
1271 1463 1423 1554 Ὁμολογεῖ

278 1568 312 1632 δι’
328 1589 374 1632 σοι
395 1575 498 1649 τοῦτο,
520 1567 565 1634 ίίτι
582 1567 657 1634 κατά
672 1567 727 1650 την
745 1566 831 1647 όδόν,
853 1567 893 1650 ἣν
912 1571 1023 1651 αἳρεσιν
1043 1559 1126 1632 οῦτοι
1141 1564 1321 1648 φάσκουσιν,
1343 1569 1424 1637 οῦτω

277 1668 418 1753 λατρεύω,
439 1670 585 1736 πιστεύων
599 1678 673 1735 πᾶσι
688 1680 750 1745 τοῖς
766 1673 798 1735 έν
810 1677 850 1757 τῷ
867 1668 949 1756 νόμφ
964 1671 1015 1733 καλ
1032 1671 1063 1733 έν
1077 1677 1139 1743 τοῖς
1155 1667 1330 1753 προφήταις.
1360 1675 1423 1737 Καὶ

278 1767 315 1834 ού
332 1778 437 1853 θαῦμα
452 1773 497 1838 ότι
515 1770 533 1838 ύ
550 1771 711 1848 ἀπόστολος
731 1770 890 1856 οὁμολογεῖ
902 1769 1008 1836 ἑαυτόν
1024 1777 1214 1854 Ναζωραῖον,
1235 1769 1355 1836 πάντων
1369 1799 1424 1838 κα-

276 1872 404 1938 λούντων
420 1873 490 1951 τούς
510 1875 704 1959 Χριστιανούς
724 1872 787 1940 τότε
809 1872 903 1962 τούτφ
926 1880 967 1960 τῷ
986 1870 1122 1953 όνόματι,
1145 1869 1195 1936 διά
1214 1873 1345 1958 Ναζαρέτ
1365 1873 1424 1957 τήν

158 2003 207 2049 pag.
222 1993 267 2037 ιιι.
279 1973 379 2056 πόλιν,
401 1974 488 2058 ῦλλης
509 1977 550 2060 μὴ
572 1976 663 2059 ούσης
684 1975 812 2060 χρήσεως
832 1981 873 2065 τῷ
897 1973 1020 2057 ὀνόματι
1041 1970 1117 2059 πρός
1134 1970 1186 2054 τόν
1205 1972 1326 2060 καιρόν,
1349 1974 1423 2051 ῦςτε

276 2073 346 2151 τούς
370 2073 553 2161 ἀνθρώπους
576 2087 674 2143 καλεῖν
700 2076 769 2154 τούς
795 2084 836 2165 τῷ
860 2083 977 2165 Χριστῷ
1000 2072 1238 2149 πεπιστευκότας.
1283 2077 1360 2161 Περὶ
1384 2070 1423 2143 ού

278 2179 353 2241 7καί
369 2179 527 2264 γέγραπται
542 2178 587 2245 ότι
604 2188 777 2264 Ναζωραῖος
791 2178 978 2262 κληθήσεται.
1022 2179 1084 2241 Καλ
1100 2174 1156 2261 γάρ
1169 2178 1221 2241 καλ
1235 2182 1290 2242 νῦν
1304 2175 1422 2260 όμωνύ-

276 2304 339 2360 μως
354 2284 385 2345 οἱ
405 2280 562 2367 ἀνθρωποι
577 2283 675 2357 πάσας
692 2279 744 2357 τάς
762 2283 900 2365 αἱρέσεις,
923 2283 1111 2362 Μανιχαίους
1126 2280 1157 2342 τέ
1171 2303 1248 2360 φημι
1267 2282 1317 2344 καλ
1331 2287 1421 2366 Μαρ-

276 2381 445 2462 κιωνιστάς,
473 2383 660 2460 Γνωστικούς
683 2409 713 2448 τε
737 2385 789 2447 καλ
813 2381 931 2459 ἀλλους,
961 2378 1156 2466 Χριστιανούς
1181 2377 1252 2456 τούς
1271 2379 1313 2464 μη
1333 2379 1422 2459 όντας

278 2484 473 2568 Χριστιανούς
493 2493 629 2564 καλοῦσι,
651 2487 701 2550 καί
723 2483 804 2566 ὅμως
826 2482 933 2566 ἑκάστη
956 2487 1080 2565 αἵρεσις,
1102 2485 1207 2566 καίπερ
1230 2479 1321 2559 άλλως
1337 2490 1418 2569 kyo-

275 2587 361 2668 μένη,
383 2590 568 2670 καταδέχεται
586 2594 673 2652 τοῦτο
696 2590 852 2669 χαίρουσα,
875 2584 920 2650 ότι
944 2582 994 2650 διά
1015 2593 1069 2650 τοῦ
1092 2582 1237 2666 όνόματος
1259 2592 1415 2668 κοσμεῖται.

275 2694 410 2752 Δοκοῦσι
430 2686 485 2774 γάρ
507 2691 556 2754 ἐπὶ
574 2695 615 2776 τῷ
637 2695 692 2754 τοῦ
711 2694 841 2773 Χριστοῦ
860 2685 1056 2768 σεμνύνεσθαι
1074 2684 1214 2769 ὀνόματι,
1243 2684 1280 2753 ού
1299 2684 1358 2770 μὴν
1378 2693 1415 2777 τῇ

276 2793 368 2853 πίστει
387 2792 437 2853 καλ
454 2799 516 2866 τοῖς
532 2793 635 2876 ἔργοις.
683 2788 768 2854 Οῦτω
783 2791 834 2853 καλ
849 2791 881 2854 οῖ
894 2787 972 2874 άμιοι
988 2796 1041 2853 τοῦ
1059 2795 1188 2875 Χριστοῦ
1204 2790 1337 2872 μαθηταλ
1351 2786 1418 2855 τότε

275 2888 412 2972 μαθητάς
426 2888 523 2973 Ἰησοῦ
537 2891 660 2968 ἑαυτούς
676 2891 814 2971 ἐκάλουν,
838 2888 933 2976 ῦςπερ
951 2883 1005 2956 οῦν
1020 2893 1073 2955 καλ
1092 2882 1182 2973 ἦσαν·
1204 2887 1366 2967 ἀκούοντες
1385 2891 1419 2956 δέ

275 2990 356 3078 παρά
375 2991 469 3059 ἀλλων
489 3002 659 3080 Ναζωραῖοι
679 2993 735 3060 ούκ
755 2991 926 3076 ἠναίνοντο,
950 2991 1001 3058 τόν
1020 2990 1133 3058 σκοπόν
1154 2999 1340 3080 θεωροῦντες
1359 3000 1419 3059 τοῖν

274 3101 363 3159 τοῦτο
384 3093 492 3172 αύτούς
513 3095 698 3174 καλούντων,
721 3095 765 3161 ότι
783 3094 833 3159 διά
851 3092 979 3179 Χριστόν
998 3092 1107 3171 αύτούς
1125 3092 1257 3160 ἐκάλουν.
1299 3093 1418 3180 Ἐπειδτὶ

197 3185 201 3194 ’
274 3199 326 3261 καλ
343 3195 432 3273 αύτός
451 3195 470 3263 ό
488 3197 592 3283 κύριος
605 3196 717 3281 Ἰησοῦς
732 3203 905 3281 Ναζωραῖος
923 3199 1066 3276 ἐκαλεῖτο,
1089 3194 1184 3282 ὥςπερ
1203 3199 1260 3279 ίχει
1277 3195 1314 3261 τά
1331 3195 1417 3282 εῦαγ-

274 3301 367 3384 γέλια,
390 3301 441 3364 καῖ
458 3304 491 3364 αἱ
506 3299 633 3385 Πράξεις
653 3307 713 3365 ταῖν
735 3297 920 3378 ἀποστόλων,
942 3297 992 3364 διά
1011 3297 1045 3364 τό
1068 3300 1100 3362 έν
1121 3306 1157 3389 τῇ
1180 3296 1261 3364 πόλει
1282 3298 1417 3383 Ναζαρὲτ

274 3398 379 3482 αύτδν,
402 3400 488 3492 κύμη
510 3403 542 3467 δὲ
558 3401 594 3467 τά
613 3409 669 3467 νῦν
685 3399 773 3490 οῦση,
796 3399 1017 3486 ἀνατετράφθαι
1034 3402 1064 3466 έν
1082 3403 1154 3490 οῖκφ
1169 3396 1292 3482 Ἰωσὴφ,
1314 3421 1416 3484 γεννη-

273 3505 364 3569 θέντα
386 3503 460 3570 κατά
481 3503 577 3590 σάρκα
600 3506 632 3570 έν
655 3504 788 3586 Βηθλεὲμ
812 3500 872 3569 ἀπό
896 3507 1020 3587 Μαρίας
1043 3509 1097 3585 τῆς
1119 3500 1335 3586 ἀειπιιρθένου,
1361 3508 1418 3585 τῆς

275 3610 525 3690 μεμνηστευμένης
540 3605 648 3689 Ἰωσὴφ
670 3614 709 3695 τῷ
727 3608 757 3670 ἐν
772 3613 808 3693 τῇ
825 3600 901 3693 αύτῇ
918 3604 1051 3687 Ναζαρέτ
1073 3600 1267 3695 μετφκηιιότι,
1288 3602 1417 3686 μετδτό

275 3701 335 3769 ἀπό
351 3711 483 3792 Βηθλεὲμ
501 3707 591 3774 αύτδν
608 3706 822 3791 μεταναστάντα
839 3708 871 3772 έν
886 3714 922 3796 τῇ
940 3711 1078 3794 Γαλιλαίᾳ
1094 3713 1332 3790 κατοικισθῆναι.

145 3823 212 3892 Κεφ.
231 3823 260 3888 ζ.
364 3803 454 3875 Οὗτοι
469 3813 501 3876 δδ
517 3815 548 3876 οῖ
561 3811 768 3897 προειρημένοι
782 3813 960 3894 αίρεσιῦται,
982 3810 1048 3893 περὶ
1064 3802 1106 3874 οῦν
1123 3811 1255 3875 ἐνταῦθα
1269 3807 1325 3892 τὴν
1339 3805 1419 3892 ἀφό-

276 3931 360 3995 γησιν
374 3911 557 3994 ποιούμεθα,
580 3914 718 3999 παρέντες
735 3910 769 3976 τό
787 3909 880 3993 όνομα
897 3917 950 3976 τοῦ
969 3909 1065 3993 Ἰησοῦ
1084 3909 1152 3976 οῦτε
1171 3909 1329 3987 Ἰεσσαῖους
1349 3911 1416 3976 Sav-

274 4010 346 4087 τοῦς
360 4009 547 4094 κεκλήκασιν,
570 4014 636 4080 ούτε
657 4022 717 4081 τῶν
732 4011 889 4079 Ἰουδαίων
908 4015 1022 4094 έμειναν
1037 4016 1150 4096 ἔχοντες
1164 4012 1197 4078 τό
1214 4011 1325 4095 όνομα,
1348 4010 1418 4078 οῦτε

193 4178 196 4183 .
278 4112 472 4199 Χριστιανούς
489 4115 611 4193 ἑαυτούς
626 4115 832 4201 ἐπωνόμασαν,
855 4113 924 4180 ἀλλά
942 4120 1152 4200 Ναζωραίους,
1174 4119 1269 4197 δῆθεν
1287 4111 1347 4179 ἀπό
1362 4119 1418 4196 τῆς

275 4225 328 4282 τοῦ
343 4216 437 4282 τόπου
453 4223 506 4299 τῆς
523 4220 655 4304 Ναζαρὲτ
670 4222 846 4301 ἐπωνυμίας.
884 4216 926 4282 Τά
943 4217 1037 4282 πάντα
1052 4220 1085 4283 δέ
1101 4221 1174 4283 εἰσιν
1190 4215 1343 4294 Ἰουδαῖοι,
1365 4217 1417 4282 καλ

278 4469 281 4475 ,
311 4425 368 4475 Cn.
390 4428 432 4475 vl.
457 4456 489 4464 -
532 4426 554 4475 1.
578 4420 654 4475 Ἀλλὰ
676 4421 734 4478 οῦδὲ
760 4429 827 4475 codd.
894 4426 917 4476 λ.
935 4424 1038 4479 ἐκάλουν
1051 4424 1217 4490 Ναξιοραίυυς
1233 4427 1285 4477 οοδ.
1303 4427 1379 4477 Vm.

275 4495 480 4614 ἔωιμὰίιείέἒιίο.
508 4487 596 4546 Ἀλλοι
615 4488 644 4547 δὲ
667 4495 717 4544 οοδ.
733 4494 829 4556 λλλιιδλς.
896 4493 921 4547 3.
938 4489 1050 4562 ῥήματος
1065 4496 1116 4545 τοῦ.
1131 4496 1207 4568 λεια.
