3046 5084
192 317 253 380 412
613 324 734 376 ειαυτι
753 324 922 376 κειιιιιιιιιι

192 448 349 531 μονοειδές.
389 443 477 511 Ἡδὲ
499 441 633 509 8τούτων
655 440 740 508 ούσία
758 442 858 526 διττήν
875 445 927 527 μέν
943 469 1008 509 τινα
1022 443 1149 530 δύναμιν
1167 446 1363 536 προήγαγεν,

192 548 281 627 αύτύς
296 550 328 614 δὲ
340 556 393 614 τοῦ
407 549 573 633 κρείττονός
587 549 664 611 ἐστιν
676 544 770 611 εἰκῶν.
799 549 890 628 Μηδέ
904 568 936 612 σε
949 546 985 611 τά
999 555 1053 613 νῦν
1064 556 1152 615 τοῦτο
1164 557 1362 636 θορυβείτω,

191 655 338 719 θέλουσαν
355 660 463 734 μαθεῖν
480 657 545 726 πῶς
561 647 619 714 άπὸ
636 656 705 730 μιᾶς
720 647 811 734 α’ρχῆς
825 657 885 714 τῶν
898 649 975 716 ι’ίλων
987 649 1079 735 ούσης
1097 655 1170 718 οκαὶ
1186 651 1362 742 όμολογου-

191 759 279 839 μένης
301 752 371 838 ήμῖν
393 757 444 819 καὶ
461 753 705 834 πεπιστευμένης,
740 759 835 834 ιοτῆς
853 750 1016 838 άγεννήτου
1037 757 1087 821 καί
1110 753 1281 841 ύωθόρτου
1304 761 1360 825 καί

192 856 318 945 άγαθῆς,
340 862 519 939 συνέστησαν
534 857 583 920 καί
599 847 685 919 αὗται
700 857 731 918 αί
743 853 857 935 φύσεις,
881 855 901 938 ῆ
917 881 946 919 τε
962 865 1014 939 τῆς
1029 865 1152 942 φθοράς
1164 861 1218 924 καί
1231 868 1292 942 τῆς
1306 886 1359 944 με·

192 963 324 1046 σότητος,
352 957 587 1042 11α’νομοούσιοι
601 950 688 1022 αὗται
702 965 898 1036 καθεστῶσαι,
920 967 973 1024 τοῦ
988 957 1106 1045 άγαθοῦ
1120 958 1214 1042 φύσιν
1228 964 1359 1046 ἔχοντος

190 1064 226 1130 τά
244 1064 333 1148 ὅμοια
354 1065 505 1128 12ἑαυτοῦ
527 1062 577 1125 καί
592 1057 735 1142 δμοούσια
752 1068 855 1144 γεννῶν
876 1087 906 1125 τε
923 1066 973 1126 καί
990 1066 1158 1148 προφέρειν.
1203 1064 1356 1157 Μαθήση

190 1166 263 1254 γάρ,
293 1171 369 1230 θεοῦ
391 1163 540 1240 διδόντος,
570 1164 637 1244 ἑξῆς
658 1164 708 1226 καί
726 1161 779 1244 τήν
802 1163 952 1230 13τούτου
972 1164 1064 1249 άρχήν
1081 1192 1111 1231 τε
1129 1168 1180 1232 καί
1199 1169 1355 1251 γέννησιν,

190 1268 349 1351 ἀξιουμένη
366 1275 419 1350 τῆς
434 1263 629 1348 άποστολικῆς
644 1264 845 1346 παραδόσεως,
870 1265 906 1347 ῆν
919 1270 951 1333 ἐκ
967 1272 1107 1352 διαδοχῆς
1123 1270 1173 1334 καί
1189 1267 1280 1353 ήμεῖς
1295 1298 1354 1336 πα·

191 1370 376 1457 ρειλήφαμεν,
399 1368 512 1452 14μετά
525 1376 631 1453 καιροῦ
644 1372 795 1432 κανονίσαι
809 1368 921 1444 πάντας
933 1369 1003 1446 τούς
1014 1371 1119 1456 λόγους
1131 1379 1167 1460 τῆ
1180 1378 1234 1438 τοῦ
1254 1380 1355 1439 Η’σω-

190 1483 279 1560 τῆρος
294 1476 474 1560 διδασκαλίην.
523 1469 621 1536 Ταῦτά
634 1492 692 1548 σοι,
711 1462 862 1553 ῶάδελφή
877 1498 935 1553 μου
952 1471 1071 1557 Φλῶρα,
1093 1471 1131 1539 δι’
1146 1471 1254 1560 ύλίγων
1271 1478 1352 1561 είρη·

191 1579 262 1660 μένα
281 1573 338 1641 οῦκ
361 1572 547 1657 1θῆτόνησα,
585 1576 678 1637 17καὶ
695 1572 769 1637 κατά
787 1581 839 1655 τῆς
859 1579 1017 1656 συντομίας
1038 1578 1226 1660 προέγραψα.
1261 1576 1353 1662 ’Ἅμα

190 1679 243 1761 μέν
258 1677 290 1744 τύ
305 1682 500 1761 προκείμενον
515 1675 711 1760 α’ποχρῶντως
726 1680 866 1760 έξέφηνα·
891 1677 972 1742 δκαὶ
987 1681 1027 1753 εἰς
1043 1676 1078 1743 τοί
1093 1680 1160 1761 ἑξῆς
1171 1677 1210 1744 τά
1224 1680 1354 1767 μέγιστά

190 1803 236 1847 σοι
254 1789 457 1868 συμβαλεῖται,
485 1779 537 1846 έάν
559 1806 590 1865 γε
613 1777 654 1856 ῶς
674 1778 749 1863 καλῆ
771 1789 807 1866 γῆ
829 1782 880 1844 καί
903 1777 1003 1865 άγαθή
1019 1785 1149 1866 γονίμων
1167 1783 1353 1869 σπερμάτων

189 1892 317 1967 τυχοῦσα
345 1882 439 1950 18τόν
461 1882 496 1948 δι’
519 1883 616 1949 αύτῶν
637 1881 753 1968 καρπόν
775 1881 936 1972 άυαδείξης.

323 2021 595 2077 ΠΕΠΛΗΡΩΝΤΔΙ
612 2023 656 2076 ΤΑ
675 2022 914 2077 ΠΤΟΛΕΜΑΙΟΥ
932 2022 1032 2079 ΠΡΟΣ
1049 2022 1208 2078 ΦΛΩΡΔΝ.

53 2410 120 2479 Κεφ.
138 2405 171 2478 η’.
278 2403 328 2473 Τίς
350 2399 382 2463 δέ
398 2396 511 2463 τούτων
532 2403 590 2461 τῶν
608 2393 748 2480 βημάτων
769 2397 820 2460 καί
837 2403 890 2478 τῆς
905 2403 959 2461 τοῦ
978 2395 1084 2481 γόητος
1099 2394 1208 2463 τούτου
1224 2400 1279 2465 ιιαλ
1295 2407 1352 2483 τῆς

189 2507 248 2564 τῶν
264 2499 319 2564 σύν
333 2498 413 2589 αύτῷ
429 2497 559 2577 άνέξεται
573 2502 812 2585 φρενοβλαβείας,
837 2503 1023 2582 Πτολεμαίου
1039 2524 1080 2578 τε,
1102 2502 1192 2582 φημί,
1214 2503 1267 2567 καί
1288 2508 1350 2569 τῶν

189 2600 262 2685 ἄμφ’
285 2600 376 2667 αῦτύν
397 2605 439 2678 εἰς
458 2608 600 2667 τοσοῦτον
619 2600 779 2666 κυκώντων
795 2601 845 2665 καὶ
863 2600 1046 2668 καττυόντων
1063 2600 1232 2684 πλάσματας
1270 2602 1351 2671 Οῦτε

188 2703 246 2790 γάρ
262 2712 321 2770 τῶν
337 2711 471 2769 παλαιῶν
483 2706 714 2791 τραγῳδοποιῶν
730 2730 787 2782 τις,
811 2701 878 2769 ούτε
893 2707 924 2770 οί
934 2709 1064 2786 καθεξῆς
1078 2706 1197 2787 μιμηλολ
1211 2702 1268 2771 τόν
1281 2704 1351 2793 τρό-

189 2834 257 2884 πον,
281 2810 312 2872 οί
324 2809 393 2891 περὶ
409 2810 585 2871 Φιλιστίωνα
599 2809 683 2892 λέγω,
699 2809 750 2871 καί
767 2807 903 2892 Διογένη,
924 2805 977 2872 τύν
988 2805 1161 2872 κδ”Απιστα
1175 2806 1350 2892 γράψαντα,

190 2909 211 2992 ῆ
225 2913 256 2974 οί
270 2908 349 2975 άλλοι
366 2908 487 2988 πάντες,
519 2911 550 2973 οί
562 2906 632 2985 τούς
647 2907 766 2992 μύθους
782 2906 1019 2994 σίναγεγραφότες
1032 2911 1084 2974 καί
1099 2908 1349 2999 δαψρτδήσαντες,

68 3043 118 3087 pag.
131 3033 176 3078 m.
190 3019 332 3077 τοσοῦτον
345 3016 459 3091 ψεῦδος
473 3009 668 3093 ἠδυνήθησαν
681 3014 858 3091 έκτυπῶοαι,
874 3010 915 3088 ῶς
927 3005 1009 3078 οῦτοι
1020 3018 1172 3098 τολμηρῶς
1184 3010 1352 3098 φερόμενοι

190 3112 264 3180 κατά
282 3123 335 3196 τῆς
351 3117 463 3179 ἑαυτῶν
480 3121 555 3197 ζωῆς
573 3113 654 3179 δεινά
671 3116 787 3191 ἑαυτοῖς
803 3112 1035 3194 κατεσκεύασαν,
1062 3116 1114 3181 καί
1130 3112 1182 3180 τόν
1198 3122 1275 3182 νοῦν
1290 3124 1354 3185 τῶν

191 3220 377 3300 πειθομένων
390 3214 491 3292 αύτοῖς
502 3214 675 3302 άνθρῶτιων
686 3219 726 3292 είς
737 3216 838 3302 μωρύς
849 3215 978 3300 ζητήσεις
989 3219 1171 3303 περιέβαλον,
1184 3219 1238 3282 καί
1250 3242 1353 3306 γενεα-

190 3326 290 3406 λογίας
305 3318 504 3406 άπεράντους,
527 3317 611 3385 αύτοί
628 3318 665 3384 τά
680 3322 711 3385 έν
725 3322 805 3404 χερσί
820 3318 860 3403 μῆ
876 3319 1080 3403 ἐπιστάμενοι,
1101 3321 1153 3385 καί
1169 3317 1203 3384 τά
1217 3320 1352 3409 έπονρύ-

191 3452 238 3490 νια
255 3422 496 3510 ἐπαγγελλόμενοι
511 3424 627 3507 μέτροις
643 3424 719 3488 τισίν
735 3420 901 3505 δροθετεῖν,
933 3426 983 3488 καί
998 3450 1086 3489 τινων
1105 3430 1277 3506 μαιωτιιιῶν
1293 3452 1353 3511 μη-

192 3535 270 3612 τρῶν
293 3525 334 3604 ῶς
356 3529 557 3610 ἐπουρανίων,
593 3533 675 3591 1τῶν
692 3524 749 3591 ούκ
767 3523 866 3592 ούσῶν
886 3523 927 3602 ῶς
945 3522 1155 3610 ὑπαρχουσῶν,
1186 3525 1356 3611 ἐπιστήμας

191 3627 407 3713 άναδεχόμενοι.
450 3625 593 3703 Ἀκούσας
610 3629 643 3693 δέ
660 3654 704 3704 τις
721 3628 802 3713 παρά
819 3627 946 3708 τούτων,
976 3631 1005 3693 εί
1018 3628 1072 3710 μέν
1087 3634 1147 3694 τῶν
1163 3625 1352 3715 άφρονεστά.

190 3758 248 3796 των
264 3736 325 3813 είη,
352 3740 392 3820 τῷ
409 3730 514 3813 ψεύδει
535 3735 685 3812 ἳνομίζων
701 3757 729 3795 τι
745 3728 812 3816 παρ’
829 3729 931 3807 αύτοῖς
947 3728 1100 3817 μετάρσιον
1116 3732 1278 3818 ἐγνωκέναι
1293 3736 1351 3825 ργ·

191 3838 263 3910 δίως
282 3832 498 3916 ύιιαχθήσεται·
530 3833 591 3913 ότι,
625 3840 692 3897 Πᾶν
712 3831 814 3918 ύρνεον
836 3832 911 3898 κατῦ
933 3836 1017 3920 γένος
1034 3833 1204 3920 συνάγεται,
1234 3838 1290 3903 καί
1308 3844 1355 3929 τῇ

191 3934 284 4025 όμοίςο
306 3936 518 4019 κολληθήσεται
541 3934 632 4019 άνήρ,
661 3937 754 4019 φησίν
774 3934 794 4018 ή
814 3936 925 4022 γραφή.
971 3940 1014 4001 Et
1034 3938 1066 4002 δέ
1083 3962 1129 4013 τις
1145 3936 1228 4021 τύχοι
1244 3936 1355 4019 αῦτοΐς

192 4047 250 4104 τῶν
264 4045 392 4104 συνετῶν
406 4042 456 4103 καὶ
470 4038 522 4105 τόν
535 4037 653 4126 εῦλογον
665 4038 804 4124 λογισμόν
816 4042 1010 4124 κεκτημένων,
1028 4038 1216 4125 καταγελάσει
1228 4040 1285 4123 μέν
1296 4048 1355 4129 τῆς

226 4181 250 4228 θ’.
270 4181 327 4229 cod.
343 4180 420 4229 Venet.
437 4175 535 4232 τούτου.
822 4179 860 4230 1·2.
878 4177 908 4234 δὲ
924 4176 995 4250 αύτῷ
1018 4182 1070 4231 τοῦ.
1087 4181 1162 4231 Vatia.
1195 4176 1282 4253 δαντῷ
1298 4184 1354 4237 cd.

224 4242 248 4296 9.
268 4250 324 4297 cod.
343 4250 417 4296 Venae.
435 4264 462 4299 τε
480 4246 531 4299 καὶ.
786 4253 861 4301 Venti.

230 4316 265 4364 10.
283 4318 318 4365 ῖΙσ
334 4317 450 4376 Ρτιιιυίιιι,
465 4318 566 4365 Grabius
579 4320 666 4380 aliique
678 4319 750 4368 ιδῖιο-
823 4318 860 4367 13.
876 4314 971 4370 τούτων
986 4320 1075 4381 placuit
1093 4318 1214 4368 δῖῖετωιῖο.

191 4397 234 4433 ατ.
268 4384 334 4432 Libn'
350 4386 434 4433 habent
449 4383 502 4435 τοῦ.
823 4384 859 4438 14.
877 4384 942 4452 μετὰ
952 4386 1040 4450 καιροῦ
1050 4400 1102 4436 κιαι
1111 4391 1145 4435 est
1153 4388 1295 4441 madum.
1310 4390 1354 4441 ss-

227 4450 265 4500 11.
282 4453 317 4501 lta
332 4454 400 4501 codd.
417 4454 490 4501 λἰιιιο.
508 4453 581 4501 Venet.
616 4456 661 4504 Ειλ.
675 4456 750 4517 privio.
784 4457 821 4505 bri
836 4458 920 4506 habent
937 4453 1001 4521 μετὰ
1018 4452 1130 4506 καὶτοῦ.

191 4525 213 4570 τι
229 4520 284 4569 edu.
300 4521 381 4570 Ριιιιν.
398 4520 482 4569 λαίαν
497 4512 664 4586 ἄνομοωίοιαι.
786 4524 859 4643 mg.
880 4526 936 4575 σοιλ
954 4526 1028 4574 λεια.
1045 4520 1163 4589 σωτῆρος
1181 4516 1260 4591 ήμιῖτ
1279 4526 1353 4583 Mx-
