3046 5084
409 331 654 384 russurrensi.
671 329 1017 383 renarrantemxnn.
1228 317 1289 380 567

138 448 192 512 stri
214 449 311 513 studio
333 461 366 513 et
386 472 486 514 amore
509 452 613 515 ductus
632 450 730 515 erneis
745 449 916 536 supplicium
938 470 996 512 non
1017 448 1195 512 necessitate
1218 448 1287 527 nlla,

137 552 188 615 sed
215 552 364 615 voluntate
386 553 534 616 sustinuit.
579 551 631 616 Ex
652 574 710 636 quo
728 548 891 615 Marcionis
916 560 975 613 tota
998 550 1046 612 illa
1068 549 1143 613 ratio
1161 550 1289 613 funditus

136 654 338 719 labefactatur.
385 653 444 718 Sed
463 655 497 717 ad
515 655 580 717 eius
595 654 757 717 machinam
775 674 889 721 omnem
907 674 940 716 ac
957 653 1136 736 tragoediam
1153 663 1289 715 everten-

136 758 203 821 dam
225 758 313 821 multa
336 768 404 821 sunt
426 779 443 820 a
462 756 546 818 nohis
567 757 596 818 in
615 756 692 819 illins
713 755 918 818 refutationem
938 765 1096 836 congesta,
1130 755 1288 839 eademqne

135 860 274 944 religiosa
292 881 332 922 ex
348 869 445 923 mente
461 859 606 944 animique
621 868 701 921 recta
720 858 834 921 ratione
852 855 973 941 praediti
989 857 1203 940 significatione
1223 876 1288 940 pro·

136 964 226 1026 lecta.

219 1062 282 1128 lam
300 1064 376 1126 enim
400 1065 435 1127 ad
457 1065 521 1127 eius
538 1063 663 1148 scripta,
695 1062 743 1125 vel
762 1060 857 1146 potius
876 1062 1018 1125 scelerate
1036 1061 1209 1138 commissa,
1241 1081 1287 1124 me
1306 1076 1364 1143 cip.
1383 1077 1428 1125 tx.

135 1169 266 1230 confero.
311 1164 388 1230 Nam
407 1166 573 1229 istesolum
588 1162 690 1228 Lucae
708 1162 890 1246 evangelium
910 1164 1108 1248 amplectitur,
1142 1173 1288 1247 amputato

135 1280 230 1334 tamm
250 1269 314 1331 eins
333 1269 433 1347 initio,
458 1269 532 1353 quod
549 1267 588 1330 ibi
603 1267 761 1330 saluatoris
779 1265 808 1328 in
827 1279 910 1330 utero
925 1266 1147 1348 generationem
1165 1276 1193 1327 et
1210 1264 1288 1329 eius·

134 1373 199 1434 dem
220 1372 377 1436 adventum
401 1392 466 1434 eum
490 1390 614 1454 corpore
640 1368 792 1455 perspicue
815 1380 1035 1431 commemoret.
1081 1367 1147 1430 Nec
1173 1367 1286 1430 initium

134 1473 220 1537 modo
236 1473 462 1558 circumscripsit
481 1473 529 1536 ille
548 1473 593 1536 sui
609 1472 705 1557 potins
722 1492 806 1555 quam
826 1471 969 1554 evangelii
986 1483 1157 1556 corruptor,
1189 1471 1241 1534 sed
1259 1482 1288 1533 et

133 1598 174 1640 ex
189 1576 272 1639 initio
286 1577 396 1661 pariter
408 1595 444 1638 ac
456 1576 551 1638 medio
565 1575 717 1660 plerasque
731 1574 864 1638 veritatis
879 1575 1041 1637 sententias
1054 1574 1183 1652 sustulit,
1201 1573 1288 1637 alias·

133 1699 190 1763 que
212 1699 264 1762 pro
279 1677 337 1740 illis
355 1677 515 1741 substituit.
562 1675 644 1739 Hane
663 1697 749 1739 unam
769 1698 856 1760 porro
874 1677 1019 1758 erningelii
1041 1678 1179 1755 lormam,
1211 1679 1287 1760 qnod

132 1802 148 1844 a
166 1779 251 1844 Luca
268 1781 419 1864 scriptum,
444 1779 586 1843 admittit:
611 1778 750 1863 epistolas
765 1790 919 1862 praeterea
933 1777 1015 1843 Pauli
1033 1780 1156 1864 apostoli
1173 1780 1286 1856 decem,

132 1883 237 1966 quibus
255 1883 327 1947 solis
347 1883 455 1960 utitur,
486 1902 541 1944 neo
557 1881 595 1943 iis
612 1880 727 1964 quidem
743 1881 884 1963 integris,
917 1882 968 1943 sed
986 1880 1043 1943 alin
1062 1903 1101 1944 ex
1120 1881 1176 1944 illis
1193 1882 1287 1966 capita

132 1985 276 2063 detrabit,
308 1985 365 2049 alia
388 1993 556 2047 commutat.
603 1984 701 2066 Atque
724 1983 777 2046 hos
801 1984 873 2046 duos
895 1982 984 2045 libros
1004 1984 1147 2046 duntaxat
1168 2005 1221 2068 pro
1238 2005 1287 2047 ea-

132 2087 246 2152 nonicis
268 2087 371 2166 habet,
405 2098 523 2173 praeter
544 2106 617 2169 quos
641 2084 698 2149 alia
718 2086 837 2170 iusuper
859 2107 874 2146 a
897 2107 929 2148 se
949 2086 1117 2148 elucubrata
1139 2086 1285 2150 volumina

131 2190 242 2255 erroris
260 2191 305 2253 sni
321 2190 461 2253 studiosis
478 2188 614 2251 obtrusit.
661 2186 812 2272 Epistulae
832 2208 921 2266 vero,
946 2188 1073 2271 quarab
1092 2189 1140 2251 illo
1160 2189 1285 2274 proban·

132 2304 197 2371 tur,
231 2293 286 2356 hae
307 2304 387 2356 sunt.
433 2289 530 2356 Prima
552 2300 598 2354 est
622 2291 657 2354 ad
682 2289 822 2367 Galatas,
857 2287 897 2351 ll.
924 2291 958 2352 ad
984 2286 1155 2355 Corinthios
1179 2292 1283 2375 prima,

133 2392 190 2459 ΙΙΙ.
214 2395 252 2458 ad
272 2391 443 2460 Corinthios
465 2394 611 2472 secunda,
644 2390 699 2457 lV.
723 2393 757 2456 ad
775 2390 943 2471 Romanos,
974 2391 1013 2456 V.
1038 2395 1073 2456 nd
1094 2393 1286 2458 Thessaloni-

131 2518 238 2561 censes
254 2497 357 2582 prima,
384 2493 439 2559 Vl.
459 2497 493 2558 ad
512 2495 796 2559 Thessalonicenses
812 2496 953 2573 secunda,
980 2493 1051 2560 Vll.
1073 2498 1107 2558 ad
1125 2496 1283 2581 Ephesios,

131 2597 220 2663 Vlll.
244 2601 279 2663 ad
303 2596 517 2675 Colossenses‚
553 2595 611 2661 ΙΧ.
634 2599 670 2661 'ad
691 2595 910 2675 Philemonem,
942 2595 984 2660 X.
1009 2600 1045 2660 ad
1068 2596 1283 2685 Philippenses.

129 2699 227 2766 Habet
244 2713 274 2765 et
289 2703 326 2766 ad
343 2699 543 2765 Laodicenses
563 2699 706 2785 epistolae
725 2700 881 2786 particulas
897 2701 1017 2784 aliquot.
1065 2701 1131 2785 Qua
1151 2724 1190 2765 ex
1208 2702 1283 2786 ipsa,

129 2826 214 2889 qnam
232 2804 356 2884 retinet,
387 2804 531 2887 evangelii
550 2803 794 2887 epistolarumque
813 2805 905 2866 lorma
921 2804 1035 2886 planum
1055 2804 1130 2867 huno
1149 2815 1179 2868 et
1193 2804 1285 2890 impo-

128 2919 237 2970 storem
255 2927 322 2970 esse
340 2908 542 2970 demonstrare
559 2909 614 2968 deo
631 2905 789 2989 opitulante
805 2926 970 2985 possumus,
997 2907 1221 2991 plenissimeque
1240 2930 1286 2971 re-

128 3010 242 3073 fellere.
289 3007 404 3072 Etenim
426 3029 464 3071 ex
485 3009 521 3070 iis
539 3009 609 3093 ipsis
631 3008 728 3085 libris,
762 3029 833 3090 qnos
854 3029 1010 3090 germanos
1031 3030 1097 3072 esse
1116 3011 1283 3090 confitetur,

128 3112 338 3196 proculdubio
360 3113 564 3194 redarguetur.
612 3109 658 3172 Ex
682 3111 718 3172 iis
741 3111 857 3193 inquam
880 3132 952 3194 quas
973 3112 1110 3175 adsciscit
1131 3134 1165 3175 ne
1185 3125 1285 3178 servat

128 3214 293 3297 evangelii,
317 3214 563 3299 epistolarumque
582 3211 728 3296 reliqniis,
760 3214 833 3297 apud
852 3233 904 3275 ens
923 3213 1037 3297 quidem
1056 3216 1103 3298 qui
1123 3214 1284 3298 sapientiae

127 3317 273 3402 paululum
293 3316 417 3380 lrabennt
435 3317 588 3380 manifeste
606 3314 808 3400 probabimus,
842 3336 1023 3400 nequaquam
1044 3339 1060 3380 a
1078 3330 1178 3381 vetere
1196 3328 1285 3380 testa·

126 3431 227 3487 nanto
244 3416 407 3497 Christum,
427 3429 475 3482 aut
490 3419 525 3482 ab
542 3439 578 3481 en
595 3440 659 3481 enm
676 3438 764 3481 carne
781 3417 918 3482 veuiente
934 3421 1089 3504 prophetas
1106 3420 1283 3484 abhorrere:

127 3523 284 3608 quinetiam
308 3523 565 3586 resurrectionem
580 3542 735 3605 corporum
764 3521 800 3584 ab
827 3522 959 3606 apostolo
985 3523 1165 3606 praedicari,
1200 3534 1231 3586 et
1254 3524 1283 3588 in

127 3648 229 3690 eorum
256 3625 305 3709 qui
333 3625 456 3688 salntem
485 3635 704 3707 consequuntur
733 3645 885 3687 numerum
915 3625 1094 3687 Abraamnm
1120 3627 1155 3690 ab
1181 3628 1283 3690 eodem

126 3739 157 3793 et
179 3727 312 3793 lsaacum
339 3725 533 3810 lacobumque
555 3727 679 3790 reterri:
712 3747 767 3789 nec
791 3749 848 3790 non
872 3727 984 3810 reliqua
1007 3729 1285 3793 demonstrabuntur

126 3831 242 3911 omnia,
273 3852 349 3915 quae
368 3842 471 3893 sancta
488 3830 534 3893 dei
550 3830 675 3893 ecclesia
694 3831 863 3915 profitetur,
895 3830 1034 3893 salutaria
1053 3832 1101 3894 illa
1120 3833 1234 3916 quidem
1250 3855 1284 3896 ac

126 3944 243 4011 sancta,
276 3934 380 4017 deique
399 3933 573 3997 anctoritate
594 3934 749 4012 roborata,
781 3953 855 4017 quae
876 3934 1020 3996 communi
1040 3934 1113 4013 lide,
1146 3934 1281 4015 scientia,

125 4057 177 4122 spe
201 4036 391 4123 doctrinaque
413 4036 643 4120 comprehendit.

210 4137 301 4213 Libet
317 4161 390 4204 vero
406 4139 631 4223 disputationem
646 4139 791 4222 quandam
810 4138 856 4201 hic
873 4139 1016 4217 inserere,
1039 4162 1124 4224 quam
1140 4141 1282 4207 adversus
1301 4159 1361 4226 cap.
1378 4158 1411 4208 Χ.

125 4236 304 4306 haereticum
320 4243 408 4305 istum
424 4240 676 4318 elrtcubraveram‚
700 4251 853 4324 antequam
871 4264 942 4327 opus
958 4243 1033 4305 istud
1051 4244 1167 4308 hortatu
1184 4257 1282 4310 vestro

126 4343 318 4430 susciperem.
363 4341 531 4407 Nemeum
556 4341 654 4405 multis
677 4343 782 4406 abhinc
804 4345 889 4408 aunis
908 4343 1072 4409 Marcionis
1095 4346 1179 4412 huius
1203 4369 1282 4412 cum·

161 4566 219 4619 cia.
234 4568 269 4618 Χ.
287 4594 319 4607 -
339 4565 360 4620 1.
377 4567 470 4620 ἱκανῶν
487 4562 535 4634 γάρ
550 4567 696 4618 scribendum
711 4570 805 4630 putoott
822 4571 940 4620 Peteotus.
974 4573 1025 4622 Non
1042 4585 1101 4634 opus
1118 4577 1157 4622 est.
