3046 5084
188 357 249 419 490
609 367 730 419 οιαοτι
749 367 918 418 οεινιιιαιι

187 487 219 549 δέ
240 483 310 561 τοῦς
333 488 401 571 περὶ
423 484 474 550 τόν
494 482 686 569 Δημιουργόν
711 482 896 559 νίκοόσαντας
918 482 1037 571 σφόδρα
1060 492 1265 572 ταραχθῆναι,
1296 490 1350 555 καί

187 595 372 672 καταγνῶναι
389 585 487 652 αύτῶν
501 594 552 670 της
567 589 647 671 ρ’ίζης
663 588 713 651 καὶ
729 594 784 651 τοῦ
798 588 901 671 γένους
916 594 969 669 τῆς
985 586 1109 671 μητρός,
1131 587 1227 655 αύτόν
1243 592 1276 657 δέ
1292 617 1350 657 τιο-

186 696 331 774 ρευθῆναι
355 692 396 765 είς
419 690 455 754 τοί
477 694 553 768 ίδια,
584 694 714 773 ῥίψαντα
737 687 789 753 τόν
811 687 920 771 δεσμόν
944 687 1036 755 αύτοῦ
1059 692 1110 755 καλ
1133 689 1187 757 τόν
1209 690 1349 778 δι’γγελον,

184 794 315 858 τουτέστι
335 790 389 874 τήν
406 792 515 875 ψυχήν.
564 796 686 857 Οίονται
702 792 754 874 μὲν
769 789 825 876 γαίρ
845 789 916 872 μεταλ
932 799 1016 875 σῶμα
1035 795 1086 857 καλ
1102 792 1204 877 ψυχὴν
1224 792 1305 861 είναί
1320 823 1351 862 τι

186 898 236 960 καί
252 898 351 979 ἕτερον
366 898 397 960 ἐν
412 893 573 983 α’νθριόπιμ.
620 896 681 958 Καὶ
695 896 764 979 περὶ
778 894 829 974 μὲν
843 901 896 975 τῆς
912 892 1144 979 ἀπολυτρώσεως
1156 896 1254 963 ταῦτά
1268 901 1350 965 ἐστιν
1372 951 1375 959 .

186 997 242 1064 ὅσα
264 1001 306 1073 είς
327 994 405 1079 ἡμᾶς
432 996 660 1079 3συνελήλυθεν.

49 1117 117 1185 Κεφ,
137 1113 168 1171 δ’,
276 1104 315 1163 Oi
324 1101 356 1164 δέ
371 1102 486 1164 συνετοὶ
498 1097 733 1174 κατακαύσαντες
745 1106 797 1181 τῆς
811 1100 1017 1186 περισσοτέρως
1030 1096 1127 1166 αύτῶν
1138 1099 1243 1185 χλεύης
1255 1130 1347 1168 κατα·

189 1200 338 1286 γελόσαιεν
361 1209 434 1282 1τῆς
451 1206 637 1286 μιμολογίας,
668 1199 708 1276 ῶς
724 1186 846 1276 ἕκαστος
863 1199 962 1266 αῦτῶν
979 1204 1061 1286 ἕτερα
1077 1200 1159 1287 παρῶ
1174 1202 1229 1269 τόν
1244 1206 1349 1291 ἕτερον

65 1339 114 1382 γαρ.
128 1327 172 1369 ²65.
187 1313 353 1386 νομοθετεῖ,
377 1301 417 1379 ῶς
432 1303 577 1387 βούλεται,
600 1306 650 1368 καὶ
666 1311 717 1385 τῆς
730 1306 838 1386 τόλμης
850 1305 958 1368 ἑαυτοῦ
971 1301 1028 1369 οῦκ
1043 1301 1251 1388 όνακόπτεται,
1272 1305 1349 1373 είλλιί

184 1405 294 1491 ὅσαπερ
314 1405 434 1470 δύναται
453 1408 572 1481 ἕκαστος
591 1409 708 1471 ἐπινοεῖ.
755 1408 813 1469 Καί
835 1414 894 1471 τῶν
914 1408 957 1471 ἐτι
979 1408 1021 1482 είς
1040 1410 1129 1491 δεῦρο
1148 1410 1347 1493 γεννωμένων

184 1506 252 1593 παρ’
270 1506 369 1584 αὐτοῖς
389 1511 439 1574 καί
457 1510 681 1590 ἐπιφυομένων,
713 1513 769 1573 ἐόί
786 1506 857 1573 καθ’
872 1506 985 1591 ἡμέραν
1002 1506 1172 1594 εύρίσκουσί
1189 1536 1216 1577 τι
1234 1510 1347 1579 καινόν

185 1615 276 1676 εἰπεῖν
292 1614 343 1675 καλ
357 1610 505 1691 φαντόσαι
520 1609 590 1686 τούς
605 1612 823 1695 ἐπαγομένους,
846 1610 972 1693 χαλεπόν
986 1614 1047 1677 ἐστι
1061 1610 1159 1677 πάντα
1172 1612 1209 1677 ταί
1226 1613 1346 1681 τούτων

185 1722 302 1796 ζητῆσαι
324 1713 345 1795 ἢ
366 1716 496 1790 ἐξειπεῖν.
530 1713 627 1777 Ὅθεν
645 1710 867 1797 ἀρκεσθήσομαι
888 1712 977 1779 πόλιν
996 1723 1058 1789 τοῖς
1077 1716 1130 1779 καὶ
1146 1718 1216 1799 περὶ
1232 1716 1347 1801 ταύτης

183 1823 235 1898 τῆς
252 1818 388 1900 αἱρέσεως
403 1818 582 1901 εἰρημένοις,
606 1815 691 1880 ίίτινα
708 1818 757 1879 καὶ
771 1818 813 1891 είς
828 1813 909 1898 η’μῦις
923 1808 1029 1897 ἦλθεν,
1051 1813 1216 1895 ύποδεῖξαι.
1260 1816 1345 1885 Ἡδέ

182 1917 303 2000 τοιαύτη
322 1921 495 1983 διδασκαλία
517 1922 572 1982 τίνι
594 1916 649 1984 οῦκ
669 1916 706 1982 δν
723 1917 822 2000 σαφής
840 1922 901 2000 είη,
932 1916 974 1993 ῶς
990 1917 1091 2000 μῦθός
1109 1921 1168 1985 ἐστι
1186 1922 1239 1985 καλ
1256 1920 1344 2005 χλεύη

182 2018 215 2086 τό
234 2030 293 2085 πᾶν
300 2050 309 2099 ;
340 2020 446 2086 Πόθεν
463 2020 533 2107 γόρ,
556 2015 581 2084 ῶ
598 2014 686 2096 οὗτος
704 2019 757 2099 σύ,
779 2020 800 2101 ἢ
817 2024 847 2086 οἱ
861 2020 920 2104 πρό
938 2028 1009 2099 σοῦ,
1032 2019 1064 2086 τό
1082 2029 1168 2103 σῶμα
1186 2020 1343 2106 είλὴφιιτες

182 2122 234 2205 τὴν
250 2125 281 2187 δέ
296 2122 398 2206 ψυχὴν
413 2123 524 2201 πόθεν,Ι
555 2122 607 2188 τόν
627 2124 658 2187 δέ
675 2122 821 2188 ἐσῶτατόν
838 2144 892 2188 σου
907 2121 1073 2207 ίίνθρωπον
1089 2122 1204 2203 πόθενς
1239 2126 1302 2191 Kal
1316 2127 1345 2191 εί

183 2228 236 2307 μὲν
252 2224 370 2292 ίίνωθεν
387 2223 445 2291 οίπό
463 2233 515 2291 τοῦ
530 2223 592 2290 ίίνω
607 2233 825 2307 πνευματικοῦ,
853 2221 894 2301 ῶς
908 2228 999 2311 λέγεις
1016 2230 1268 2313 δραματουργῶν,
1290 2227 1342 2293 καλ

182 2332 337 2417 ἐπαγγελίᾳ
360 2332 477 2403 ἐλπίδος
495 2327 656 2408 κεπφῶσας
672 2328 742 2404 τοῦς
759 2326 820 2392 ῦπό
840 2350 895 2393 σου
914 2325 1138 2411 ἠπατημένους,
1166 2332 1219 2395 ἵνα
1236 2336 1342 2419 σειοκρῖ

182 2459 237 2496 τινι
254 2431 434 2516 ἐπύρθεντες
453 2429 646 2513 3ύποσυρῶσι
662 2438 698 2520 τῇ
716 2437 753 2520 σῇ
769 2431 981 2521 γεγοητευμένη
1001 2434 1242 2519 δραματουργίμ,
1267 2432 1340 2517 λέγε,

181 2530 256 2616 τίςῆ
272 2538 411 2599 κοινωνία
425 2541 478 2599 τοῦ
495 2532 557 2599 ίίνω
575 2538 776 2616 πνευματικοῦ
791 2531 868 2616 πρός
883 2531 916 2597 τό
934 2530 1050 2611 ύλικόνς
1071 2537 1116 2610 τίς
1128 2532 1162 2599 δέ
1176 2530 1199 2617 ἦ
1211 2540 1269 2601 τοῦ
1282 2530 1341 2599 ῦλι-

180 2644 236 2701 κοῦ
254 2635 329 2721 πρός
345 2635 378 2701 τό
397 2636 527 2719 ψυχικόν
533 2664 542 2713 3
573 2643 639 2711 πῶς
653 2636 685 2700 δέ
702 2632 720 2700 ό
737 2632 930 2721 Δημιουργός
946 2634 982 2699 ταί
996 2633 1039 2720 μὴ
1054 2637 1163 2702 ἑαυτοῦ
1179 2634 1338 2725 ἐδημιούρ-

181 2764 238 2823 γει,·
268 2745 333 2814 πῶς
354 2740 386 2803 δέ
405 2736 423 2803 ό
445 2738 507 2803 ῦνω
526 2736 580 2821 τήν
597 2736 666 2823 παρ’
686 2736 779 2804 αύτοῦ
795 2738 922 2819 δύναμιν
938 2734 1140 2823 πνευματικὴν
1156 2740 1286 2823 περίαχε
1298 2744 1339 2829 τῷ

181 2839 222 2923 μη
241 2847 336 2915 καλῶς
354 2842 540 2929 ἐργασαμένῳ
559 2848 754 2928 Δημιουργηῦς
784 2839 883 2905 πόθεν
903 2841 936 2905 δέ
954 2837 973 2905 ό
989 2838 1181 2931 Δημιουργός
1196 2838 1340 2925 είναμίξας

182 2941 239 3007 4τό
258 2944 364 3007 ἑαυτοῦ
380 2940 510 3025 ψυχικόν
526 2941 597 3024 μετοί
612 2949 665 3008 τοῦ
682 2941 786 3007 ιίλικοῦ
804 2948 841 3031 τῇ
859 2940 915 3031 ῦλη
932 2950 1041 3025 μᾶλλον
1056 2939 1204 3026 ἠθέλησεν
1218 2944 1338 3029 ἐγκατα-

181 3049 267 3126 δῆσαι
281 3042 334 3126 την
348 3047 453 3109 ἑαυτοῦ
470 3044 611 3125 δύναμιν,·
635 3048 678 3109 Εἰ
691 3046 723 3110 δέ
736 3043 791 3127 τὴν
805 3047 914 3110 ἑαυτοῦ
927 3043 1054 3127 δύναμιν
1067 3042 1207 3128 βούλεται
1220 3048 1340 3133 ἐγκατα-

181 3152 276 3229 μίξαι,
300 3145 356 3212 οῦκ
370 3146 429 3232 ίίρα
444 3145 579 3232 όλλοτρίυ
593 3145 613 3230 η
626 3147 695 3229 ῦλη·
717 3150 745 3211 εί
758 3148 792 3212 δέ
807 3149 858 3212 καὶ
872 3150 950 3213 ἐστιν
964 3146 1114 3231 α’λλοτρία,
1135 3150 1180 3223 τίς
1194 3144 1277 3238 αύτρῦ
1287 3154 1340 3233 τῆς

180 3250 252 3332 ῦλης
268 3252 392 3334 παρέσχε
407 3249 461 3332 τὴν
476 3252 627 3326 ἐξουσίαν,
662 3252 722 3314 Καὶ
738 3240 856 3333 πρῶτον
870 3251 931 3336 λέγε
947 3278 1012 3332 μοι,
1035 3242 1060 3314 ῶ
1076 3246 1232 3331 οίπατεῶν,
1253 3248 1338 3317 πότε-

180 3379 234 3435 ρον
248 3360 340 3436 μισῶν
356 3351 409 3434 τήν
424 3350 524 3434 ψυχῶν
536 3354 695 3433 κατέδησεν
711 3350 804 3435 αὐτὴν
819 3360 855 3442 τῇ
871 3351 944 3442 ῦλη,
966 3350 987 3435 ἢ
1003 3349 1119 3437 όγνοῶν
1131 3348 1166 3431 τό
1180 3350 1337 3435 ἐσόμεκοκς

178 3453 249 3520 Ἀλλ’
265 3454 332 3521 οίδα
348 3455 393 3521 δτι
407 3452 561 3539 οόδίτερον
578 3452 689 3520 τούτων
704 3457 789 3539 ἐρεῖς.
825 3454 920 3538 Ὕλην
934 3453 989 3541 γδρ
1003 3452 1042 3521 ού
1055 3455 1177 3539 λέγομεν
1191 3452 1226 3521 τό
1240 3462 1337 3541 σῶμα,

179 3556 220 3640 μή
236 3561 364 3643 γίνοιτο,
388 3555 458 3623 οῦδὲ
473 3555 527 3633 τός
540 3565 594 3622 τοῦ
610 3565 686 3622 θεοῦ
702 3562 822 3633 κτίσεις·
844 3555 917 3623 οίλλιί
931 3556 1006 3642 ῦλην
1019 3554 1087 3623 τιναλ
1102 3552 1184 3623 οέδεν
1197 3554 1220 3641 η’
1235 3554 1338 3645 γραφη

181 3659 252 3741 μεταλ
267 3660 377 3743 ταύτην
392 3659 445 3742 τήν
463 3659 596 3743 φαύλην,
626 3663 668 3735 είς
685 3660 717 3725 δέ
731 3658 915 3737 κατασκευαίς
932 3658 1063 3749 ὃἐκιίστη
1079 3660 1165 3749 τέχνη
1186 3662 1239 3727 καλ
1253 3662 1336 3747 ἐρχα-

180 3767 245 3838 σίας
269 3765 503 3848 6προκειμένην,
534 3761 623 3844 ίίλλην
643 3760 725 3841 τινῶ,
754 3764 827 3848 λέγω
848 3763 886 3845 δῦ
906 3762 962 3843 τήν
983 3765 1016 3829 ἐκ
1033 3766 1168 3841 διανοίας
1183 3766 1338 3847 φασμὲην

179 3864 318 3949 ῥυπαρόν
336 3865 501 3949 ἐνθύμησιν
516 3868 565 3931 καλ
582 3864 785 3951 βορβορῶδεις
798 3863 957 3951 λογισμούς
970 3872 1025 3949 τῆς
1038 3862 1191 3951 ἇμαρτίας.
1238 3864 1335 3935 Φύτα-

178 3995 226 4032 ται
240 3966 295 4052 γόρ
314 3964 354 4042 ῶς
370 3965 430 4033 οίπό
447 3976 543 4050 πηλοῦ
563 3972 732 4049 7δνςοδμία
746 3993 777 4033 τε
793 3969 845 4033 καί
859 3966 1033 4053 δκαίθαρτος
1047 3964 1209 4052 όποφορύ,
1229 3966 1335 4053 δῶμ’-

180 4074 234 4153 δης
249 4097 278 4135 τε
293 4072 344 4134 καί
361 4069 563 4155 βορβορώδης.
605 4069 659 4146 Ὡς
674 4067 693 4136 ό
708 4068 854 4157 μακύριος
869 4072 969 4153 Δαβλδ
983 4068 1165 4153 διωκόμενος
1178 4072 1232 4137 καλ
1248 4074 1337 4139 ’διι-

211 4262 235 4312 3.
252 4265 289 4313 λιιι
299 4264 397 4311 correxit
406 4265 525 4313 Ριιαυλιιι.
549 4263 614 4312 Libri
624 4266 685 4313 ιιιλιιι
694 4266 738 4314 λα·
805 4263 830 4313 ’2.
847 4264 911 4313 mit.
924 4264 1018 4313 Ρελονλλ
1032 4262 1140 4313 mam
1156 4260 1188 4315 αλ.

178 4332 229 4379 σενι
250 4327 460 4395 συνεληλίὲιιμει.
802 4330 827 4380 δ
842 4326 1278 4395 δκοσυρῶσιιικεκιλσλλοθιλααλλα.
1296 4332 1339 4385 Β·

213 4397 271 4447 (λιν.
289 4399 328 4447 Ν.
347 4426 379 4436 -
406 4400 425 4447 l.
443 4396 493 4463 τῆς
507 4402 611 4459 reposuit
627 4402 738 4450 Ριιανιιιε
770 4402 807 4450 bri
823 4402 907 4449 λαλιιιλ
923 4394 1077 4463 δαοσόρωσι.

178 4480 207 4516 ιτ
223 4468 273 4516 cod.
293 4468 365 4517 λἀιιτ.
400 4470 461 4517 Nam
475 4470 500 4514 in
516 4468 569 4514 edit.
582 4471 659 4529 princ.
675 4472 739 4517 καίοι
805 4464 830 4517 4.
845 4470 881 4519 λιιι
892 4468 1185 4519 εδλδιλΡιίαυίνειτισδ.
1195 4470 1271 4523 Μία.
1288 4468 1334 4521 Β

177 4532 231 4594 τίς.
242 4563 275 4573 -
288 4538 336 4584 Pro
351 4531 548 4600 καταγελάσασα
561 4537 669 4585 mendoso
679 4538 738 4585 ωιλ-
770 4538 847 4599 prino.
863 4536 932 4585 λαατι
946 4534 985 4603 τῷ
1003 4532 1096 4603 im.

174 4609 242 4665 μιιαα
262 4608 297 4653 εει
314 4605 341 4653 λιι
356 4604 412 4652 αλιι.
427 4604 520 4652 Patavii
536 4597 737 4669 καταγελάσειεν.
806 4604 831 4654 5.
848 4598 946 4673 ἐκόπη
960 4600 1038 4673 tim
1053 4604 1163 4667 mm
1174 4618 1223 4669 μυ
1234 4600 1332 4671 Hm
