3046 5084
262 317 322 381 384
685 331 805 381 ειυοτι
823 330 992 381 κεινιιιειιι

265 444 361 528 2Ἰαιύ,
385 443 425 520 τός
440 443 526 510 αύτοί
540 467 623 525 φασι,
645 448 696 510 ιιαλ
712 445 806 522 οὕτως
825 445 1020 532 Βέστερεούθη.
1065 445 1141 512 Ούτε
1155 444 1175 530 ἦ
1188 446 1304 513 δυόδεκα
1317 450 1419 515 ἔτεσιν

261 553 460 634 αίμορροοῦσα
477 555 518 635 τῷ
534 545 632 612 αύτῶν
648 547 775 634 δράματι
789 545 1015 632 ὁμοιωθήσεται.
1057 546 1175 633 Ἐσάθη
1191 548 1246 635 γάρ
1263 549 1335 633 μετά
1352 550 1419 617 δού-

140 680 189 726 ρις.
202 666 247 709 ²⁰².
262 656 331 717 δεκα
353 653 418 733 έτη,
449 653 480 714 ἐν
497 647 543 725 οἷς
557 658 598 739 τῷ
614 654 714 733 αίματι
729 659 782 735 τῆς
797 652 910 737 ῥύσεως
926 654 1055 737 ἐφέρετο.
1102 651 1148 716 Ού
1167 651 1222 739 γάρ
1239 655 1272 718 έν
1287 662 1350 730 τοῖς
1365 655 1415 720 έν·

261 759 329 820 δεκα
347 756 437 819 έτεσεν
454 751 575 836 άπαθής
593 756 722 833 διετέλει,
745 757 796 820 καὶ
812 758 843 820 ἐν
859 760 899 844 τῷ
915 753 1071 843 δωδεκάτῳ
1089 754 1121 819 δέ
1136 756 1286 822 σέσωσται.
1334 755 1419 823 Ούτε

260 855 280 941 ἡ
296 856 349 932 τάς
366 858 437 921 δέκα
453 854 583 941 δραχμάς
597 859 759 940 κεκτημένη
774 855 903 922 άπάλεσε
919 855 972 940 τόγν
987 861 1058 940 μίαν
1073 860 1115 933 είς
1131 859 1211 934 τέλος
1224 862 1274 924 ἳνα
1290 855 1308 924 ό
1325 858 1418 925 Αίολν

259 966 312 1043 τῆς
325 958 397 1042 ύλης
411 956 568 1035 άπολωλολς
582 959 749 1042 μυθεόηται
763 957 831 1046 παρ’
847 957 954 1035 αύτοῖς.
992 951 1071 1042 Ἦψε
1088 958 1143 1046 γάρ
1158 958 1209 1026 τόν
1222 959 1337 1045 λύχνον,
1357 964 1417 1028 καλ

259 1055 332 1148 ηύρε
352 1059 406 1144 την
427 1060 563 1147 δραχμήν.

122 1375 188 1440 Κεφ·
201 1370 248 1437 λη’·
345 1369 395 1435 Ἐκ
412 1375 511 1435 τοίνυν
528 1377 586 1434 τῶν
603 1369 658 1435 δύο
672 1368 766 1455 λόγων
782 1368 894 1435 τούτων
906 1368 928 1452 ἢ
940 1377 1028 1455 τριῶν
1042 1370 1077 1435 τά
1092 1370 1188 1436 πάντα
1205 1369 1302 1437 αύτοῖν
1315 1369 1418 1451 εύθδς

263 1473 433 1558 ἐλεγχθέντα
455 1471 718 1555 καταλειφθήσεται
741 1472 1026 1559 δραματουργήματα
1047 1475 1097 1538 καλ
1124 1471 1237 1560 άδρανῆ
1262 1476 1311 1541 καλ
1334 1477 1417 1541 ίωλα

260 1584 322 1652 τοῖς
340 1582 393 1658 τῆς
410 1575 581 1660 φρονήσεως
599 1579 678 1651 υἱοῖς
695 1578 743 1641 καί
759 1578 873 1651 τέκνοις
887 1586 950 1652 τοῖς
966 1584 1018 1659 τῆς
1031 1573 1117 1661 άγίας
1130 1584 1183 1643 τοῦ
1199 1584 1273 1643 θεοῦ
1288 1587 1416 1645 καθολι·

260 1686 314 1763 κῆς
329 1681 490 1761 ἐκκλησίας.
511 1678 577 1744 Ἵνα
590 1677 645 1765 γάρ
663 1678 704 1762 μὴ
717 1676 791 1745 κατά
803 1686 863 1744 τῶν
876 1677 974 1744 αύταῑν
989 1678 1150 1763 φερόμενος
1164 1683 1206 1756 είς
1218 1688 1314 1764 μῆκος
1325 1680 1416 1749 άπει·

261 1806 314 1867 ρον
329 1779 421 1846 έλάσω
436 1779 488 1864 τήν
506 1787 718 1868 πραγματείαν,
741 1784 796 1857 έως
810 1789 862 1865 τῆς
877 1786 1008 1848 ἐνταῦθα
1022 1778 1198 1868 ύφηγήσεως
1210 1782 1417 1867 ποιησάμενος

261 1881 314 1967 τὴν
330 1880 512 1967 ύπόμνησιν,
544 1888 593 1949 καλ
611 1887 726 1961 ἐπιθείς
741 1887 833 1970 πέρας
853 1892 889 1974 τῇ
905 1883 1031 1975 τοσαύτη
1049 1883 1146 1951 αύτοίν
1162 1891 1326 1975 μοχθηρίᾳ,
1359 1890 1416 1953 ἐπλ

260 1985 312 2065 τάς
328 1989 394 2070 έξῆς
409 1991 584 2071 βαδιοῦμαι,
607 1987 681 2053 θεόν
696 1987 925 2070 ἐπικαλούμενος
938 1985 1049 2074 όδηγόν
1066 2014 1096 2054 τε
1112 1992 1162 2055 καλ
1177 1993 1338 2074 ἐπίκουρον
1355 1996 1417 2075 τῆς

262 2088 344 2174 ἡμῶν
357 2088 512 2166 άσθενείας
527 2094 568 2167 εἰς
581 2089 613 2157 τό
626 2099 761 2174 σωθῆναι
776 2089 834 2156 άπό
847 2089 955 2172 ταύτης
965 2092 1016 2156 καλ
1027 2098 1087 2156 τῶν
1099 2094 1318 2179 προειρημένων
1331 2094 1416 2180 αίρέ-

260 2218 334 2261 σεων
357 2196 407 2260 καλ
428 2201 487 2260 τῶν
503 2202 669 2277 μελλουσῶν
685 2191 916 2259 άναδείκνυσθαι
932 2203 994 2270 τοῖς
1011 2194 1179 2281 φιλολόγοις
1198 2196 1250 2261 καλ
1266 2198 1412 2280 βουλομέ-

262 2325 325 2374 νοις
338 2296 373 2363 τά
388 2295 496 2385 άκριβῆ
512 2300 620 2363 εἰδέναι
635 2304 694 2363 τῶν
710 2299 741 2362 έν
755 2303 796 2384 τῷ
808 2296 911 2385 κόσμῳ
925 2305 1118 2380 κενοφωνιοῖν
1130 2322 1161 2363 τι
1173 2299 1225 2364 καλ
1237 2295 1414 2365 άσυστάτων

260 2400 422 2487 δογμάτων.
467 2404 524 2478 Εἰς
538 2399 664 2476 πολλούς
680 2398 735 2486 γάρ
754 2391 843 2475 ούτος
864 2397 917 2483 τόν
934 2402 1041 2466 ἑαυτοῦ
1059 2398 1261 2487 όνειροπολίαν
1277 2402 1412 2469 &montl-

261 2531 328 2589 ρας,
352 2502 520 2570 Γνωστικόν
534 2501 637 2569 έαυτόν
651 2504 788 2581 καλέσας,
811 2501 937 2579 πολλούς
951 2501 992 2581 τός
1006 2506 1098 2569 εἰπεῖν
1110 2509 1270 2590 σκορπίους
1281 2500 1324 2581 άς
1337 2508 1414 2589 μίαν

259 2604 360 2672 άλυσιν
380 2608 554 2690 συνέδησεν,
584 2604 624 2681 οἱς
645 2603 664 2689 ἡ
681 2602 792 2670 παλαιά
812 2607 861 2670 καλ
879 2604 1005 2692 ἐναργής
1021 2605 1177 2693 παραβολὴ
1193 2602 1333 2691 ύπάργει,
1362 2606 1414 2677 ότι

260 2708 363 2774 άλυσίν
378 2736 444 2774 τινα
460 2713 490 2775 ολ
503 2713 640 2795 σκορπίοι
654 2706 713 2774 άπό
732 2705 798 2783 ἑνός
812 2711 854 2784 είς
869 2706 921 2774 τόν
935 2711 1032 2794 έτερον
1047 2713 1220 2792 δεσμοῦντες
1233 2709 1291 2785 ἕως
1301 2709 1377 2775 δέκα
1390 2708 1416 2795 ἢ

259 2814 308 2877 καλ
331 2817 449 2888 πλείους
471 2809 530 2876 α’πό
553 2813 655 2897 στέγης
676 2809 847 2894 η”δοίματος
863 2810 986 2888 ἑαυτούς
1000 2819 1121 2895 χαλῶσι,
1152 2813 1204 2877 καλ
1224 2810 1321 2888 ούτως
1336 2810 1414 2895 μετά

260 2913 350 2980 δόλου
371 2915 424 2998 τόν
442 2915 536 2998 λύμην
557 2923 618 2990 τοῖς
635 2911 812 3000 άνθριόποις
828 2913 1007 3000 ἐργάζονται·
1034 2914 1129 2990 ούτως
1142 2915 1193 2979 καλ
1207 2906 1296 2992 οὗτος
1308 2917 1364 2981 καλ
1380 2918 1417 2983 ολ

261 3016 353 3083 αύτοῦ
370 3018 544 3103 καλούμενοι
563 3019 724 3084 Γνωστικολ
738 3024 790 3100 τῆς
806 3016 917 3100 πλάνης
932 3015 1087 3104 άργηγέται
1101 3015 1251 3104 γεγόνασι,
1272 3019 1325 3083 καλ
1340 3017 1415 3105 παρ’

260 3118 352 3187 αύτοῦ
368 3120 421 3198 τάς
436 3120 601 3208 προφάσεις
614 3118 809 3203 ύπειληφύτες
823 3121 921 3204 ἕτερος
936 3117 988 3201 ύφ’
1006 3121 1106 3206 έτέρου
1120 3121 1322 3204 μαθητευθεὶς
1336 3122 1416 3205 μεταλ

258 3222 310 3291 τόν
327 3224 504 3291 διδάσκαλον
522 3222 698 3310 προςθὴκην
716 3231 769 3306 τῆς
786 3220 899 3305 πλάνης
914 3222 1083 3309 εἰργάσατο,
1114 3224 1164 3289 καλ
1180 3224 1281 3307 ἐτέραν
1298 3226 1417 3311 αἳρεσιν

259 3328 429 3414 είςηγήσατο
449 3329 611 3411 Ῑέγομένην
623 3334 677 3409 τῆς
689 3327 841 3412 προτέρας.
886 3328 945 3391 Καί
962 3324 1039 3393 ούτω
1056 3325 1130 3393 κατά
1145 3325 1199 3410 τήν
1212 3325 1357 3411 διαδοχὴν
1369 3332 1417 3407 είς

258 3432 424 3518 διαφόρους
441 3434 564 3518 αἱρέσεις
581 3427 666 3511 αύτολ
683 3432 714 3493 οί
727 3430 884 3511 κληθέντες
902 3431 1064 3497 Γνωστικοὶ
1081 3432 1294 3516 ἐμερίσθησαν,
1325 3430 1416 3519 παρά

263 3532 458 3601 Ούαλεντίνου
474 3536 581 3618 μέντοι,
604 3529 644 3608 ούς
657 3534 745 3614 έφην,
766 3533 817 3597 καὶ
831 3539 890 3597 τῶν
904 3531 962 3619 πρό
979 3529 1072 3599 αύτσῦ
1087 3531 1139 3611 τάς
1153 3531 1319 3620 προφάσεις
1334 3536 1416 3620 εέλη·

259 3636 355 3715 φότες.
390 3638 494 3720 Ὅμως
510 3640 543 3703 αἱ
554 3638 764 3723 προειρημέναι
779 3632 833 3699 σύν
850 3642 886 3725 τῇ
901 3634 1010 3701 τούτου
1024 3641 1078 3702 τού
1095 3631 1290 3703 Ούαλεντίνου
1303 3642 1342 3727 τῇ
1357 3644 1418 3723 τῆς

259 3737 400 3822 άληθείας
416 3745 589 3829 διδασκαλίᾳ
604 3746 857 3821 καταπατηθεῖσαι
877 3736 930 3819 ύφ’
948 3736 1035 3822 ἡμῶν
1051 3743 1269 3826 παρείσθωσαν.
1309 3735 1419 3825 Ἡμεῖς

258 3843 291 3908 δέ
311 3841 364 3919 τάς
385 3845 451 3926 ἑξῆς
472 3848 505 3910 ἐν
525 3851 560 3933 τῇ
581 3851 635 3910 τοῦ
656 3849 732 3908 θεοῦ
755 3839 879 3924 δυνάμει
900 3838 1155 3926 διασκοπὴσωμεν.

291 4034 316 4084 2.
332 4027 403 4095 Ἰαιλ,
422 4029 457 4093 τίς
473 4029 545 4087 αύτοί
561 4051 634 4101 φασι,
651 4032 759 4087 ναίοισι.
774 4048 815 4098 ιμο
848 4034 959 4100 ρηθῆιαι
973 4037 1131 4098 reponendum
1146 4036 1269 4086 videbatur
1281 4028 1417 4093 ἀποσταυ-

258 4106 355 4152 conexi.
381 4104 447 4151 Libri
461 4106 550 4165 νυῐηαιῑ
564 4098 748 4155 λαοιπλἸαοίτ·
763 4096 814 4156 ιίσ-
848 4104 975 4169 ρωθήναι,
1001 4106 1054 4166 vel,
1080 4104 1143 4167 φιοιλ
1161 4106 1244 4154 σκαιοί
1260 4104 1315 4153 libri
1330 4110 1418 4173 πικρία

259 4166 343 4228 αὔτως
359 4166 438 4236 φασὶ,
456 4168 500 4221 καὶ
516 4175 566 4221 cett.
848 4173 958 4234 ιυοσιιιε,
975 4165 1205 4241 &mmmm

291 4236 316 4289 δ
335 4240 371 4301 cs.
383 4252 457 4301 ιυριο
470 4253 523 4301 ιαμ.
535 4237 583 4301 13,
599 4241 639 4289 ubi
649 4254 694 4302 φτο
708 4233 813 4294 ιῖιτοατι·
882 4240 942 4293 θεν.
952 4239 1141 4293 xxxv111.-
1157 4239 1179 4293 1.
1192 4235 1416 4313 Υνλμνέχομίνης.
