3046 5084
148 4578 215 4642 xm
233 4578 262 4633 ε’.

163 4672 215 4719 μς.
225 4662 270 4711 u.

301 323 362 386 698
720 334 841 387 οκαοτι
858 335 1025 387 οειιιικινιι

301 450 399 518 αῦτῦν
420 458 478 518 τῶν
494 457 618 538 γραφιῦν
639 448 837 537 εῦρεθήσεσθε
858 452 1051 538 ἐλεγχόμενοι,
1079 460 1200 541 πρῶτον
1221 457 1290 539 μέν,
1317 456 1363 525 ότι
1384 456 1448 525 κατ’

299 554 400 620 εἰκόνα
413 561 488 620 θεοῦ
503 557 636 637 ἐποίησεν
651 551 669 619 ό
681 553 754 630 θεός
768 553 819 621 τόν
832 553 1001 641 όίνθρωπον.
1029 553 1063 621 ‘0
1075 558 1108 623 δέ
1121 557 1251 641 ποιήσας
1263 562 1332 643 ἔφη,
1350 560 1444 645 Ποιή-

300 680 394 740 σωμεν
411 656 573 743 ῦίνθρωπον
593 654 654 722 κατ’
670 655 770 722 εἰκόνα
787 655 943 743 ἡμετέραν,
972 661 1023 723 καὶ
1040 657 1109 725 καθ’
1126 658 1282 743 ὁμοίωσιν·
1306 660 1347 740 νίς
1361 666 1390 729 εἴ
1402 689 1447 741 τις

300 758 359 825 όπό
383 768 434 843 τῆς
458 782 512 826 σου
528 762 750 842 πεπλανιγμίνης
770 762 906 845 αίρέσεως
922 763 1105 847 ἐπιστρέψειε
1126 762 1203 849 πρός
1220 763 1276 847 τήν
1293 762 1445 848 όλήθειαν,

301 861 340 938 τός
355 860 413 928 ἆπό
429 861 552 938 σκότους
567 859 737 944 οίποδρόσας
752 865 803 927 καί
819 860 877 929 όπό
897 862 1002 940 νυκτός
1018 862 1158 942 όναστῦς,
1180 865 1262 951 εῦροι
1280 866 1319 933 όν
1335 866 1369 934 τό
1383 876 1447 949 φῶς

300 963 378 1055 αὐτῷ
398 963 549 1030 όνατεῖλαν
565 971 617 1047 τῆς
638 972 691 1029 τοῦ
707 971 783 1029 θεοῦ
802 964 933 1049 γνιόσεως
953 963 1039 1048 ήλίου
1061 971 1160 1049 δίκην,
1182 970 1230 1033 καί
1253 965 1331 1055 ῦπίρ
1356 970 1445 1053 ἥλιον.

301 1066 464 1152 Φανήσεται
479 1066 534 1153 γδρ
551 1068 637 1130 παντί
653 1072 693 1155 τῷ
708 1065 758 1131 τόν
776 1066 893 1153 εῦλογον
908 1068 1044 1153 λογισμόν
1060 1072 1226 1161 κεκτημένῳ
1245 1070 1291 1139 ότι
1309 1070 1328 1138 ό
1345 1072 1444 1153 εἰπιίν,

300 1170 477 1253 Ποιήσωμεν
491 1168 670 1253 ῦνθρωπου,
693 1166 711 1234 ό
724 1168 796 1245 θεός
813 1173 887 1235 ἐστιν
902 1168 920 1236 ό
933 1178 990 1235 τῶν
1008 1170 1084 1237 ὅλων
1097 1173 1203 1259 πατήρ.
1247 1182 1444 1261 Συγκαλεῖται

298 1274 330 1338 δέ
351 1271 417 1355 μεθ’
441 1275 546 1336 ἐαυτοῦ
566 1269 617 1336 τόν
635 1268 678 1336 οίελ
696 1270 765 1337 όντα
781 1270 835 1336 σόν
851 1270 930 1361 αὐτῷ
945 1272 1019 1338 θεόν
1035 1273 1121 1360 λόγον
1138 1274 1204 1340 υίόν
1223 1284 1387 1363 μονογενῆ,
1417 1280 1445 1355 ἐξ

298 1372 390 1440 αῦτοῦ
407 1373 540 1457 όνόρχως
554 1376 603 1439 καί
619 1370 750 1459 οίχρόυως
764 1377 985 1459 γεγεννημένον,
1015 1376 1075 1457 ῦμα
1092 1376 1188 1442 δὲκαὶ
1204 1376 1237 1443 τό
1253 1377 1340 1465 λόγων
1354 1378 1445 1445 αῦτοῦ

298 1579 383 1655 όίλλος
404 1572 440 1661 ήν
462 1577 480 1643 ό
498 1578 610 1655 πλήσας
626 1577 677 1644 τόν
695 1578 858 1664 όνθρωπυν
873 1582 923 1645 καί
939 1578 990 1645 τόν
1003 1579 1115 1663 κόσμον
1131 1585 1246 1660 κτίσας,
1275 1582 1361 1660 ἄλλος
1376 1584 1408 1649 δί
1424 1582 1442 1650 ό

297 1681 356 1748 ῦνω
380 1679 495 1767 α’γαθός
515 1680 587 1757 θεός
608 1680 675 1767 παρ’
699 1674 735 1746 οῦ
757 1690 901 1766 κατῆλθεν
922 1680 940 1747 ό
962 1682 1105 1767 Χριστός,
1136 1681 1191 1749 οῦκ
1214 1682 1253 1749 όίν
1276 1682 1295 1751 ό
1316 1686 1442 1773 Χριστός

296 1784 454 1868 ἐλάμβανεν
469 1786 563 1874 ἑαυτῷ
579 1792 663 1867 σῶμα
679 1787 728 1848 καλ
742 1788 846 1851 ἐπλασε
862 1784 917 1869 τήν
934 1785 1034 1851 εἰκόνα
1051 1793 1103 1851 τοῦ
1117 1790 1302 1873 δημιουργοῦ
1319 1792 1363 1865 εἰς
1377 1790 1441 1855 ἐαυ-

295 1886 346 1953 τόν
363 1884 534 1965 όνατυττῦν,
566 1884 636 1951 οίλλοί
654 1890 744 1969 δῆλον
762 1886 806 1952 ότι
823 1886 913 1964 αῦτός
928 1892 1005 1953 ἐστιν
1023 1885 1042 1953 ό
1059 1888 1239 1975 δημιουργός
1254 1896 1308 1957 τοῦ
1324 1886 1440 1977 &veod-

295 2016 355 2055 που
378 1991 429 2055 καὶ
450 1996 502 2054 τοῦ
519 1988 645 2071 κόσμου,
676 1981 699 2077 ᾧ
723 1986 804 2054 εἰπεν
826 1988 970 2075 όπατήρ,
1004 1990 1181 2074 Ποιήσωμεν
1197 1991 1364 2076 ἄνθρωπον
1381 1992 1440 2059 κατ’

295 2092 394 2158 εἰκόνα
410 2090 552 2176 ἡμετέραν
569 2095 619 2156 καὶ
634 2088 703 2155 καθ’
719 2089 866 2174 όμοίωσιν.
909 2091 981 2159 Ἀπό
996 2095 1028 2159 δὲ
1043 2100 1096 2161 τοῦ
1111 2092 1177 2170 ἐνός
1194 2096 1284 2181 ἔργον
1299 2096 1440 2181 σταθήσε-

296 2223 341 2260 ται
359 2195 487 2281 φαυερός
504 2194 656 2281 γινόμενος
676 2191 693 2258 ό
709 2201 851 2277 τεχνίτης,
880 2196 925 2260 ότι
943 2189 1032 2272 οῦτός
1049 2198 1123 2262 ἐστιν
1141 2194 1239 2263 ότότε
1253 2196 1308 2265 τόν
1323 2198 1439 2287 ἅνθρω-

293 2324 351 2363 πον
370 2297 553 2381 πεποιηκός,
576 2296 689 2372 πλάσας
709 2322 738 2361 τε
760 2301 793 2363 ἐκ
811 2305 865 2382 γῆς
886 2296 918 2362 τό
937 2306 990 2363 τοῦ
1007 2296 1099 2381 Ἀδολμ
1120 2305 1221 2381 σῶμα,
1242 2302 1294 2365 καλ
1313 2301 1440 2387 ποιήσας

293 2398 364 2465 αῦτό
383 2403 424 2475 εἰς
440 2399 539 2483 ψυχήν
556 2406 657 2477 ζῶσαν.
702 2399 758 2465 Διό
776 2403 826 2465 καὶ
841 2399 1038 2485 ἐμαρτύρησεν
1060 2398 1177 2487 όῦγιος
1188 2399 1329 2487 Ἰωάννης
1349 2406 1384 2471 ἐν
1401 2412 1439 2495 τηῖ

292 2500 365 2591 όγίιμ
382 2500 535 2591 εὐαγγελίῳ
551 2504 641 2586 λέγων
658 2501 719 2580 ότι,
740 2500 790 2566 Ἐν
806 2500 879 2592 όρχῇ
897 2496 935 2584 ήν
953 2500 1087 2589 όλόγος,
1109 2506 1158 2571 καλ
1176 2500 1195 2569 ό
1211 2502 1300 2591 λόγος
1314 2498 1353 2589 ήν
1367 2504 1440 2591 πρός

291 2604 342 2670 τόν
362 2604 452 2683 θεόν,
481 2607 531 2669 καὶ
555 2604 628 2680 θεός
649 2599 686 2686 ήν
707 2602 724 2670 ό
741 2604 841 2689 λόγος,
871 2597 959 2682 οὗτος
979 2598 1017 2689 ήν
1040 2609 1071 2671 ἐν
1092 2604 1167 2695 οίρχή
1185 2604 1264 2693 πρός
1283 2606 1337 2675 τόν
1353 2608 1438 2675 θεόν·

290 2706 386 2773 πόντα
400 2705 437 2773 δι’
452 2705 542 2772 αῦτοῦ
558 2709 678 2792 ἐγίνετο,
700 2708 750 2771 καὶ
764 2710 853 2791 χωρὶς
868 2705 960 2773 αότοῦ
974 2710 1085 2793 ίγένετο
1100 2704 1171 2775 οῦδέ
1184 2712 1230 2788 ἓν,
1252 2714 1305 2777 τισί
1317 2710 1355 2777 τό
1367 2712 1438 2795 ἐξής.

288 2813 331 2874 Εἰ
346 2810 377 2875 δέ
394 2813 425 2876 ἐν
442 2808 521 2898 αὐτῷ
537 2812 663 2895 ἐγίνετο,
693 2811 744 2875 καί
761 2806 810 2873 ὑπ’
829 2807 921 2875 αῦτοῦ
939 2812 1066 2896 ἐγένετο,
1095 2808 1185 2887 αῦτός
1198 2810 1265 2879 τότε
1281 2812 1334 2881 τόν
1348 2812 1439 2897 ’Am

289 2916 403 2992 ἐπλασε,
421 2916 471 2977 καὶ
485 2910 574 2988 αῦτός
587 2911 672 2976 πόλιν
685 2911 717 2978 τό
732 2918 817 2994 στῦμα
832 2911 891 2977 ἀπό
909 2917 1029 2998 Μαρίας
1041 2920 1093 2997 τῆς
1105 2916 1262 2999 παρθένου
1276 2918 1320 2993 εἰς
1332 2914 1436 2983 ἐσντδν

290 3013 486 3092 όνεπλόσατο,
515 3017 567 3079 καὶ
589 3020 700 3089 τελείως
720 3012 774 3096 τήν
794 3022 892 3079 πᾶσαν
915 3013 1008 3081 αῦτοῦ
1028 3015 1257 3102 ἐνανδροόπησιν
1278 3016 1438 3103 συνήνυσε,

289 3117 342 3201 τήν
358 3114 406 3181 ὕπ’
422 3114 513 3182 αότοῦ
529 3115 593 3182 τότε
606 3124 805 3194 πλασθεῖσαν,
835 3118 885 3181 καί
901 3124 955 3181 νῦν
971 3120 1002 3183 ἐν
1017 3120 1111 3207 ίαοτηῦ
1127 3128 1355 3187 συνενωθεῖσαν.
1398 3122 1441 3187 Εἰ

289 3221 321 3285 δέ
340 3217 490 3303 οἷλλοτρίαν
506 3222 641 3304 ἐργασίαν
657 3223 698 3294 εἰς
715 3218 822 3283 ἑαυτόν
840 3222 924 3301 ἔλαβε
940 3228 993 3285 τοῦ
1008 3226 1108 3296 κακῶς
1123 3220 1176 3304 τήν
1190 3220 1298 3289 πλῦνον
1313 3224 1437 3291 πλόων-

287 3350 337 3399 τος
353 3325 401 3387 καί
418 3329 512 3387 κακοῦ
528 3319 711 3407 ῦπόρχοντος
727 3319 801 3385 κατό
816 3322 869 3404 τήν
885 3344 939 3387 σου
956 3326 1162 3401 διδασκαλίαν,
1192 3326 1243 3391 παλ
1261 3328 1290 3391 εἰ
1300 3324 1379 3405 ὅλως
1393 3328 1439 3395 πί-

287 3453 389 3511 χρηται
406 3434 467 3499 τοῖς
481 3433 586 3499 κακοῖς
602 3424 763 3507 ποιήμασιν
781 3421 827 3500 οίς
845 3421 863 3489 ό
880 3422 954 3489 κατό
973 3425 1006 3491 σί
1022 3424 1114 3502 κακός
1129 3424 1257 3511 ποιητής
1273 3426 1438 3515 εἰργόσιιτο,

288 3526 345 3611 όρα
363 3531 483 3613 ἐπεμίγη
505 3535 541 3616 τῇ
558 3532 646 3615 κακίᾳ
668 3533 721 3593 τοῦ
738 3534 878 3609 ποιητοῦ,
910 3526 1009 3613 χρήσει
1026 3552 1057 3593 τε
1071 3530 1123 3593 καί
1138 3526 1303 3619 εῦεργεσίγ,
1334 3534 1386 3599 ιιιιλ
1402 3538 1439 3623 τῇ

288 3634 348 3718 ἰδία
368 3628 460 3696 αὐτοῦ
482 3629 581 3695 εἰκόνι.
623 3628 693 3695 Ἀλλ’
716 3626 772 3695 οῦκ
794 3631 944 3712 ἐνδέχεται.
988 3633 1031 3694 Εἰ
1049 3628 1104 3716 γῦρ
1126 3628 1374 3719 ἐνηνθρυῦπησιν,
1402 3630 1440 3703 ον’

287 3732 379 3815 μόνον
396 3731 489 3816 σόρκα
505 3737 639 3815 εἴληφεν,
663 3730 733 3796 ῦλλοί
749 3733 797 3797 καί
813 3731 923 3815 ψυχήν.
966 3738 1065 3815 Δήλου
1083 3732 1139 3819 γὰρ
1153 3736 1234 3801 ἐσται
1249 3742 1354 3805 τοῦτο·
1376 3738 1439 3805 ln!

287 3834 383 3901 πόθεν
397 3838 499 3920 ἐλεγευ,
519 3833 671 3913 Ἐξουσίαν
687 3838 741 3917 ἐχω
756 3839 856 3918 λαβεῖν
871 3833 924 3917 τήν
937 3835 1038 3919 ψυχήν
1053 3862 1126 3919 μου,
1149 3838 1200 3903 παλ
1212 3846 1313 3905 θεῖναι
1328 3836 1437 3925 τιν’τήνς

291 3936 350 4020 Τήν
368 3945 466 4004 πᾶσαν
484 3942 584 4003 τοίνυν
601 3942 800 4025 πραγματείαν
819 3934 1044 4020 α’ναλεξόμενος,
1073 3936 1127 4023 τήν
1143 3942 1289 4025 δηλοῦσαν
1304 3938 1368 4011 ῦπό
1385 3948 1438 4011 τοῦ

286 4043 468 4125 δημιουργοῦ
484 4039 601 4121 εἰκόνα,
631 4048 729 4105 πᾶσαν
746 4045 943 4126 πραγματείαν
959 4038 1129 4121 όνεδέξατο,
1150 4044 1184 4109 ἐν
1199 4070 1239 4133 τηε
1256 4042 1372 4129 σοίματι
1387 4048 1437 4113 nd

285 4151 367 4232 ψυχή
384 4141 480 4208 ἐλθόν
495 4141 512 4208 ό
524 4142 621 4228 λόγος,
643 4145 694 4207 καὶ
708 4145 739 4209 ἐν
751 4140 869 4219 όποίοις
882 4142 993 4209 ῦπασίν
1005 4146 1080 4210 ἐστιν
1094 4140 1302 4231 όῦνθρωιτος·
1323 4148 1438 4217 mim

286 4245 318 4309 δέ
340 4244 436 4321 οῦτως
456 4247 649 4311 τελεσθέντων
667 4244 827 4323 ἐξόπαντος
841 4244 1014 4332 ήμαῦρωταί
1035 4268 1089 4313 σου
1109 4245 1143 4314 τό
1161 4251 1359 4337 δηληπβριον,
1387 4254 1438 4321 ινδ

286 4349 370 4412 ἔπεσί
385 4371 439 4412 σου
454 4345 475 4430 ή
488 4348 588 4423 στόσις
603 4346 622 4431 ή
640 4347 850 4432 όθεμελίωτος,
872 4348 913 4432 μή
928 4352 1034 4433 ἔχουσα
1049 4354 1138 4433 πῆξιν
1151 4350 1355 4438 ἐδραιυίμιιτσς
1369 4354 1435 4441 ι’λη-

285 4455 379 4526 θείας.

369 4554 412 4617 Εἰ
426 4554 523 4621 δὲκαὶ
537 4554 557 4620 δ’
572 4553 670 4637 βούλει
686 4551 919 4639 λαμβόνειςοίπό
933 4561 987 4638 τῆς
1001 4544 1234 4643 θείαςγρσφῆς,
1260 4560 1316 4629 ιιιλ
1329 4558 1352 4629 δ
1366 4558 1436 4647 βοὸ·
