3046 5084
376 356 512 408 Pauantt
528 356 591 410 Llll.
603 358 624 410 l.
639 359 721 413 Tohl.
734 361 766 412 ll.
789 361 888 413 naua.
904 363 1002 414 XXXl.
1196 353 1257 415 313

116 476 277 558 Senectus,
301 477 377 555 Ata,
399 473 599 554 Desiderinm,
621 473 752 557 Oblivio,
777 476 916 557 Somnus,
940 479 1054 565 Pugna,
1077 480 1255 567 Lysimeles,

115 578 311 658 Contumelia,
336 578 535 664 Euphronius,
561 574 718 661 Splendor,
742 575 888 643 Cunarum
904 582 1049 660 solatium,
1070 580 1179 660 Fraus,
1197 582 1258 647 lle·

116 684 257 769 dymeles,
275 681 341 746 Lis.
387 680 624 764 Aequicumque
643 680 679 743 ad
695 680 761 744 illas
778 681 889 745 lahulas
907 683 1032 747 animum
1051 684 1200 762 adiecerit,
1224 707 1259 747 ac

114 806 295 870 cognoscere
314 784 391 848 istud
409 781 552 860 voluerit3
576 782 814 866 quemadmodum
834 784 870 848 ah
890 786 1001 849 exteris
1019 807 1053 849 ac
1069 783 1259 849 Graecanicis

115 887 305 964 commentis,
329 886 406 948 undo
425 885 467 948 illi
484 886 593 948 lrustra
609 885 735 950 lanatico
751 886 832 949 velut
855 888 952 951 lurore
978 889 1011 950 ad
1030 887 1148 971 indigna
1172 908 1261 970 quac·

115 989 308 1076 dambincitati
324 999 409 1066 snut,
432 986 463 1051 in
479 987 578 1050 irritos
594 997 716 1051 conatus
729 989 975 1073 vanissimamque
992 990 1080 1054 autimi
1098 990 1261 1052 contentio·

115 1115 181 1156 nem
204 1089 377 1167 inciderint,
400 1090 487 1172 longe
508 1110 560 1153 coa
576 1085 700 1154 Graecis
722 1091 793 1174 ipsis
817 1091 928 1176 turpius
948 1094 1103 1157 aberrasse
1119 1092 1260 1177 reperiet.

200 1192 248 1256 Ah
263 1192 299 1255 iis
319 1192 480 1277 primordiis
496 1192 582 1255 altine
599 1193 763 1276 indagando
777 1193 884 1256 suhlati
909 1195 984 1258 aliud
1002 1196 1143 1279 quoddam
1166 1214 1259 1277 genus
1278 1201 1338 1270 cap.
1353 1203 1393 1252 tv.

116 1296 192 1380 quod
207 1293 399 1381 llyaterema,
423 1294 477 1358 hoc
494 1305 541 1359 est
556 1291 711 1359 Deiectum
729 1295 775 1358 vel
795 1293 968 1376 Pecuniam,
992 1308 1118 1376 vocant,
1143 1297 1259 1360 furiosis

118 1398 180 1460 suis
198 1396 324 1481 ingeniis
340 1397 489 1460 invenisse
506 1418 540 1462 ae
557 1407 742 1482 putaverunt.
790 1396 875 1463 llunc
894 1397 1049 1463 Ilclectnm
1068 1399 1140 1462 alias
1158 1396 1261 1464 Omni-

119 1509 265 1584 potentem
278 1509 364 1582 atque
380 1495 521 1583 0pihcem
536 1510 654 1578 vocant,
674 1510 901 1586 naturarumque
919 1498 1108 1566 Conditorem
1125 1523 1141 1564 a
1158 1523 1214 1585 quo
1231 1513 1262 1563 et

118 1600 309 1686 posteriorem
325 1597 493 1685 Ogdoadem
518 1612 584 1687 post
602 1612 741 1687 septenos
766 1604 853 1667 orhea
872 1605 946 1667 coeli
967 1606 1002 1668 ad
1020 1605 1125 1688 prioris
1143 1600 1261 1688 Ogdoa-

117 1705 161 1767 dia
179 1703 330 1788 exemplar
346 1704 466 1767 edictam
482 1714 633 1784 asserunt,
665 1726 728 1768 cum
744 1705 774 1768 iu
791 1702 931 1788 Ogdoade
952 1718 1107 1771 censeatur
1122 1706 1202 1791 ipse,
1227 1727 1261 1769 ac

116 1818 227 1891 septem
249 1817 315 1891 post
338 1826 372 1870 se
394 1806 467 1869 alios
486 1806 574 1870 orhea
595 1807 776 1891 produxerit.
822 1806 924 1871 Eidem
943 1808 1143 1894 Hystercmati
1165 1809 1260 1871 since-

115 1931 179 1973 rum
200 1910 300 1973 nescio
321 1930 407 1993 quem
424 1911 577 1988 Aeonem,
602 1930 636 1971 ac
652 1909 807 1973 deterioris
827 1905 918 1972 sexus
942 1922 1092 1994 expertem
1119 1921 1262 1974 conantur

117 2011 275 2096 adiungere
291 2012 339 2095 qni
355 2031 391 2075 eo
408 2011 443 2074 ad
466 2011 707 2095 complementum
725 2012 859 2088 venerit,
884 2022 916 2073 ut
930 2013 1065 2076 Animam
1084 2014 1259 2095 requircret,

117 2136 189 2200 quae
212 2135 230 2177 a
256 2111 395 2178 Materna
419 2110 570 2198 Sapientia
597 2134 638 2176 ex
661 2112 719 2175 alto
746 2113 948 2176 descenderat.
993 2112 1054 2176 lam
1076 2134 1149 2177 vcro
1176 2114 1262 2175 etiam

116 2216 280 2282 Achamoth
294 2217 362 2279 licto
380 2215 497 2278 nomine
516 2215 669 2279 commenti
682 2226 762 2292 sunt,
782 2235 866 2298 quem
881 2226 910 2278 et
926 2213 1122 2294 Salvatorem,
1141 2228 1169 2279 et
1186 2215 1263 2279 Ter-

117 2320 242 2399 minum‚
266 2329 296 2382 et
314 2315 454 2396 Crucem,
478 2326 508 2379 ct
524 2315 699 2395 Finitorem,
724 2328 753 2381 et
766 2316 1027 2397 Transductorem,
1052 2328 1082 2381 et
1099 2316 1196 2382 lesum
1214 2339 1263 2403 ap-

118 2423 242 2508 pellant,
267 2422 315 2505 qui
331 2441 383 2505 per
400 2417 525 2483 Mariam
545 2421 625 2484 volut
645 2421 744 2484 tuhum
764 2420 945 2504 fistulamqne
966 2422 1132 2505 permearit.
1178 2419 1263 2483 llunc

118 2545 185 2589 esse
203 2525 300 2588 lumen
324 2544 341 2586 a
367 2523 518 2606 superiore
536 2518 656 2587 Christo
680 2524 831 2601 dilfnsum,
864 2523 900 2585 oh
926 2524 1010 2607 idque
1029 2525 1122 2608 patrio
1146 2522 1263 2586 nominc

118 2625 234 2691 Lumen
252 2626 289 2689 oh
305 2626 375 2689 illud
394 2625 522 2689 coeleste
539 2626 700 2706 nominari,
730 2647 764 2688 ac
781 2627 817 2707 de
838 2626 989 2711 superiore
1006 2623 1126 2690 Christo
1147 2623 1264 2689 Verbo·

118 2751 174 2816 que
190 2726 340 2794 Christum
360 2729 458 2792 itidem
482 2739 511 2791 et
528 2725 676 2807 Verbum,
700 2729 752 2793 sed
770 2739 800 2791 et
814 2726 945 2792 Mentem
966 2739 1118 2814 praeterea
1139 2751 1174 2793 ac
1198 2725 1263 2793 Sal·

118 2845 250 2896 vatorem
267 2831 378 2895 vocari.
423 2829 557 2894 Eundem
579 2853 667 2915 porro
683 2828 840 2895 Parentem
858 2853 959 2912 stium,
985 2833 1038 2896 hoc
1057 2843 1103 2896 est
1122 2829 1264 2897 Condito-

118 2957 181 2999 rem
200 2933 425 3012 transcendere,
448 2934 548 3018 acqui
566 2933 621 2998 sihi
640 2934 724 2998 tidem
744 2934 868 2997 habeant
885 2936 920 2997 ad
940 2956 1073 3020 suprema
1097 2935 1145 3000 illa
1160 2933 1264 2999 Plero-

119 3038 204 3101 matis
226 3036 348 3120 collegia
372 3055 471 3101 secum
496 3037 634 3101 evehere.
681 3033 822 3121 Onugas
848 3038 997 3122 anilcsque
1023 3039 1151 3101 lahulas!
1198 3038 1263 3120 ligo

119 3160 192 3204 vero
213 3138 399 3203 nihilominus
424 3140 479 3218 eaf,
510 3138 552 3203 ati
571 3161 634 3203 sum
653 3139 815 3224 pollicitus,
841 3160 1003 3224 exponam,
1035 3151 1123 3225 utquc
1149 3142 1204 3226 ipsi
1228 3141 1264 3203 ad

118 3254 268 3329 poetarum
283 3262 318 3305 ac
336 3241 486 3327 gentilium
501 3253 666 3306 commenta
681 3242 782 3307 deliria
801 3264 853 3306 sna
868 3246 987 3328 propius
1004 3243 1262 3307 accommodarint.

80 3422 83 3426 ,
119 3344 243 3410 Praeter
257 3345 345 3423 haec,
369 3345 527 3408 secuudum
545 3343 751 3409 Tricenarium
770 3345 861 3423 illum,
886 3347 1010 3410 medium
1026 3347 1142 3409 unicum
1159 3365 1264 3407 nomeu

68 3532 71 3539 .
119 3470 153 3512 ac
174 3449 238 3512 sine
260 3448 386 3511 deminae
407 3446 557 3513 consortio
574 3446 736 3512 solitarium
756 3448 980 3533 excogitarunt3
1015 3447 1177 3511 tumeliam
1200 3468 1265 3509 rnr-

120 3573 184 3615 snm
201 3572 217 3614 a
234 3546 396 3614 Conditore
413 3551 581 3637 productam
594 3570 630 3614 ac
645 3552 765 3637 perinde
782 3553 811 3615 in
829 3551 908 3636 paria
926 3552 1066 3635 digestam
1080 3546 1262 3633 Ogdoadem.

119 3652 213 3720 Cuius
228 3653 301 3718 haec
319 3664 387 3717 sunt
401 3653 559 3717 voeabula:
585 3651 783 3740 Exepaphns,
807 3653 990 3739 Porphyris,
1016 3649 1140 3732 Clotho,
1164 3651 1264 3715 lihna-

119 3779 189 3836 cos,
214 3755 375 3835 Lachesis,
404 3755 573 3842 Epiphaon,
602 3757 749 3842 Atropos,
778 3755 948 3842 Hyperion,
973 3754 1132 3840 Asterope.
1176 3753 1264 3818 Eius-

119 3861 196 3925 modi
216 3870 366 3947 poetarum
384 3859 506 3922 istorum
523 3871 569 3923 est
585 3881 691 3939 scena,
716 3881 789 3945 quae
807 3871 836 3922 et
859 3858 931 3921 alias
948 3858 1173 3944 quamplurimas
1195 3860 1264 3921 deo·

119 3986 194 4042 rum,
218 3974 250 4027 ut
265 3973 382 4041 uocant,
406 3961 615 4047 appellationes
632 3962 774 4041 continet,
798 3960 920 4024 marium
939 3981 973 4023 ac
988 3961 1171 4040 leminarum,
1190 3983 1263 4046 quac

118 4067 204 4130 aliter
225 4065 262 4130 ah
286 4066 350 4131 aliia
376 4075 535 4150 conceptae
559 4067 594 4129 ad
611 4061 785 4132 CCCLXV
808 4063 992 4149 perveniunt.
1039 4061 1205 4146 Quinetiam
1228 4065 1263 4127 ad

118 4261 165 4306 tote
178 4256 228 4307 eod
239 4257 323 4307 Veneti.
349 4257 422 4319 Vulqo
437 4255 498 4304 entra
510 4258 574 4304 auae
586 4248 675 4307 dioru-
745 4252 784 4305 12.
803 4252 878 4320 μέσον
899 4251 944 4305 καὶ
966 4250 1103 4320 o'tq‘luaeoa
1128 4270 1175 4305 aon
1197 4257 1264 4305 hebet

117 4326 220 4383 manee
236 4323 287 4376 sal.
708 4324 759 4373 cod.
777 4327 831 4373 Van.

150 4390 176 4443 9.
201 4409 233 4445 acu
249 4390 288 4445 lou
304 4393 418 4443 eodl'em
743 4390 781 4442 13.
808 4393 856 4441 Hoc
878 4392 976 4441 murum
1000 4389 1072 4444 πάλιν
1091 4407 1139 4442 aon
1161 4395 1265 4456 opposcit

152 4458 192 4510 to.
248 4474 297 4511 aron
312 4462 380 4510 hobal
395 4463 446 4511 cod.
462 4462 516 4511 l'em
708 4461 759 4510 cod.
774 4462 848 4509 leuet.

135 4526 407 4649 δ11ἑίιινεεεεήεειε.
442 4531 516 4593 Valqo
531 4529 592 4580 enlm
608 4531 674 4579 estat
743 4525 781 4581 14.
802 4525 956 4588 callaicam.
974 4531 1024 4581 cod.
1044 4530 1097 4578 lea.

118 4598 134 4651 δ
164 4611 179 4646 τ
236 4631 243 4645 .
