3046 5084
409 383 544 435 Pattsttt
560 384 625 435 ΗΒ.
639 384 659 435 l.
674 382 757 436 ΤΟΜ.
771 383 814 437 lli.
832 383 930 434 nien.
945 383 1028 434 XLll.
1231 372 1291 434 647

231 503 335 568 llelut.
356 499 401 567 lll
415 514 446 567 ct
457 500 516 567 xl.
552 500 586 568 Si
604 502 689 567 liuius
704 502 796 568 seculi
809 503 955 589 principes
968 513 1037 566 sunt
1051 503 1149 584 multi,
1171 504 1219 588 qui
1230 504 1293 587 qui-

144 607 208 673 dcau
228 598 424 685 evacuantur,
448 626 507 669 noc
528 604 615 668 trium
636 603 758 690 amplius
775 601 1008 689 Principiorum,
1030 602 1163 683 Marcio,
1187 607 1293 690 stirpes

144 733 179 775 ac
197 709 312 773 radices
329 707 469 793 indagare
487 708 620 792 cogeris,
651 708 703 772 sed
725 706 810 771 aliam
830 705 1010 769 comminisci
1033 707 1175 787 tabulam,
1205 718 1291 792 utque

144 812 299 877 multorum
321 812 357 876 ud
375 808 588 896 Principiorum
609 821 641 874 ct
663 809 810 887 radicum,
842 821 871 872 et
893 808 1019 893 ingentis
1036 808 1155 872 alicuius
1174 820 1291 894 tragoe-

143 915 208 979 diae
224 914 441 998 inquisitionem
464 924 493 976 te
516 924 702 976 convertere.
748 907 881 996 Cumque
903 910 1003 974 nescio
1026 910 1091 994 quid
1111 911 1289 976 calumniose

142 1017 307 1093 eduxeris,
339 1015 536 1100 nequeenim
560 1015 694 1078 invenire
717 1013 827 1099 poteris
850 1013 1087 1098 quemadmodum
1113 1012 1202 1077 verba
1227 1015 1287 1094 illa,

143 1127 200 1202 Qui
211 1131 399 1193 mouentur,
432 1117 652 1196 accommodes,
685 1138 725 1181 ex
748 1116 802 1180 hoc
819 1115 883 1201 ipso
899 1120 1055 1178 evacuandi
1068 1116 1208 1181 vocabulo
1225 1129 1289 1181 ruat

141 1225 189 1289 illu
207 1242 329 1285 neccsse
344 1230 403 1299 est,
426 1241 511 1304 quam
527 1220 624 1303 lingis,
647 1217 860 1304 Principiorum
877 1219 978 1296 radix,
1004 1239 1109 1281 curcns
1125 1219 1188 1303 ipso
1203 1217 1288 1283 Prin-

141 1326 229 1412 cipio.
273 1320 418 1407 Quicquid
438 1321 514 1385 enim
531 1320 639 1385 desinit
653 1321 824 1405 aliquando,
854 1321 1061 1404 sempiternum
1080 1341 1147 1384 esse
1164 1343 1221 1385 non
1238 1345 1287 1408 po·

140 1437 216 1491 test:
240 1427 292 1491 sed
310 1427 335 1489 si
352 1425 522 1510 principium
540 1423 654 1508 aliquod
671 1424 747 1486 unde
762 1442 829 1487 csse
846 1423 941 1507 coepit
958 1422 1106 1502 habuerit,
1137 1425 1226 1488 finem
1243 1426 1288 1489 in-

140 1551 229 1617 super
250 1528 402 1593 obtinebit.
447 1523 528 1590 Fieri
551 1526 654 1614 quippo
677 1525 777 1610 nequit
799 1536 830 1588 ut
852 1525 926 1608 quod
946 1525 1116 1610 principium
1134 1526 1221 1590 habet
1237 1550 1287 1614 pe·

140 1653 231 1697 ranae
253 1630 291 1695 sit
313 1652 348 1694 nc
367 1639 549 1717 perpetuum.
595 1627 712 1712 Alioqui
731 1628 798 1712 quid
815 1628 884 1691 illud
902 1627 955 1691 sibi
973 1627 1062 1691 vellet
1078 1630 1152 1711 quod
1168 1629 1284 1711 dicitur,

138 1737 168 1799 id
189 1735 267 1820 quod
288 1745 335 1797 est
354 1733 418 1796 cius
432 1751 500 1794 esse
516 1750 650 1793 caussam
666 1730 741 1814 quod
757 1730 910 1814 aliquando
926 1751 984 1793 uon
1002 1731 1089 1794 luerit
1106 1742 1136 1794 et
1153 1752 1219 1797 esse
1237 1735 1284 1799 de-

139 1858 215 1902 mum
233 1836 383 1922 coeperit?
426 1831 552 1921 ldipsum
570 1853 658 1917 porro
674 1833 749 1916 quod
769 1843 831 1910 cst,
856 1842 939 1916 pater
956 1843 1002 1895 est
1016 1845 1046 1895 et
1064 1833 1157 1911 silius,
1182 1847 1212 1898 ει
1227 1837 1285 1921 spi-

137 1941 211 2005 ritus
228 1949 360 2002 sauctus.
405 1932 515 2001 Cctcrn
533 1936 647 2014 omnia,
680 1954 754 2018 quee
771 1934 886 1998 condita
910 1946 995 2012 sunt,
1026 1956 1083 1997 nnn
1101 1956 1167 1999 esse
1184 1938 1284 2002 dicun-

137 2055 201 2122 tur,
234 2062 307 2127 quae
327 2063 343 2104 c
361 2037 510 2124 Principio
528 2039 650 2122 quodum
671 2046 764 2100 ortum
782 2035 961 2116 habueruntq
992 2037 1068 2101 inter
1086 2059 1160 2122 quae
1176 2042 1282 2110 malum

136 2147 224 2211 ctiam
242 2145 316 2229 quod
333 2142 438 2207 dicitur
450 2141 635 2205 referendum
651 2149 708 2218 cat,
731 2139 835 2202 melum
850 2140 965 2223 inquam
981 2141 1055 2224 quod
1070 2141 1105 2203 ab
1121 2141 1283 2208 hominibus

106 2281 112 2285 ·
136 2250 194 2313 iam
209 2248 240 2311 in
253 2248 346 2310 lucem
360 2245 447 2309 editis
460 2255 602 2328 tamquam
617 2265 634 2306 n
649 2242 790 2329 principio
804 2245 944 2320 manavit,
968 2264 1032 2305 cum
1046 2254 1074 2306 et
1088 2244 1142 2328 ipsi
1155 2247 1282 2329 quaudo·

136 2372 192 2437 que
216 2371 274 2414 nun
298 2349 423 2426 tuerint,
457 2357 488 2410 et
510 2356 570 2409 tum
591 2367 657 2410 esse
679 2344 784 2409 malum
808 2344 937 2429 cooperit
960 2366 1024 2407 oum
1049 2357 1078 2409 ct
1100 2347 1201 2428 homo,
1234 2352 1282 2435 qni

134 2463 221 2519 autea
237 2474 295 2515 non
309 2462 384 2531 erat,
409 2449 550 2534 originem
565 2448 689 2533 occepit.
735 2444 836 2530 Quare
853 2447 950 2510 veniet
969 2459 1080 2533 tempus
1097 2471 1160 2513 cum
1176 2453 1281 2516 mulum

135 2557 257 2642 amplius
283 2554 436 2633 nouerit,
469 2573 533 2615 cum
551 2548 681 2636 Principi
702 2549 756 2635 ipsi
779 2548 896 2613 minime
917 2551 993 2614 istud
1018 2552 1174 2636 placuerit,
1205 2557 1279 2639 quod

133 2669 229 2724 mum
248 2679 264 2720 a
281 2655 422 2742 principio
441 2655 532 2740 ipsum
552 2655 582 2718 in
600 2654 740 2717 mulorum
757 2673 877 2717 numero
894 2663 978 2738 atque
993 2655 1094 2718 ordine
1111 2656 1278 2722 collocarat.

133 2759 229 2847 igitur
244 2781 302 2824 non
319 2757 413 2822 solum
429 2768 495 2842 post
511 2778 663 2843 corporum
682 2757 926 2820 resurrectionem
946 2757 1076 2837 desinet,
1101 2760 1153 2822 sed
1169 2759 1279 2825 iamdu-

133 2865 200 2928 dun
216 2863 253 2927 ab
268 2863 332 2948 ipsa
349 2862 422 2946 legis
438 2859 687 2946 promulgatione,
709 2858 768 2921 imo
784 2869 852 2922 aute
869 2859 962 2944 legem
978 2861 1071 2946 ipsum
1089 2861 1118 2924 iu
1134 2862 1279 2949 plerisque

132 2966 236 3044 desiit,
267 2965 316 3048 qui
341 2964 429 3027 ritum
450 2984 532 3027 suam
553 2983 594 3026 ex
616 2961 756 3025 naturalis
777 2962 850 3046 legis
870 2964 1049 3050 praescripto
1068 2974 1276 3050 temperarunt.

134 3067 193 3134 Sed
212 3068 302 3131 multo
323 3067 415 3150 magis
433 3077 497 3152 post
514 3063 624 3130 Christi
643 3065 798 3129 salvatoris
816 3065 989 3145 adventum,
1022 3088 1055 3129 nc
1073 3066 1196 3152 denique
1215 3082 1280 3155 post

131 3182 311 3236 mortuorum
334 3168 593 3233 Resurrectionem
615 3167 702 3253 longe
724 3167 751 3230 id
775 3168 946 3231 cumulatius
971 3171 1093 3233 occidet.
1138 3168 1277 3254 Quando-

134 3275 249 3359 quidem
272 3277 455 3335 Scmrircntur
476 3277 506 3334 in
528 3276 721 3352 corruptione,
753 3284 876 3351 surgunt
892 3284 983 3333 cutem
1005 3278 1034 3334 c'n
1056 3277 1273 3355 incorruptione,
1291 3294 1309 3336 1.
1321 3293 1371 3338 cor.

131 3398 186 3441 nec
207 3375 313 3439 mulum
335 3374 456 3460 amplius
481 3384 663 3460 perpetrant,
696 3394 789 3458 neque
810 3375 983 3439 moriuntur.
1028 3377 1074 3440 Ac
1096 3388 1275 3442 cessaturum
1290 3344 1365 3401 Μ’

132 3479 246 3564 quidem
262 3478 379 3541 omnino
397 3477 504 3542 malum
519 3479 619 3541 endem
634 3477 683 3540 illu
698 3476 821 3562 apostoli
836 3487 960 3541 testatur
975 3481 1086 3551 oratio:
1117 3485 1276 3562 Pmircr'pnm

130 3587 214 3644 tuine
231 3583 334 3654 seculi,
359 3585 601 3662 pot'eoccnuntm.
647 3578 698 3644 Ex
712 3600 769 3663 quo
786 3601 891 3644 renum
910 3591 986 3644 tuum
1003 3583 1071 3646 illud
1089 3584 1192 3668 dogma
1206 3605 1275 3647 con-

130 3684 218 3762 cidit,
250 3681 383 3748 Marcio!
419 3685 495 3768 quod
512 3681 899 3771 opinioucsola'oonlictum
918 3685 1060 3765 mendax,
1093 3687 1272 3767 inconstans,

127 3787 293 3871 reducique
315 3786 432 3850 minime
454 3799 682 3852 cousentaneum
705 3798 761 3851 est.

214 3887 315 3954 Soloi.
333 3886 377 3953 lV
393 3887 517 3962 ,ethlL
551 3890 698 3977 Scriptum
727 3899 773 3954 est
797 3888 890 3954 enimc
925 3895 982 3969 Qui
1001 3896 1207 3974 comprehendit
1227 3915 1273 3956 so-
1287 3913 1410 3974 capara,

125 3997 237 4075 pientes
249 3997 279 4054 ιιι
292 3997 398 4055 &tunc
412 4016 516 4057 eorum.
564 3993 602 4059 Et
618 3997 740 4061 iterum:
763 3999 897 4056 omnus
909 4000 989 4057 nouit
998 4002 1170 4078 cognitiones
1184 3999 1272 4060 dorni·
1284 4018 1341 4064 intd.
1352 4022 1384 4067 tt.

127 4119 209 4173 narn,
232 4101 299 4178 puris
319 4117 408 4160 nance
427 4111 502 4160 sunt.

212 4197 315 4263 Relut.
335 4196 380 4264 lV
402 4211 432 4264 ει
452 4197 526 4265 Xll.
561 4198 641 4265 lstud
666 4202 777 4287 ipsum:
809 4204 951 4282 Scriptum
976 4216 1019 4265 est
1043 4215 1096 4266 etc.
1130 4206 1165 4270 ud
1189 4227 1270 4272 usum

127 4439 177 4492 qua
196 4420 317 4490 placuerit
337 4421 375 4474 illi
396 4422 463 4505 quod
488 4432 542 4485 ast,
568 4421 683 4492 quodque
731 4418 776 4504 ,⁵⁰
797 4423 863 4504 latri
885 4428 955 4490 culpo
977 4426 1127 4495 κικτημένα.
1166 4430 1271 4499 „aqut

128 4508 212 4542 causca
229 4491 323 4543 factm
334 4501 374 4543 cst
384 4509 436 4542 crus
452 4497 501 4543 cett.
534 4495 609 4556 thuc
626 4495 684 4544 Ger-
718 4493 784 4542 utu“
798 4496 865 4541 vtrtd
881 4495 1015 4548 Conscius.

126 4562 210 4680 m
223 4564 418 4625 aquenum
433 4562 495 4612 dunc
509 4563 584 4613 tcum
598 4562 684 4612 totrtte-
752 4557 777 4612 6.
795 4552 855 4612 ὄντα
866 4562 916 4612 cod.
929 4566 1002 4615 totto.
1017 4558 1131 4634 cippum
1144 4570 1270 4624 ιΐεειεαιιι.
