3046 5084
330 362 466 416 essenti
483 363 545 417 ΗΒ.
556 365 578 417 l.
593 365 675 422 ΤΟΜ.
687 365 732 417 111.
748 365 847 416 nasu.
857 366 949 418 xntv.
1148 355 1205 418 701

67 483 145 562 cias,
175 484 260 568 plane
276 483 400 548 indicem
419 483 576 568 telegoni,
600 505 659 548 non
675 484 881 569 interpretem,
911 485 999 564 lacis,
1030 506 1064 549 ac
1082 484 1210 549 delecto-

66 607 127 649 rem
145 586 272 650 omnium
290 607 365 670 quae
381 607 421 650 ex
439 585 527 651 aninri
545 587 585 651 tui
600 586 745 651 sententia
765 586 882 650 minime
898 587 1005 673 scripta
1020 597 1105 666 sunt3
1136 606 1210 671 qnae

67 686 123 752 etsi
138 688 293 753 verissima
308 689 383 768 sint,
407 689 480 752 ialso
498 710 516 753 a
532 699 561 753 te
579 689 765 754 nihilominus
783 699 1009 769 commutantur,
1034 699 1064 752 ct
1080 689 1115 752 ad
1129 699 1207 752 tuum

67 812 101 854 ac
118 801 232 854 tuorum
252 812 382 855 errorem
400 793 666 856 accommodantur.
711 790 797 876 Quod
816 793 841 856 si
861 792 951 856 malus
968 790 1082 876 qnidam
1101 791 1210 855 artifex

64 894 204 958 interiora
222 893 306 972 laec,
330 915 363 957 ac
380 895 515 974 mnndum
530 895 604 958 adeo
619 895 707 959 istum
723 895 840 958 uolnus
857 905 912 974 est,
937 916 990 958 cur
1005 915 1021 958 a
1037 895 1113 958 bono
1127 905 1209 979 patre

65 997 172 1059 missus
195 996 250 1059 hnc
265 988 319 1059 *itte
340 997 507 1073 descendit?
550 993 584 1061 Si
607 1007 638 1060 ιιι
657 997 803 1061 hominum
821 1017 914 1082 genus
931 997 1074 1083 eriperet,
1107 996 1208 1060 lacrum

66 1098 177 1162 scilicet
194 1108 337 1183 tamqnam
354 1121 473 1162 snorum
489 1120 589 1163 curam
603 1099 744 1186 suscepit,
765 1121 818 1163 nec
835 1099 909 1163 alius
924 1100 979 1163 iarn
997 1100 1129 1164 conditor
1143 1119 1208 1162 csse

65 1203 209 1286 putandus
228 1213 284 1266 εει.
329 1199 384 1266 Sin
401 1201 513 1265 alienos
530 1202 660 1282 curavit,
690 1222 781 1287 enque
798 1223 872 1287 quae
892 1202 961 1266 nihil
979 1203 1014 1265 ad
1033 1223 1065 1266 se
1083 1203 1209 1287 pertine·
1281 1281 1287 1294 .
1306 1203 1310 1212 '

66 1304 137 1367 tanc
153 1325 294 1389 usurpare
313 1325 347 1367 ac
363 1325 484 1369 servare
500 1304 609 1384 voluit,
642 1314 692 1368 ant
707 1305 885 1368 adulatorem
903 1304 997 1369 luisse
1009 1325 1131 1369 neccsse
1150 1315 1206 1384 est,

66 1407 113 1492 qui
130 1407 233 1470 alienis
249 1406 426 1485 adbaeserit,
444 1416 494 1470 aut
509 1408 620 1492 gloriae
634 1407 779 1494 cupidum,
803 1408 850 1491 qni
867 1419 896 1471 nt
910 1408 1061 1471 conditore
1078 1429 1110 1472 se
1125 1428 1209 1494 prae-

66 1510 235 1573 stantiorem
254 1511 438 1590 ostenderet,
463 1529 531 1595 prae
551 1509 671 1590 alionis,
694 1531 769 1595 qnae
790 1531 910 1574 servare
928 1510 1110 1591 instituerat,
1141 1532 1209 1575 suo·

65 1632 129 1675 rnnr
146 1611 262 1676 minime
279 1612 423 1676 desiderio
441 1623 609 1693 tencretnr3
638 1634 678 1676 ex
694 1634 751 1698 qno
770 1633 858 1677 verus
874 1635 909 1676 ac
925 1612 1057 1677 sincerus
1075 1633 1141 1677 esse
1159 1613 1209 1677 de-

66 1715 153 1778 sinet.
200 1711 260 1778 Sed
281 1735 376 1800 neque
399 1714 597 1778 moderatione
620 1714 707 1779 animi
728 1716 892 1800 praeditus,
926 1714 973 1800 qui
997 1737 1060 1779 curn
1081 1726 1208 1779 creatam

64 1837 127 1880 rem
145 1815 250 1881 nullam
268 1817 411 1902 propriam
430 1816 553 1895 habeat,
583 1817 676 1881 aliena
694 1818 874 1904 concupiscit
890 1827 921 1881 et
937 1817 1131 1881 intervertere
1148 1828 1209 1882 stn-

67 1921 130 1998 det,
156 1919 210 1983 lroc
225 1930 272 1983 εει
288 1918 417 1997 animas,
448 1940 522 2004 quoe
541 1918 611 1983 nilril
626 1920 661 1983 ad
676 1911 713 1984 ιε’
725 1921 773 1984 vel
787 1930 936 2006 parentem
952 1941 1035 1983 snum
1052 1920 1207 2005 pertinent,

67 2023 229 2086 contraius
246 2024 348 2106 lasque
362 2021 523 2086 vindicare.
569 2019 653 2105 Quod
670 2022 696 2086 si
710 2023 843 2109 propriae
860 2033 927 2086 sunt
942 2022 1005 2086 eins
1019 2022 1144 2103 animae,
1167 2034 1210 2086 at·

66 2147 122 2210 qne
139 2146 155 2188 ε
172 2125 254 2188 coelo
270 2124 404 2210 delapsae
422 2125 575 2204 videntur,
606 2145 789 2211 consequens
805 2136 852 2189 εει
867 2147 917 2190 eas
933 2146 948 2187 a
967 2146 1103 2210 supremo
1118 2125 1209 2189 bono·

66 2249 121 2312 qne
139 2227 193 2291 deo
211 2227 331 2305 missas,
356 2237 386 2290 ct
403 2229 433 2291 in
450 2227 556 2291 bonum
573 2227 707 2291 mnndum
723 2227 902 2291 introductas
917 2227 1019 2291 luisse.
1064 2228 1162 2314 Atque
1179 2239 1228 2308 ιιιΙ

65 2328 171 2394 missas
194 2329 258 2393 illas
279 2331 314 2394 ad
336 2350 419 2394 nsum
441 2329 565 2415 aliquem
590 2331 718 2410 fateare,
749 2351 833 2414 quem
854 2339 914 2394 tute
934 2330 1130 2410 confinxeris,
1162 2331 1210 2395 nbi

66 2443 162 2498 autem
179 2432 330 2516 ingressae
347 2443 416 2496 sunt
430 2432 567 2496 aliorsum
585 2432 753 2511 deflexisse,
778 2444 857 2518 puta,
880 2444 912 2496 nt
927 2434 1002 2496 iuste
1018 2432 1123 2518 aliquid
1140 2455 1209 2518 age·

49 2535 311 2620 ,rentimmissam
334 2534 454 2598 sceleris
472 2534 613 2620 quippiam
631 2545 831 2621 perpetrasse,
855 2535 902 2620 qui
919 2557 968 2599 eas
985 2535 1121 2619 allegavit
1139 2536 1209 2605 nilril

67 2635 184 2700 omnino
206 2636 387 2723 praevidisse
408 2637 576 2714 videbatur,
605 2658 669 2701 cum
692 2637 811 2702 alterius
830 2637 871 2701 rei
888 2639 981 2722 gratia
995 2638 1125 2718 miserit,
1156 2658 1208 2702 cae

66 2760 138 2803 vero
154 2740 300 2805 contraria
319 2740 414 2804 omnia
433 2741 641 2826 praestiterint.
687 2738 742 2805 Sin
761 2761 796 2804 eo
819 2740 989 2824 confugias,
1021 2750 1053 2804 ut
1070 2740 1147 2804 illins
1164 2741 1208 2804 in·

65 2841 149 2906 iussn
163 2864 197 2906 nc
212 2844 337 2929 raptoris
352 2843 504 2928 tyrannide
519 2854 635 2908 coactas
650 2843 767 2907 venisse
783 2843 969 2927 pronunties,
993 2843 1076 2928 plane
1093 2855 1208 2908 creatus

65 2945 114 3009 ille
137 2943 256 3009 aBono
275 2947 330 3009 deo
347 2943 444 3010 Malus
462 2947 570 3010 artilex
588 2944 673 3010 Bono
694 2947 759 3031 ipso
775 2946 830 3010 dco
848 2947 951 3010 lortior
967 2946 1131 3010 censendus
1151 2957 1206 3026 cst,

66 3049 114 3133 qni
133 3069 206 3133 qnae
228 3050 262 3112 ad
281 3048 360 3112 illurn
377 3047 559 3134 pertinebant
575 3049 719 3112 violenter
733 3059 831 3134 crepta
855 3051 890 3112 ad
908 3070 978 3113 usus
997 3070 1066 3113 suos
1082 3059 1209 3113 transtu-

65 3150 109 3213 lit.
155 3149 265 3215 Verum
283 3172 379 3214 nonne
403 3162 431 3214 ιε
453 3172 514 3215 vox
531 3152 592 3237 ipsa
611 3150 766 3214 salvatoris
783 3151 934 3216 evidenter
950 3152 1096 3236 coarguit:
1126 3157 1207 3214 Pote-

64 3264 161 3316 stntem
179 3257 265 3315 doleo
275 3258 400 3335 ponendi
413 3258 531 3315 unimam
548 3275 650 3327 meum,
674 3265 702 3314 et
716 3258 845 3315 sumendi
857 3257 956 3315 illum?
983 3255 1064 3338 quasi
1082 3255 1205 3316 animam

64 3355 112 3419 ille
131 3357 303 3442 sumpserit,
328 3377 362 3419 ac
380 3356 523 3441 posuerit,
548 3356 699 3440 denuoque
717 3356 877 3440 receperit,
902 3366 933 3419 ut
952 3378 1009 3420 non
1027 3356 1121 3419 alicua
1140 3377 1206 3420 esse

66 3459 160 3522 anima
178 3469 228 3522 ant
243 3458 326 3522 alteri
343 3458 439 3544 opilici
455 3459 605 3522 tribuenda
619 3457 762 3522 videatur.
807 3455 879 3521 lllnd
894 3458 980 3522 etiam
996 3458 1137 3542 seqnitur,
1156 3459 1207 3522 bo·

66 3583 133 3624 num
148 3561 215 3624 illud
231 3561 364 3625 habuisse
379 3582 495 3647 corpus.
530 3558 636 3645 Neque
650 3560 726 3625 enirn
742 3560 910 3647 persuaderi
926 3561 1002 3625 bono
1016 3561 1140 3646 cuipiam
1156 3582 1206 3647 po·

65 3673 140 3742 test,
173 3664 278 3727 malum
300 3674 332 3728 ut
349 3685 421 3750 opus
443 3665 478 3727 ad
496 3683 579 3727 nsum
596 3662 745 3742 adhibeat,
777 3683 813 3726 ne
829 3664 894 3727 dnm
912 3664 978 3727 mali
1001 3663 1034 3726 lit
1049 3664 1203 3749 particeps,

65 3756 258 3851 improbitatis
274 3788 309 3830 ac
325 3765 470 3851 nequitiae
484 3765 657 3851 contagione
672 3765 826 3852 polluatur.
868 3763 928 3830 lam
942 3786 1025 3845 varo,
1046 3766 1071 3829 si
1085 3766 1206 3851 ipsemet

66 3890 170 3955 corpus
188 3869 329 3933 excitavit
343 3890 443 3948 surrm,
476 3869 548 3932 cedo
565 3868 632 3954 quid
649 3856 684 3933 eo
700 3878 766 3954 post
783 3868 1027 3932 resurrectionem
1044 3870 1140 3933 lacere
1157 3870 1205 3932 dc·

66 3973 218 4036 crevcratl
246 3982 295 4035 aut
315 3993 367 4036 cur
387 3971 491 4035 iterum
514 3970 583 4036 illud
606 3971 738 4056 reliquit,
769 3981 854 4056 atquc
875 3972 903 4035 in
923 3982 1046 4056 quatuor
1063 3971 1206 4035 clementa

65 4075 187 4159 partitus
202 4085 263 4151 cst,
288 4075 360 4137 adeo
375 4084 406 4137 nt
419 4073 541 4138 calidum
557 4073 665 4152 calido,
691 4068 795 4159 lri‘qido
813 4074 965 4157 trigidum,
989 4075 1068 4139 sicco
1082 4073 1204 4153 siccum,

65 4175 210 4239 humidum
227 4175 342 4239 lrumido
358 4176 546 4241 restitueret?
587 4173 664 4241 Nam
680 4176 704 4240 si
723 4176 792 4240 illud
809 4176 957 4240 excitabat
972 4175 1039 4239 ideo
1053 4185 1086 4239 nt
1100 4176 1204 4240 iterum

66 4277 257 4357 dissolveret,
287 4298 339 4364 per
355 4279 450 4344 ludum
469 4279 524 4344 laoc
540 4278 663 4360 iecisse,
687 4301 744 4344 non
762 4279 841 4344 serio
856 4300 890 4344 ac
904 4278 980 4344 boue
998 4278 1071 4358 srdc,
1095 4278 1205 4343 videbi-

66 4389 124 4442 tur.
169 4377 329 4444 Euimvero
349 4381 482 4448 dominns
501 4378 585 4447 lesus
604 4377 739 4448 Christus
755 4381 878 4468 idipsum
899 4382 1056 4462 excitavit,
1088 4402 1203 4467 corpus,

66 4480 193 4564 inquam,
216 4482 323 4572 ipsum,
345 4485 420 4570 quod
436 4486 576 4550 formarat
588 4483 644 4550 sibi
658 4504 715 4550 une
729 4507 794 4551 cnrn
812 4485 906 4550 anima
924 4486 1086 4571 ceterisque
1102 4483 1205 4571 quibus
