3046 5084
370 335 505 389 ananau
522 336 585 388 cro.
599 338 619 389 r.
635 336 716 390 rona.
730 340 759 389 u.
786 339 884 390 ussa.
901 341 1010 391 xxvn
1203 328 1263 391 209

118 459 270 537 &nmen
285 469 343 530 ert,
368 457 396 519 id
414 454 491 539 quod
507 451 617 518 Paulus
632 456 781 539 apostolus
800 458 929 521 tradidit.
973 455 1261 546 Siquidempropter

116 558 307 622 abominanda
321 558 453 644 ipsorum
469 557 556 634 facta,
578 576 694 619 merces
708 556 765 618 illis
782 569 978 622 consentanea
997 558 1145 622 reddetur.
1180 560 1260 624 Nom

115 682 179 723 cum
196 660 323 724 animum
340 680 425 722 suum
441 657 503 742 rapi
518 656 646 720 libidinis
660 657 769 741 impetu
785 677 819 718 ac
835 659 934 720 furore
950 659 1147 742 permiserint,
1171 662 1199 724 in
1216 663 1259 724 in·

114 763 194 827 linita
211 783 279 827 sese
297 760 477 843 voluptatum
495 778 605 840 genera
621 757 795 843 praecipites
813 760 1005 821 committunt.
1051 758 1095 821 lta
1110 762 1186 823 enirn
1203 763 1260 824 dis·

114 875 232 948 putant,
257 882 331 946 quae
353 860 389 922 ab
415 860 578 923 bominibus
597 860 670 922 mala
689 859 869 937 iudicantur,
894 880 926 922 ea
945 859 1060 923 minime
1083 863 1157 925 mala
1180 884 1258 941 esse,

114 967 165 1029 sed
183 965 308 1027 honesta
324 973 439 1025 aratura.
471 959 553 1024 Nibil
567 961 643 1024 euim
661 971 762 1024 natura
780 961 957 1039 malumst,
978 964 1029 1025 sed
1046 963 1082 1026 ab
1098 963 1260 1028 bominibus

114 1067 257 1129 duntaxat
274 1084 363 1146 prava
380 1073 545 1126 censentur.
591 1059 677 1144 Quae
693 1063 718 1124 si
735 1062 799 1146 quis
814 1063 909 1124 omnia
926 1063 954 1124 in
971 1063 1023 1125 bac
1040 1085 1097 1127 una
1114 1067 1260 1148 praesenti

113 1168 175 1231 vita
189 1166 356 1251 perfecerit,
381 1165 443 1228 eius
458 1165 552 1227 anima
567 1184 624 1226 oon
639 1164 762 1249 amplius
777 1165 806 1225 in
821 1164 877 1227 alia
894 1185 1016 1248 corpora
1034 1167 1256 1245 transfunditur,

114 1280 147 1331 ut
163 1267 193 1330 in
209 1266 283 1328 hauc
297 1267 390 1329 lucem
411 1267 505 1329 denno
525 1275 711 1349 procreetur,
735 1266 787 1328 sed
806 1265 882 1327 omni
902 1265 1046 1328 actionum
1066 1288 1174 1350 genere
1192 1290 1257 1352 per·

115 1372 210 1433 iuncta
225 1367 313 1430 libera
329 1378 414 1450 atque
430 1367 565 1430 immunis
582 1367 731 1446 abscedet,
753 1389 817 1430 cum
833 1367 938 1430 nullius
954 1368 1047 1430 adbuc
1062 1369 1090 1430 in
1105 1369 1158 1432 boo
1173 1392 1255 1433 mun·

114 1471 151 1533 do
176 1470 271 1532 debito
291 1468 414 1531 actionis
434 1468 589 1550 obligetur.
636 1465 806 1533 Cuiusmodi
827 1490 899 1531 vero
922 1470 1066 1532 actionem
1094 1471 1257 1553 intelligant

114 1592 226 1635 rursum
242 1571 389 1655 explicare
410 1590 534 1648 vereor,
559 1591 597 1632 ue
614 1571 694 1633 velut
712 1582 842 1655 opertum
859 1591 999 1648 coenum,
1024 1573 1063 1633 ita
1082 1574 1255 1654 graveolen-

115 1683 170 1735 tem
188 1672 262 1734 banc
280 1671 406 1734 cloacam
431 1671 576 1756 aperiam,
600 1692 635 1733 ac
655 1675 812 1756 pestiferae
835 1674 982 1735 cuiusdam
1003 1673 1197 1737 exhalationis
1219 1696 1254 1738 ac

115 1773 236 1836 foetoris
252 1773 436 1835 occasionem
453 1771 623 1855 quibusdam
638 1771 740 1834 videar
754 1773 934 1856 praebuisse.
981 1771 1039 1838 Sed
1056 1777 1252 1855 nibilominus,

112 1895 177 1936 cam
194 1895 241 1937 me
260 1873 372 1937 veritas
388 1873 450 1958 ipsa
467 1873 675 1955 quodammodo
696 1884 797 1955 cogat,
822 1884 853 1934 ut
870 1875 923 1936 boc
944 1895 1046 1937 errore
1063 1877 1253 1943 laborantium

112 1977 258 2038 bominum
277 1995 383 2037 arcana
402 1975 590 2059 patelaciam,
612 1994 676 2035 eam
693 1973 761 2035 mibi
778 1973 978 2036 nenessitatem
994 1976 1155 2059 imponam,
1179 1993 1211 2042 ut
1226 1993 1256 2043 et

111 2077 327 2141 honestioribus
343 2098 377 2139 ea
393 2075 491 2139 verbis
510 2095 657 2152 enarrem,
681 2084 741 2136 eta
759 2075 802 2135 rei
818 2075 939 2136 veritate
956 2096 1133 2158 nequaqnam
1152 2080 1255 2143 abbor-

110 2199 201 2242 ream.
248 2176 326 2261 Quid
342 2179 432 2261 igitur
448 2178 495 2240 isti
513 2176 589 2239 aliud
607 2187 724 2259 praeter
737 2176 932 2239 execrandum
948 2176 1017 2237 illud
1035 2197 1069 2238 ac
1086 2179 1256 2244 detestabile

110 2279 249 2362 flagitium
267 2280 461 2356 committunt,
485 2279 560 2361 quod
577 2297 614 2339 ne
632 2297 767 2340 sermone
785 2277 899 2359 quidem
917 2277 1082 2360 exprimere
1097 2279 1176 2359 licet,
1201 2282 1254 2344 boe

109 2392 155 2444 est
177 2392 396 2467 praeposteram
421 2378 542 2442 marium
565 2379 819 2455 consuetudinem,
845 2388 894 2440 aut
915 2378 1167 2444 libidinosissimos
1190 2404 1254 2446 cum

111 2483 226 2546 leminis
246 2481 375 2566 qualibet
390 2481 521 2565 eorporis
539 2492 620 2564 parte
638 2480 824 2557 concubitus,
850 2491 908 2542 tum
926 2481 1055 2565 magicas
1073 2481 1192 2567 insuper
1207 2506 1255 2548 ar-

110 2594 154 2647 tes
174 2607 208 2648 ac
226 2584 387 2663 veneficia,
411 2583 609 2667 idolorumque
631 2583 736 2645 cultus.
781 2581 878 2665 Atque
904 2583 978 2647 banc
1003 2582 1253 2649 dissolvendarum

109 2687 240 2770 corporis
264 2685 425 2748 debitorum
447 2687 588 2748 rationem
615 2704 681 2746 esse
701 2683 888 2759 confirmant,
913 2706 949 2747 ne
972 2686 1107 2770 appellari
1131 2689 1252 2771 amplius

109 2789 239 2872 possint,
263 2798 312 2850 aut
333 2787 369 2849 ab
390 2785 426 2850 iis
448 2786 519 2871 ipsis
543 2808 614 2871 opus
637 2785 751 2868 aliquod
770 2796 936 2869 repetatur,
961 2807 1053 2870 eoque
1077 2789 1160 2852 modo
1183 2789 1252 2853 illud

109 2889 253 2966 obtineri,
274 2899 359 2951 utne
377 2900 564 2973 posteaquam
581 2888 648 2950 binc
665 2887 828 2950 excesserit
846 2888 941 2950 anima
961 2891 1056 2953 dertuo
1073 2902 1249 2971 revertatur,

110 3001 140 3052 et
155 2990 191 3051 ad
206 2989 271 3051 illos
287 2989 379 3053 aliena
396 2991 424 3052 iu
444 3011 568 3075 corpora
584 2989 724 3052 transitus
740 3009 773 3050 ao
790 2987 977 3071 migrationes
994 3011 1061 3054 sese
1078 2994 1197 3054 celerat.

193 3087 343 3153 Eiusmodi
361 3092 437 3153 enim
458 3093 571 3155 illorum
584 3099 776 3152 monumenta
795 3100 879 3164 sunt,
905 3101 936 3152 ut
950 3093 974 3153 si
990 3094 1053 3175 quis
1075 3114 1109 3155 ea
1132 3093 1249 3178 sapiens
1268 3102 1327 3171 cap.
1345 3106 1374 3154 v.

107 3190 224 3276 legerit,
245 3191 433 3255 vehementer
446 3193 642 3275 obstupescat,
662 3193 771 3274 vixque
787 3191 824 3253 ab
838 3191 999 3255 bominibus
1014 3195 1076 3256 lieri
1094 3195 1148 3258 ista
1164 3216 1251 3279 posse

105 3295 162 3357 sibi
179 3293 370 3380 persuadeat,
394 3315 452 3356 non
469 3294 554 3356 modo
575 3293 613 3355 iis
634 3293 726 3356 nostri
745 3294 863 3376 generis
880 3294 1059 3373 bominibus,
1084 3297 1180 3378 quiin
1203 3317 1250 3359 re-

106 3397 220 3480 publica
238 3405 412 3472 versantur,
437 3394 589 3458 sedetiam
612 3394 649 3457 iis
665 3394 713 3478 qui
730 3396 759 3456 in
776 3395 871 3456 medio
888 3397 1014 3459 ferarum
1037 3397 1192 3458 earundem
1215 3418 1248 3460 ac

106 3499 246 3583 pecudum
263 3497 374 3561 similes
390 3498 514 3580 degunt,
539 3496 644 3580 quique
660 3518 724 3558 eum
744 3497 863 3560 canibus
879 3519 914 3559 ac
930 3497 1030 3561 suibus
1048 3497 1127 3580 paria
1146 3517 1249 3583 prope-

105 3599 222 3662 modum
244 3609 421 3684 perpetraut.
466 3596 616 3682 Siquidem
638 3598 766 3684 experiri
791 3598 887 3661 omnnia
910 3609 1045 3682 oportere
1067 3597 1181 3677 dicunt,
1210 3622 1247 3665 ne

106 3720 247 3784 egressae
263 3702 350 3765 istinc
369 3700 499 3777 animae,
522 3721 611 3785 opere
628 3701 722 3785 aliquo
739 3700 963 3783 praetermisso,
989 3698 1024 3760 ob
1043 3699 1072 3761 id
1094 3720 1194 3765 rursus
1216 3704 1245 3766 in

102 3823 228 3887 corpora
253 3802 492 3887 compingandum
517 3804 678 3887 perficiant.
723 3800 789 3863 lloc
809 3821 879 3862 vero
898 3803 989 3884 ipsum
1011 3821 1094 3879 esse,
1118 3806 1192 3885 quod
1214 3806 1243 3869 iu

104 3903 257 3986 evangelio
281 3902 364 3967 lesus
390 3904 443 3966 bae
467 3904 604 3988 parabola
628 3904 790 3988 significat:
824 3906 912 3974 Esto,
937 3901 1046 3984 inquit,
1069 3912 1241 3968 consentiens
1265 3917 1349 4012 ⁵2²2?

100 4009 264 4068 cdmwrb
278 4018 341 4081 tuo,
365 4011 431 4067 dum
446 4010 537 4067 adduc
552 4029 584 4068 es
600 4012 629 4068 r'n
644 4012 689 4067 vrb
705 4027 767 4066 cunr
784 4008 860 4082 apso,
885 4015 915 4063 et
925 4007 961 4064 dc
981 4026 1090 4084 operum
1108 4020 1142 4067 ut
1157 4010 1193 4068 ub
1210 4031 1242 4068 eo
1290 4001 1296 4023 '
1335 4001 1341 4013 ’

102 4109 247 4183 ludnerth,
271 4132 307 4171 ne
322 4111 400 4190 sorte
417 4111 748 4169 montembarrum
764 4110 866 4178 andrai,
890 4118 921 4166 et
939 4110 1025 4168 abdce
1038 4113 1134 4169 nudat
1149 4121 1175 4169 te
1190 4114 1241 4170 rni-

101 4215 208 4285 nr'stro,
232 4222 262 4272 et
275 4216 402 4273 mensales
416 4214 446 4270 in
462 4230 603 4270 ceremon
619 4221 646 4270 te
658 4213 760 4269 multat.
805 4213 906 4282 Amen,
931 4230 1009 4270 amen
1022 4215 1084 4272 dieo
1102 4214 1161 4283 tibr‘,
1186 4233 1241 4272 non

100 4315 179 4371 exter
194 4316 274 4387 ande,
299 4317 385 4375 donec
398 4315 500 4373 reddas
515 4314 692 4372 nerduinum
707 4312 898 4390 quadrantem.
946 4308 1001 4375 cui
1018 4314 1132 4396 quidem
1151 4313 1242 4375 iuter·

137 4477 238 4532 cmv.
254 4508 289 4521 -
314 4479 336 4532 l.
353 4479 463 4535 ἐπίλυσιν
478 4481 587 4544 νισοήρεί
601 4480 658 4529 Gor·
689 4493 760 4542 quun
783 4482 876 4542 firmare
897 4485 989 4534 uidetru
1012 4483 1062 4532 cod.
1082 4483 1194 4546 Itlredr'p„
1216 4487 1242 4532 to

102 4549 169 4598 unni
192 4551 214 4598 et
234 4549 327 4601 Petentt
351 4552 531 4601 montonem
558 4551 656 4610 amem,
688 4562 734 4610 quo
747 4549 830 4609 leqttnr
844 4547 921 4602 tune.
950 4553 1023 4614 l'ntpo
1038 4554 1101 4599 estut
1115 4547 1239 4615 ἐπίληψιν.

154 4627 242 4685 corpur
256 4629 388 4673 llaercseel.
402 4630 430 4675 il.
1001 4640 1039 4699 14
