3046 5084
399 330 533 384 ransart
550 330 614 384 ιιι
625 330 646 383 t.
660 332 743 386 nunt.
756 333 788 386 rt.
804 332 904 388 nasu
913 331 1010 385 xxvi.
1215 326 1270 388 rur

129 448 321 534 pitacnlnrum
336 449 463 536 strepitu
483 448 510 513 is
524 448 575 532 qui
591 449 767 515 armatum
782 452 947 516 admonitus
966 472 1034 516 sese
1056 454 1185 518 emedio
1205 458 1275 521 sub-

129 551 273 630 traheret,
297 571 336 615 ne
349 572 416 614 curu
433 551 515 613 larua
529 549 577 612 illa
594 570 629 612 ac
646 550 724 634 turpi
739 551 833 633 effigie
851 552 1127 636 deprehenderetur.
1173 554 1274 621 Enim-

127 672 200 716 uero
216 653 352 717 stolidum
368 652 439 714 illud
454 651 693 714 stultissimorum
707 651 853 713 homiuum
870 665 1063 716 commentum
1080 674 1144 721 curu
1157 657 1193 718 ad
1206 678 1276 720 oon-

128 753 302 818 uiuccndnm
321 752 461 837 perfacile
476 762 535 828 est,
558 763 620 815 tum
637 750 698 815 risu
715 771 750 814 ao
765 751 888 814 ludibrio
906 752 1035 834 digitum.
1078 752 1197 817 Etenim
1213 759 1276 820 sive

127 855 154 920 ir
172 867 238 921 crat
253 855 390 931 omniuo,
414 853 461 915 coi
478 854 550 916 haec
566 873 650 916 sacru
666 852 822 929 faciehant,
846 853 1044 937 aspectabilis,
1069 855 1208 918 occultari
1225 857 1278 920 mi·

129 955 207 1019 nime
228 964 361 1040 poteret:
385 953 450 1016 sive
464 954 604 1017 occultari
623 954 738 1039 penitus
756 965 886 1037 poterat,
910 975 969 1016 nou
987 955 1045 1016 iam
1063 966 1127 1018 erat
1145 968 1277 1040 aspecta·

128 1057 207 1121 bilis.
254 1054 342 1137 Quod
363 1054 431 1119 item
448 1056 506 1119 alio
525 1055 611 1119 modu
629 1067 732 1119 contre
746 1056 864 1119 cosdem
880 1057 979 1137 urgeri
997 1067 1104 1140 puteat.
1148 1055 1183 1121 Si
1199 1059 1275 1121 euim

128 1158 224 1221 uideri
239 1168 370 1242 poterat,
392 1177 498 1240 corpus
517 1157 617 1240 ntique
633 1167 713 1237 erat,
737 1178 795 1220 nou
811 1157 948 1240 spirituus
971 1157 1016 1219 sin
1033 1158 1124 1220 luisse
1143 1160 1276 1243 spiritum

130 1259 278 1336 dixerint,
302 1279 360 1321 non
376 1258 453 1321 inter
470 1278 505 1321 ea
519 1259 684 1322 ccnmudus
704 1259 761 1321 crit
779 1278 853 1340 quae
873 1258 1000 1321 discerni
1023 1258 1117 1321 oculis
1139 1273 1273 1344 possunt.

131 1357 209 1443 Quid
227 1359 316 1441 igitur
332 1359 472 1422 attinebat
488 1379 556 1423 eum
580 1360 629 1445 qni
650 1360 801 1423 oculorum
823 1380 913 1423 sensu
937 1359 1046 1444 percipi
1071 1362 1205 1443 nequiret
1225 1363 1276 1426 illo

129 1460 386 1524 tintinnabulorum
399 1461 498 1524 sonitu
511 1458 597 1545 fugae
611 1482 684 1525 suae
700 1461 887 1546 latebraequc
902 1461 1078 1524 consuleret
1107 1458 1183 1525 Cum
1198 1466 1275 1528 enim

129 1562 158 1625 id
175 1573 276 1626 natura
293 1561 410 1624 insitum
431 1561 553 1626 haberet
571 1573 603 1626 ut
618 1563 713 1626 uideri
736 1585 796 1627 non
815 1573 930 1647 posset,
955 1565 1086 1645 prolecto
1107 1564 1163 1628 nisi
1186 1566 1276 1631 vellet

129 1663 282 1727 euenire
303 1663 464 1727 videretur.
510 1661 598 1746 Quod
618 1685 691 1727 vero
713 1675 795 1728 esset
817 1663 852 1726 ab
879 1665 977 1747 aliquo
1001 1679 1193 1751 conspectur,
1217 1689 1275 1731 non

127 1764 196 1829 illud
211 1764 389 1827 necessitate
408 1763 611 1848 contingeret,
635 1765 718 1849 quusi
736 1786 800 1828 eom
818 1766 849 1827 in
865 1765 959 1828 lucem
976 1777 1007 1828 et
1022 1779 1154 1850 apertum
1171 1779 1277 1833 natum

127 1865 327 1950 produxisset,
343 1865 396 1929 sed
413 1865 595 1949 indulgentia
607 1866 729 1948 quadam
743 1867 852 1950 potius,
870 1886 965 1950 neque
983 1868 1024 1930 ita
1040 1880 1072 1930 ut
1088 1869 1184 1933 subito
1197 1883 1276 1934 metu

126 1978 213 2051 atque
229 1988 271 2031 ex
286 1967 447 2052 improuiso
464 1976 637 2052 praeterque
653 1967 900 2050 expectationem,
924 1988 1082 2051 suppresso
1100 1971 1149 2033 illo
1164 1975 1273 2050 souitu,

127 2069 221 2155 palam
238 2089 273 2134 sc
294 2069 451 2133 videndum
469 2068 635 2153 praeheret.
680 2064 725 2130 ltu
750 2067 827 2131 omni
849 2089 890 2130 ex
908 2079 990 2151 parte
1009 2070 1080 2131 laisa
1097 2070 1212 2135 illorum
1232 2085 1276 2137 at·

129 2192 185 2255 quc
206 2171 346 2235 ementito
364 2171 440 2234 ratio
463 2170 600 2232 concidit.
647 2166 707 2233 Sed
730 2169 786 2232 alia
811 2170 951 2252 quaedam
972 2170 1094 2253 plurima
1112 2183 1181 2235 sunt
1203 2194 1276 2256 quae

127 2273 281 2356 nugatorie
298 2283 386 2354 atquc
400 2272 528 2335 inaniter
546 2270 655 2334 iactare
672 2271 781 2333 solent.
818 2271 908 2354 Atqui
923 2291 1018 2355 neque
1035 2271 1113 2334 illico
1127 2284 1172 2337 cst
1186 2274 1277 2338 inter-

130 2374 223 2436 iectus
243 2371 404 2436 Zacharias
419 2384 450 2435 et
464 2382 531 2458 post
544 2384 640 2435 ortum
662 2368 781 2435 loannis
797 2372 891 2435 adhuc
906 2372 999 2452 vixit,
1023 2373 1117 2456 deque
1133 2394 1170 2438 eo
1188 2396 1224 2438 nc
1240 2377 1277 2439 de

130 2471 241 2540 Christi
258 2476 388 2539 adventu
404 2486 435 2538 et
456 2474 588 2539 eiusdem
606 2475 765 2537 secundum
784 2495 904 2536 carnem
922 2494 975 2559 per
994 2475 1127 2558 spiritum
1145 2487 1276 2540 sanctum

129 2576 246 2641 oberte
260 2577 377 2661 virgine
400 2575 497 2640 Maria
517 2574 709 2660 generatione
725 2576 901 2638 vaticinatus
917 2588 962 2639 est
977 2575 1021 2639 his
1033 2577 1151 2640 verbis:
1184 2582 1226 2640 b't
1246 2592 1276 2640 tu
1289 2599 1343 2646 tue.
1353 2607 1373 2659 ι,
1383 2606 1415 2652 ιι.

124 2703 199 2761 puer
208 2683 348 2760 propheto
360 2683 495 2741 mussini
505 2681 667 2740 oocrtmt:
686 2680 812 2758 procidis
827 2683 900 2739 eurio
917 2691 983 2739 unte
994 2681 1214 2758 faciendorum·
1224 2703 1278 2761 pu·

129 2803 197 2842 rnre
214 2785 275 2842 mbr
292 2786 370 2856 einr,
392 2785 432 2842 ad
446 2784 632 2842 recontendat
648 2784 737 2841 corda
748 2791 864 2860 patrum
886 2784 915 2841 tir
922 2783 1006 2860 filim
1026 2794 1055 2842 et
1068 2785 1278 2864 titubcepurntes

130 2886 170 2943 nd
185 2885 363 2961 prudentibus
381 2891 439 2944 etc.
484 2880 604 2965 Quanta
622 2901 694 2945 vero
712 2880 749 2943 ad
765 2902 867 2943 eorum
890 2881 1040 2946 mendacia
1062 2885 1275 2965 convincenda,

132 2992 293 3065 contraque
312 2982 531 3047 abominandam
548 2983 627 3047 illam
645 2982 793 3046 libidinem
809 3004 826 3046 a
843 2983 928 3047 nohis
942 2985 1039 3048 afferri
1060 2989 1198 3070 possunt!

217 3084 316 3167 Atque
334 3097 366 3148 ut
381 3086 418 3149 dc
434 3085 548 3149 illorum
570 3083 697 3163 Levitis,
722 3085 764 3148 sio
777 3085 854 3148 euim
871 3086 1027 3170 appellunt,
1051 3088 1182 3151 nonnihil
1198 3088 1276 3152 diea-
1287 3097 1428 3164 Capxrrr.

132 3207 214 3264 mus,
238 3184 286 3248 isti
305 3209 363 3250 oon
387 3208 451 3250 com
474 3186 663 3265 mulieribus,
693 3187 746 3249 sed
768 3208 869 3251 secum
891 3188 1017 3251 invicem
1042 3190 1218 3266 miscentur,
1242 3211 1277 3252 ac

130 3288 243 3353 scilicet
258 3290 412 3374 praecipua
427 3289 505 3353 iuter
525 3289 592 3351 illos
609 3288 748 3372 dignitate
765 3310 799 3351 ao
815 3289 898 3352 laude
914 3292 1165 3354 commendantur.
1200 3289 1276 3352 Tum

130 3412 202 3455 vero
221 3412 274 3455 eos
289 3411 392 3454 omues
415 3390 548 3454 derident
568 3388 616 3474 qui
641 3389 832 3453 monasticum
848 3390 926 3453 vitae
942 3413 1036 3474 genus
1052 3392 1179 3474 amplexi
1195 3403 1275 3468 suut,

132 3504 182 3557 aut
199 3493 363 3558 castitatem
384 3493 640 3576 virginitatemque
665 3493 852 3576 profitentur,
876 3494 952 3576 quod
972 3495 1079 3554 frustra
1097 3492 1125 3554 id
1143 3492 1199 3555 sihi
1216 3516 1278 3556 mo

131 3594 235 3659 bestiae
248 3616 285 3659 ac
298 3595 408 3659 loboris
420 3594 580 3678 imponunt.
604 3591 765 3657 Praeterea
777 3593 971 3678 Evangelium
987 3592 1130 3675 quoddam
1144 3594 1197 3657 suh
1209 3593 1277 3659 Phi-

130 3694 200 3783 lippi
217 3695 397 3761 enchiariaci
413 3692 526 3761 Christi
550 3696 682 3779 discipuli
705 3696 822 3759 nornine
840 3696 1063 3770 circumierunt,
1093 3693 1123 3758 in
1143 3718 1200 3780 quo
1221 3699 1276 3763 ista

130 3810 304 3863 uruntur:
338 3801 430 3872 Mihi,
453 3799 566 3882 inquit,
589 3803 716 3861 domm
733 3803 862 3879 operuit,
886 3797 987 3876 qut'drrc
1006 3800 1099 3858 nntium
1122 3801 1212 3862 uerdt‘s
1234 3807 1279 3863 uti

127 3922 194 3963 cm
207 3906 238 3963 in
259 3904 366 3971 eoelum
384 3905 526 3975 mosomi,
549 3922 585 3962 nc
600 3903 826 3982 queamdmodum
842 3901 991 3977 unitusque
1007 3902 1163 3963 coelestium
1180 3907 1276 3964 Vim

128 4014 189 4066 trun
204 4007 373 4086 expendere
386 4004 503 4064 debeat:
537 4007 685 4077 nimbum,
717 4007 781 4082 Ego
803 4005 932 4079 meipsam
948 4006 1065 4079 agnovi,
1089 4015 1173 4086 atque
1194 4008 1275 4064 unu’·

127 4128 238 4188 qunque
252 4109 359 4187 adlegi
365 4130 375 4166 .·
398 4125 486 4184 neque
500 4108 628 4185 Prtirci‘pri
634 4107 719 4184 filim
730 4106 835 4183 genui,
860 4105 910 4162 sert
923 4106 983 4163 eriis
998 4109 1108 4167 radices
1123 4110 1273 4184 semmua,

127 4228 164 4270 ec
177 4212 314 4290 drbm'pntr
327 4207 450 4270 membru
465 4210 496 4267 ric
509 4227 594 4267 ιιιαι
607 4210 699 4286 coegi,
724 4216 804 4284 teque
817 4207 885 4264 ndcu
898 4209 950 4284 qui
960 4210 1001 4267 sis
1013 4213 1095 4269 uoci:
1119 4211 1188 4268 Sum
1203 4212 1275 4268 emin

129 4313 318 4372 commentum
333 4330 459 4371 numero.
489 4306 589 4389 Atque
607 4306 662 4370 hoo
679 4306 777 4385 modo,
795 4305 939 4389 inquiunt,
962 4306 1010 4371 illa
1025 4308 1189 4371 dimittitur.
1220 4305 1274 4372 Sin

166 4457 205 4510 to.
220 4463 283 4513 ldutc
295 4464 481 4514 umthcluotus
494 4474 645 4528 „suppremo
660 4457 705 4512 ilio
716 4457 825 4523 rouitut‘,
834 4474 952 4526 penuque
962 4464 1077 4524 dirttoutt,
1093 4476 1140 4514 coc
1152 4467 1206 4526 post
1216 4478 1275 4528 npu-

130 4522 224 4594 m'tn.
239 4532 283 4583 nr
296 4534 350 4594 put
364 4525 470 4584 mum.
