3046 5084
194 324 253 387 584
613 333 735 384 οιαοτι
752 333 923 384 Εειειικαιι
1026 328 1035 361 ⁸

276 450 309 536 γ’.
338 449 540 535 Μαρτόρομαι
554 450 586 514 δέ
603 448 689 513 πάλιν
703 449 749 514 ὅτι
762 448 926 533 άνθρωπος
938 452 1184 535 περιτετμημένος
1195 447 1345 531 σ’φειλέτης

194 556 272 619 έστλν
295 553 363 619 ὅλον
384 552 435 617 τόν
457 552 548 633 νόμον
569 560 728 635 πληρῶσαι.

279 656 312 718 (λ’.
344 653 420 718 Ἀντί
447 663 516 734 τοῦ,
549 653 656 740 Μικρά
681 656 756 736 ζύμη
783 654 850 720 ὅλον
876 653 908 719 τό
931 653 1055 739 φόραμα
1082 663 1185 738 ζυμοῖ,
1217 656 1344 737 ἐποίησε,

195 766 293 823 Δολοῐ.

280 860 309 925 ε’.
339 858 372 923 Ὁ
394 858 448 944 γάρ
467 866 525 934 πᾶς
541 858 630 940 νόμος
647 857 718 942 όμῐν
733 857 936 943 πεπλήρωται,
965 856 1140 944 Ἀγαπήσεις
1157 858 1211 925 τόν
1226 863 1347 941 πλησίον

195 986 249 1029 σου
271 960 311 1037 είς
331 961 461 1026 σεαυτόν.

279 1063 312 1139 ς’.
346 1061 465 1146 Φανερά
482 1065 515 1128 δέ
530 1066 590 1128 ἔστι
604 1062 638 1127 τά
655 1066 724 1148 ἔργα
738 1071 791 1145 τῆς
804 1062 923 1147 σαρκός,
947 1063 1032 1128 άτινά
1049 1066 1108 1129 έστι
1122 1069 1256 1149 πορνεία,
1278 1060 1346 1129 σίκα-

195 1173 320 1251 θαρσία,
352 1164 498 1249 άσέλγεια,
526 1169 760 1250 είδωλολατρεία,
789 1169 972 1250 φαρμακεία,
1000 1169 1122 1251 ἔχθραι,
1145 1170 1238 1252 έρεις,
1259 1173 1347 1249 ζῆλοι,

194 1272 305 1351 θυμοί,
329 1271 471 1352 έρίθειαι,
494 1272 687 1350 διχοστασίαι,
710 1272 834 1352 αίρεσις,
857 1267 962 1347 φόνοι,
984 1271 1086 1351 μέθαι,
1108 1275 1219 1350 κοῖμοι,
1242 1266 1347 1353 ίίπρο·

194 1375 267 1456 λέγω
283 1369 367 1452 ὑμῖν,
397 1369 502 1444 καθείς
517 1373 567 1434 καί
584 1379 743 1453 προεῖπον,
766 1369 813 1435 ότι
830 1373 862 1434 οί
875 1369 911 1434 τά
927 1379 1048 1436 τοιαῦτα
1067 1371 1251 1455 πράσσοντες
1267 1374 1348 1453 βασι·

196 1479 274 1538 λείαν
294 1481 370 1538 θεοῦ
393 1471 428 1537 οιί
451 1471 730 1555 κληρονομήσουσιν.

282 1579 312 1653 ζ’.
348 1579 387 1638 Οί
399 1577 430 1638 d&
444 1582 497 1639 τοῦ
517 1581 647 1659 Χριστοῦ
664 1574 718 1656 τήν
734 1573 828 1659 σάρκα
842 1573 1028 1660 ἐσταύρωσαν
1044 1573 1100 1639 σόν
1112 1584 1177 1651 τοῖς
1192 1574 1351 1658 παθήμασι

199 1681 334 1753 καὶτοῖς
357 1680 537 1759 ἐπιθυμίαις.

282 1780 318 1863 η’.
354 1778 429 1844 Οίίτε
451 1778 505 1864 γάρ
529 1782 560 1844 οί
579 1778 815 1863 περιτεμνόμενοι
836 1777 920 1846 αὐτοί
944 1778 1035 1863 νόμον
1059 1779 1256 1860 φυλάσσουσι.

77 2016 127 2062 ρας.
141 2005 187 2049 3²0.
269 1989 368 2041 ΠΡΟΣ
386 1987 609 2039 ΚΟΡΙΝΘΙΟΥΣ
628 1985 665 2047 α’,
684 1988 756 2039 ΠΑΡ
776 1985 888 2039 ΑΥΤΩΙ
905 1987 950 2039 ΔΕ
968 1984 1149 2039 ΜΑΡΚΙΩΝΙ
1167 1984 1208 2055 β’,
1226 1986 1290 2039 ΚΑΙ

656 2073 727 2125 ml)
745 2072 840 2124 Ηιιιιιε
858 2068 889 2141 β’.

287 2188 365 2254 ³⁸a'.
399 2193 563 2275 Γέγραπται
578 2189 651 2274 γάρ,
681 2187 796 2253 Ἀπολαῑ
812 2187 865 2270 τὴν
881 2192 988 2267 σοφίαν
1002 2194 1062 2253 τῶν
1078 2194 1201 2270 σοφοῖν,
1232 2190 1284 2255 καλ
1302 2186 1353 2271 τήν

200 2297 317 2360 σύνεσιν
338 2300 397 2357 τῶν
418 2299 545 2356 συνετῶν
567 2289 710 2373 άθετήσω.

285 2395 321 2479 β’.
344 2395 427 2472 Ἵνα,
448 2394 553 2469 καθείς
574 2396 747 2479 γέγραπται,
771 2392 994 2476 όκανγοίμενος
1015 2395 1048 2459 έν
1068 2396 1163 2482 ιιυρίρο
1181 2392 1352 2477 καυχάσθω.

286 2600 319 2686 γ’.
354 2608 419 2664 Τῶν
442 2597 590 2682 α’ρχόντων
611 2607 664 2664 τοῦ
686 2601 794 2673 αίῶνος
814 2596 921 2665 τούτου
928 2650 937 2678 ,
960 2606 1017 2664 τῶν
1036 2600 1296 2683 καταργουμένων.

287 2702 321 2766 θ’.
353 2705 516 2787 Γέγραπται
535 2700 606 2786 γάρ,
637 2699 670 2766 ‘O
686 2700 884 2785 δρασσόμενος
902 2699 973 2778 τοιίς
991 2698 1156 2782 σοφοόςέν
1173 2706 1212 2791 τῇ
1228 2726 1354 2783 πανουρ-

203 2812 252 2894 γίμ
270 2803 375 2870 αὐτῶν.
422 2805 479 2867 Καί
500 2805 602 2885 πάλιν,
633 2803 747 2890 Κύριος
762 2806 895 2888 γιναίσιιει
917 2802 987 2880 τούς
1003 2800 1214 2889 θιαλογισμοελς
1231 2810 1292 2869 τοῑν
1308 2800 1356 2869 έν·

202 2907 337 2993 θράπεον
359 2906 405 2972 ότι
427 2908 481 2971 εἰσί
503 2904 629 2988 μάταιοι.

289 3008 317 3073 ε’.
352 3011 412 3072 Καὶ
433 3007 488 3092 γάρ
510 3006 543 3073 τό
565 3007 662 3091 πάσχα
683 3006 768 3090 ἡμῶν
790 3006 884 3091 ἐτύθη
909 3006 1044 3087 Χριστός.

288 3112 320 3188 ς’.
355 3109 418 3175 Οὐκ
432 3114 529 3176 οίιλατε
543 3109 587 3175 ότι
605 3109 622 3176 ό
636 3110 818 3192 κολλώμενος
831 3118 866 3199 τή
878 3112 976 3199 πόρνη
987 3114 1022 3175 ἓν
1036 3108 1121 3192 σῶμά
1135 3111 1230 3189 έστινς
1253 3106 1357 3177 Ἔσον-

204 3243 252 3281 ται
272 3214 345 3301 γάρ,
368 3216 474 3296 φησίν,
497 3216 529 3277 οἷ
547 3212 602 3277 δύο
625 3216 666 3289 είς
685 3213 781 3299 σάρκα
802 3218 879 3295 μίαν.

289 3320 320 3396 ζ’.
354 3318 650 3400 89Μετηλλαγμένως.
693 3313 771 3381 Ἀντλ
793 3315 848 3401 γάρ
871 3321 940 3393 τοῦ,
972 3315 1031 3378 Καί
1052 3311 1071 3379 ό
1091 3312 1187 3397 νόμος
1207 3320 1302 3379 ταῦτα
1321 3310 1358 3381 ον’

206 3425 298 3506 λέγει,
322 3421 396 3502 φησί
418 3422 542 3496 ἐκεῖνος,
566 3422 609 3481 Εἰ
628 3421 675 3482 καί
699 3416 718 3483 ό
739 3417 830 3500 νόμος
851 3419 1008 3493 Μωῢσέοος
1028 3423 1122 3481 ταῦτα
1143 3412 1182 3482 οά
1202 3418 1289 3503 λέγει»

290 3522 325 3604 ιγ’.
357 3520 415 3604 Μή
437 3529 495 3586 τῶν
517 3526 598 3604 βοῶν
620 3522 696 3602 μέλει
716 3527 757 3608 τῷ
779 3528 857 3608 θεῷς

290 3623 331 3688 θ’.
366 3623 411 3689 ov’
427 3627 505 3689 θέλω
525 3622 580 3709 γάρ
598 3620 676 3704 ὑμᾶς
694 3621 824 3707 άγνοεῖν,
854 3621 994 3703 ιίιλελφοί,
1022 3621 1070 3687 ὅτι
1084 3624 1117 3687 οί
1131 3622 1259 3707 πατέρες
1275 3618 1359 3705 η’μόν

208 3726 267 3793 όπό
282 3726 335 3809 τήν
349 3729 474 3809 νεφέλην
488 3720 572 3809 ἦσαν,
589 3728 639 3790 καὶ
652 3723 759 3802 πάντες
773 3727 823 3790 ιλιοί
832 3733 890 3809 ιτῆς
900 3724 1053 3808 θαλάσσης
1066 3728 1205 3807 διῆλθον,
1220 3726 1272 3791 καλ
1287 3720 1358 3791 κείν·

207 3857 254 3908 τες
269 3830 301 3895 τί
318 3828 390 3895 αιίτὸ
406 3829 603 3911 πνευματικόν
617 3831 730 3913 έφαγον
746 3833 860 3912 βρῶμα.
895 3826 1023 3893 Ἔπινον
1037 3824 1094 3913 γάρ
1110 3830 1145 3893 λιι
1159 3830 1360 3911 memmi:

209 3930 432 4013 ἀκολουθούσης
454 3934 576 4012 πέτρας,
607 3929 626 4014 ή
648 3932 680 3996 δέ
701 3932 792 4015 πέτρα
811 3922 849 4013 ἦν
871 3928 890 3997 ό
913 3927 1055 4015 Χριστός·
1084 3926 1145 3995 ἄλλ’
1165 3926 1223 3997 οὖν
1247 3930 1282 3997 έν
1299 3934 1361 4005 πίε

208 4041 337 4102 πλείοσιν
358 4032 455 4099 αὐτῶν
476 4032 631 4118 ηὖιλόκησε.
679 4040 778 4099 Ταῦτα
799 4035 830 4098 δέ
847 4032 936 4098 τόποι
952 4030 1038 4116 ήμοῖν
1055 4030 1258 4117 έγενήθησαν,
1285 4026 1360 4119 πρός

209 4137 241 4203 τό
261 4145 297 4184 4⁰
306 4136 347 4220 μή
363 4135 439 4203 εἶναι
453 4134 532 4221 ἡμᾶς
546 4133 733 4220 λπιθυμητάς
748 4143 865 4214 κακοῖν,
887 4134 993 4211 καθείς
1007 4132 1141 4201 κάκεῖνοι
1152 4132 1359 4219 λπεθάμησι·

211 4241 285 4322 μηδὲ
304 4239 507 4324 εἰδωλολάτραι
524 4245 656 4325 γίνεσθε,
676 4238 782 4314 καθείς
797 4263 874 4315 τινες
889 4236 1002 4319 αάτῶν,
1024 4233 1065 4315 οίς
1082 4238 1261 4325 γέγρπτσι,
1279 4232 1360 4305 'h'-

212 4353 296 4406 θισεν
312 4340 329 4406 ό
341 4342 410 4418 λαός
424 4352 529 4427 φαγεῖν
542 4346 591 4407 καί
607 4352 695 4421 πιεῖν,
717 4344 768 4408 καί
782 4340 940 4425 άνέστησαν
952 4346 1076 4419 παίζειν·
1097 4340 1173 4423 μηθλ
1186 4336 1360 4427 λιπαρέει-

245 4496 285 4549 32.
302 4501 335 4549 De
348 4503 398 4550 cod.
415 4504 526 4550 λὀλίοοαο
538 4504 563 4550 in
577 4503 682 4563 exemplo
692 4501 772 4550 Schol-
805 4498 916 4567 οεηιιῐεατ
926 4514 1050 4559 nummu,
1062 4508 1091 4549 nt
1102 4512 1187 4565 ειμι,
1200 4506 1230 4551 et
1241 4494 1361 4567 μήτ

211 4569 276 4617 uano
285 4574 398 4619 οαιιολολο
411 4572 504 4619 invenio
515 4570 587 4619 λοεοε
604 4569 673 4629 „Hic
681 4570 772 4618 iterum
805 4584 873 4617 mum
888 4566 965 4618 habet
979 4564 1013 4631 5,
1029 4576 1091 4635 put
1103 4564 1245 4619 aad·
1258 4564 1296 4633 έ,
1305 4570 1361 4635 μ
