3046 5084
413 341 546 392 neuneu
564 342 627 393 un.
643 344 661 395 ι.
676 342 758 397 tun.
770 346 801 398 tt.
819 344 915 397 naen.
929 346 1026 397 xxvi.
1235 333 1294 394 rto

147 469 207 521 toto
230 479 354 545 corpore
376 460 445 523 nudi
465 472 705 543 comprecantur,
736 474 768 526 ut
787 483 823 525 ea
840 484 874 525 re
888 465 1028 527 maiorem
1044 462 1100 525 sibi
1117 465 1191 549 apud
1207 465 1292 527 deum

145 559 277 624 liduciem
302 561 467 646 acquirant.
516 556 677 624 Caeterum
703 562 882 626 inaurando
905 584 1028 649 corpore
1050 564 1112 627 dies
1135 576 1293 649 noctesque

145 662 255 746 pariter
273 662 461 726 mulierculae
479 672 510 724 et
529 660 740 725 homunciones
762 675 955 746 occupantur,
986 686 1020 727 ae
1042 684 1075 727 se
1098 674 1128 726 et
1146 678 1294 748 unguento

145 765 339 847 perfundunt,
372 773 403 826 et
427 763 544 840 lavant,
575 772 606 825 et
628 763 764 827 convivia
786 764 952 844 celebrant,
983 774 1013 827 et
1030 763 1163 827 ebrietati
1183 786 1217 828 so
1235 764 1296 828 Ve-

145 866 209 927 neri
227 865 396 947 indulgent,
420 883 529 947 eosque
546 863 595 949 qui
613 864 743 928 ieiunant
761 876 949 929 execrantur.
993 864 1113 950 Negant
1133 866 1208 928 euim
1229 886 1295 929 esse

145 965 352 1042 ieiunandum,
384 965 459 1048 quod
481 967 515 1028 ad
537 965 622 1029 buius
643 965 753 1030 saeculi
776 967 955 1030 conditorem
978 969 1135 1051 principem
1157 967 1295 1030 ieiunium

145 1069 303 1151 pertineat.
349 1062 412 1128 lmo
430 1066 567 1129 alimento
582 1066 680 1153 potius
696 1090 769 1154 opus
788 1088 855 1132 esse
874 1068 1023 1146 dictitant,
1055 1090 1111 1152 quo
1130 1069 1295 1133 robustiore

146 1169 207 1232 siut
223 1186 366 1249 corpora,
389 1176 421 1230 ut
440 1168 546 1232 idoneo
565 1179 696 1254 tempore
719 1172 832 1255 possint
854 1170 959 1233 lructui
981 1170 1128 1234 reddendo
1148 1172 1292 1234 sufficere.

231 1264 326 1332 Porro
344 1280 401 1332 tem
416 1272 509 1334 ueteri
526 1290 612 1355 quam
629 1292 707 1335 nouo
725 1282 845 1335 utuntur
859 1282 1053 1352 testamentoq
1076 1272 1146 1335 licet
1161 1293 1226 1336 eum
1245 1273 1293 1356 qui
1313 1286 1371 1353 Gap.
1385 1291 1426 1342 vr.

146 1370 176 1432 in
198 1379 301 1433 vetere
321 1370 432 1435 locutus
458 1383 505 1435 est
526 1371 673 1436 abdicent.
717 1371 758 1437 llt
777 1374 891 1457 quidem
910 1375 1024 1458 quoties
1045 1394 1149 1438 rocem
1169 1375 1291 1458 aliquam

146 1471 297 1555 reperiunt
318 1492 392 1556 quae
414 1473 541 1557 dogmati
563 1494 618 1537 suo
642 1475 817 1539 contrariam
841 1476 948 1538 babere
970 1478 1146 1539 sententiam
1166 1477 1291 1545 videtur.

147 1573 184 1636 ab
204 1572 288 1637 buius
307 1573 405 1639 mnndi
422 1575 554 1660 principe
572 1578 732 1660 prolectam
753 1577 832 1639 illam
855 1596 922 1640 esse
941 1578 1119 1661 praedicant.
1166 1574 1220 1641 Sin
1241 1578 1294 1640 ali·

147 1675 210 1759 quis
229 1676 264 1737 sd
284 1675 396 1740 illorum
415 1676 563 1739 libidinem
582 1678 794 1740 accommodari
814 1679 915 1756 locus,
946 1690 975 1741 et
994 1690 1147 1763 utcumque
1164 1681 1292 1763 conligu-

144 1777 202 1840 rari
222 1778 314 1862 possit
334 1798 392 1841 uon
412 1777 475 1863 ipsa
494 1776 609 1861 quidem
627 1788 771 1862 potestate
790 1779 964 1857 verborum,
996 1782 1047 1844 sed
1072 1803 1124 1866 pro
1144 1781 1291 1865 depravati

142 1879 256 1943 illorum
273 1879 383 1964 ingenii
399 1889 497 1963 captu,
521 1898 557 1942 eo
572 1898 644 1941 vero
661 1878 740 1941 adid
758 1881 834 1962 quod
850 1881 969 1964 eupiunt
984 1883 1115 1944 traducto
1132 1881 1168 1943 ab
1184 1882 1290 1945 uerita-

142 1980 180 2044 tis
198 1980 302 2065 spiritu
321 1980 543 2066 pronunciatum
562 1998 630 2043 esse
648 1978 791 2042 dictitant.
836 1981 934 2064 Atque
950 1981 1026 2044 istud
1042 1982 1136 2065 ipsum
1154 1993 1216 2061 est,
1247 1978 1291 2046 iu-

143 2082 261 2166 qoiuot,
292 2083 368 2166 quod
386 2082 422 2145 de
436 2079 547 2144 loauue
562 2080 696 2144 domiuus
710 2082 878 2165 usurpavit:
911 2086 985 2159 (tou
996 2087 1095 2143 abab
1111 2088 1140 2144 in
1154 2088 1291 2145 merum
1305 2111 1387 2158 Mmq

142 2188 256 2246 m'dere?
297 2189 475 2247 Arundt'nem
497 2195 576 2244 uento
593 2188 752 2262 agitatam?
794 2180 897 2264 Quod,
928 2191 960 2244 ul
981 2193 1132 2261 asserunt,
1165 2186 1290 2248 noudum
1314 2166 1377 2217 ¹¹³·

143 2297 223 2349 esset
242 2287 390 2370 perlectus
408 2282 548 2348 loannes.
592 2281 670 2347 Nam
689 2304 706 2347 a
725 2283 853 2368 pluribus
873 2285 969 2348 ventis
988 2283 1179 2369 perflabatur3
1205 2306 1292 2349 aruu-

142 2387 219 2452 dinis
235 2408 331 2466 more,
355 2407 430 2471 quae
445 2387 481 2449 ad
497 2404 728 2470 unumquemque
744 2395 862 2448 ventum
880 2386 1017 2470 agitatur.
1063 2384 1164 2469 ltaque
1182 2408 1245 2450 oum
1260 2388 1289 2451 iu

143 2509 208 2553 euru
222 2486 368 2574 Principis
382 2487 502 2572 spiritua
514 2485 707 2565 incumberet,
725 2483 872 2550 loduicum
886 2487 992 2550 cultum
1006 2487 1206 2572 praedicatum
1226 2510 1290 2551 curu

141 2611 215 2656 vero
234 2590 362 2676 Spiritus
384 2599 505 2654 sauctus
524 2589 695 2668 adveniret,
726 2589 762 2652 da
781 2585 902 2653 Christo
919 2609 1084 2653 sermonem
1106 2589 1288 2653 instituebat.

142 2689 210 2775 Quo
231 2693 346 2777 quidem
367 2692 441 2756 baec
458 2690 551 2755 verba
570 2690 718 2777 pertinere
739 2702 852 2775 putant.
898 2695 957 2770 θυι*
974 2697 1066 2753 minor
1086 2703 1131 2753 est
1150 2697 1179 2753 ἐπ
1199 2712 1289 2774 reguo
1308 2705 1391 2752 Masso.

141 2799 281 2856 coelorum
300 2799 392 2856 acrba
407 2805 452 2856 est
467 2796 528 2855 illo.
574 2791 690 2878 Quippe
710 2795 745 2857 ad
766 2813 821 2856 nos
840 2793 896 2856 ista
913 2793 1097 2873 referuntur,
1129 2793 1227 2873 aiunt,
1257 2806 1289 2859 ut
1316 2761 1348 2815 η’
1362 2762 1392 2804 η

142 2895 192 2979 qui
212 2894 292 2957 iuter
311 2916 365 2958 nos
385 2896 482 2959 minor
502 2905 565 2972 est,
589 2895 615 2959 is
637 2892 750 2959 loanne
771 2894 810 2959 sit
830 2896 1037 2981 praestantior.

227 2993 340 3060 Verum
361 3017 396 3060 os
412 2996 471 3061 illis
491 2997 616 3061 subinde
636 3017 653 3060 a
670 2997 797 3061 veritate
819 2996 881 3082 ipsa
898 2996 1106 3082 praecluditur.
1150 2996 1228 3062 Nam
1249 3018 1289 3060 ex
1308 3000 1431 3067 eapvlt.

140 3097 179 3162 iis
205 3117 367 3182 quaecum
391 3118 563 3183 umquaque
587 3098 714 3162 dictione
734 3118 869 3162 connexa
890 3108 974 3177 sunt,
1006 3099 1157 3183 perspicue
1177 3100 1287 3163 veritas

140 3199 310 3285 apparebit,
338 3220 374 3264 ac
391 3200 459 3283 quid
476 3200 611 3284 loquendi
631 3200 736 3264 rationi
751 3211 978 3264 cousentaneum
997 3202 1035 3264 sit
1051 3200 1214 3264 certissima
1232 3200 1287 3262 fide

137 3301 357 3368 monstrabitur.
401 3300 520 3365 Etenim
537 3303 563 3366 si
579 3299 705 3365 loannes
721 3302 902 3366 mollioribus
919 3302 1050 3366 uestibus
1066 3312 1215 3377 uteretur,
1245 3312 1287 3363 at-

139 3405 244 3489 quein
260 3404 420 3490 principum
438 3402 553 3488 palatiis
570 3405 707 3489 degeret,
737 3414 818 3468 recta
836 3403 930 3490 ipsum
948 3425 1008 3467 vox
1027 3404 1076 3465 illa
1095 3412 1225 3486 peteret,
1255 3414 1285 3466 et

138 3506 168 3569 in
190 3506 254 3570 eius
274 3505 532 3591 reprehensionem
555 3516 635 3570 esset
655 3506 720 3570 sine
740 3505 799 3570 olla
821 3506 942 3590 ambage
960 3505 1077 3568 collata.
1123 3498 1197 3565 Cum
1215 3523 1285 3567 vero

137 3607 179 3671 ila
194 3607 309 3673 locutus
326 3608 431 3672 luerit:
456 3612 531 3686 Quid
545 3614 645 3670 cerbus
658 3613 774 3671 uidere?
814 3613 957 3669 Homrirem
972 3607 1102 3668 mollibus
1118 3609 1285 3668 mamertia

138 3715 289 3773 mear?
315 3711 393 3775 istud
409 3732 498 3796 porro
514 3710 551 3774 ab
567 3708 679 3775 loanne
695 3711 796 3797 procul
813 3709 956 3784 abluerit,
979 3705 1051 3769 nibil
1068 3716 1114 3769 est
1130 3726 1184 3770 cur
1200 3709 1284 3773 buius

136 3811 196 3876 loci
220 3811 450 3877 criminationem
474 3813 581 3876 referri
607 3813 643 3877 ad
667 3809 807 3876 loannem
833 3809 1023 3887 arbitremur,
1058 3808 1105 3892 qni
1128 3809 1282 3875 delicatum

135 3911 217 3977 illum
233 3912 340 3977 culteaa
359 3913 477 3978 miuine
495 3914 623 3977 omnium
641 3914 789 3992 adhibuit,
812 3911 864 3975 sed
883 3911 919 3973 ad
934 3929 987 3973 eos
1003 3909 1114 3994 potius,
1139 3913 1186 3997 qui
1206 3911 1284 3976 eius-

136 4014 216 4080 modi
230 4034 266 4080 se
280 4012 420 4081 loannem
436 4026 605 4101 reperturos
619 4016 776 4101 putabant,
799 4012 962 4097 quibusque
977 4011 1094 4096 saepius
1107 4015 1219 4078 adulari
1234 4035 1283 4076 so-

135 4116 197 4183 lent
217 4117 238 4181 ii
260 4116 308 4203 qui
332 4118 492 4204 principum
516 4116 599 4181 aulas
617 4138 652 4181 ac
669 4115 775 4202 palatia
794 4118 991 4199 lnequentant.
1035 4112 1189 4180 Exeuntes
1205 4117 1282 4178 euim

135 4218 176 4282 illi
193 4219 400 4285 collaudandos
417 4239 450 4282 se
467 4218 503 4280 ab
520 4215 647 4297 Ioanne,
680 4230 709 4281 et
725 4217 761 4281 ob
778 4238 813 4282 ea
830 4236 903 4302 quae
920 4217 949 4280 in
968 4215 1029 4280 dies
1047 4219 1202 4301 patrabant
1218 4239 1282 4280 sce·

135 4319 198 4383 lere
214 4321 314 4387 lelicer
327 4321 540 4409 praedicandos
553 4318 773 4384 existimabant.
819 4316 884 4402 Qua
899 4339 1030 4405 specum
1046 4333 1147 4384 esseut
1162 4324 1282 4385 laustra-

136 4418 176 4500 ti,
199 4420 236 4485 ad
250 4440 303 4487 eos
316 4422 494 4489 refellendos
509 4421 551 4485 ita
566 4421 697 4486 nivelon
710 4422 823 4485 loculus
840 4433 902 4487 est:
927 4426 1001 4502 Quid
1014 4444 1062 4484 oce
1076 4432 1210 4485 nactum
1223 4444 1283 4485 esse
1385 4414 1390 4423 ’

135 4524 312 4588 moelem?
354 4520 549 4590 Hominemne
568 4523 617 4608 qui
635 4543 669 4589 sc
685 4525 783 4609 pravis
797 4525 885 4588 animi
905 4526 995 4590 vestri
1013 4523 1216 4587 allectionibus
1233 4542 1288 4585 ao-

1013 4631 1050 4690 12
1064 4625 1081 4664 *
