3046 5084
187 344 249 405 560
612 352 733 404 SANCTI
752 352 920 403 EPIPHANH

185 498 248 549 ται,
272 470 323 535 ἐύν
340 471 380 553 μή
398 467 550 559 α’τιοθύνη.
596 471 657 534 Καί
674 468 835 546 ἐξύπαντος
850 470 957 544 ἔδειξεν
972 466 992 550 ή
1006 466 1109 553 γραφή
1124 475 1179 533 τοῦ
1192 467 1347 535 πεπτωκό·

186 599 236 649 τος
253 571 382 651 κόκκου,
413 574 542 637 τουτέστι
563 580 616 636 τοῦ
636 570 772 653 σώματος
791 579 846 635 τοῦ
862 572 1075 652 θαπτομένου,
1104 574 1156 636 καί
1177 568 1216 637 ού
1235 578 1346 655 ψυχῆς,

185 673 238 757 τήν
255 673 413 739 ἀνάστασιν
429 680 570 759 γίνεσθαι.
618 681 690 750 Πῶς
707 674 739 739 δὲ
755 672 837 756 ψυχή
855 673 999 738 ἐλεύσεται
1015 672 1109 757 μόνης
1131 681 1197 749 πῶς
1215 674 1250 739 δέ
1264 677 1345 756 βασι-

185 777 279 842 λεύσει
302 776 377 859 μόνη
400 774 420 859 ή
441 775 519 859 όμοῦ
538 775 593 840 σύν
611 775 724 859 στόματι
742 777 923 860 ἐργασαμένη
941 774 974 841 τό
993 780 1109 841 δίκαιον
1126 774 1148 859 ή
1163 774 1197 841 τό
1214 782 1345 855 φαύλους

179 881 282 946 Ἔσται
305 879 359 966 γαίρ
382 883 513 958 ἐναντία,
537 882 587 944 καί
609 876 646 943 ού
669 882 783 957 δικαία,
807 875 826 960 ή
847 884 949 964 κρίσις.

272 1077 344 1144 Πῶς
367 1070 397 1133 δὲ
415 1066 630 1149 συσταθήσεται
647 1064 664 1131 o‘
680 1064 749 1148 παρ’
766 1064 846 1155 αύτῷ
869 1074 930 1154 1τῷ
949 1071 1111 1151 Μαρκίωνι
1133 1074 1226 1153 τριῶν
1249 1064 1344 1151 όρχοῑν

185 1172 286 1256 λόγοςς
310 1176 373 1245 πῶς
388 1172 420 1233 δὲ
435 1166 452 1233 ό
469 1167 585 1254 ἀγαθός
599 1167 791 1252 εὑρεθήσεται
806 1170 837 1233 ἐν
852 1178 914 1243 τοῖς
928 1177 980 1234 τού
995 1168 1113 1247 φαύλου
1127 1170 1246 1253 μέρεσιν
1261 1172 1344 1255 ἔργον

185 1278 322 1339 ἐπιτελῶν
337 1272 357 1354 ή
374 1277 534 1356 σωτηρίας,
557 1270 577 1352 ή
592 1278 651 1335 τῶν
666 1269 774 1348 ίίλλων;
807 1273 850 1334 Et
864 1270 918 1356 γύρ
935 1269 990 1335 ούκ
1006 1268 1099 1336 αύτού
1114 1270 1249 1357 τυγχάνει
1265 1268 1343 1335 όιιό-

185 1399 272 1457 σμος,
306 1372 450 1439 ύπέστειλε
472 1375 504 1437 δὲ
523 1371 616 1437 αύτοῦ
635 1370 687 1437 τόν
703 1381 848 1457 μονογενῆ
865 1377 906 1448 είς
922 1372 975 1438 τόν
990 1373 1103 1457 κόσμον
1120 1378 1221 1457 λαβεῖν
1239 1376 1273 1439 ἐκ
1290 1380 1342 1439 τοῦ

184 1478 298 1558 κόσμου
313 1483 366 1541 τοῦ
382 1475 532 1560 όλλοτρίου
550 1475 568 1538 ίί
585 1474 624 1557 μή
639 1474 731 1551 αύτός
746 1478 871 1559 ἔσπειρε,
893 1477 966 1558 μηδὲ
984 1479 1129 1558 ἐποίησεν,
1152 1472 1341 1563 εὑρεθήσεται

185 1579 204 1661 ή
222 1589 280 1644 τῶν
297 1578 452 1663 ιίλλοτρίων
469 1580 635 1661 ἐφιέμενος,
661 1576 678 1660 ή
696 1582 798 1642 πενίαν
817 1575 1041 1660 ἳύφισιοίμενος
1057 1581 1107 1643 καί
1124 1582 1186 1645 ίδια
1202 1576 1244 1661 μή
1259 1580 1341 1661 ἔχων,

186 1684 234 1746 ἐπί
257 1679 291 1745 τοί
315 1680 449 1765 ἀλλότρια
471 1678 577 1744 ἑαυτόν
595 1679 761 1758 ἐπιδιδούς,
794 1679 876 1755 ὅπως
893 1682 988 1769 ἕαυιηί
1005 1685 1241 1765 προςπορίσητοιι
1262 1680 1282 1745 ἐτ’
1302 1680 1342 1762 μή

184 1784 327 1868 πρότερον
345 1786 408 1866 έχει.
458 1790 530 1858 Πῶς
551 1784 583 1847 δὲ
600 1782 700 1868 κριτής
718 1780 866 1865 α’ναμέσον
885 1782 1061 1866 ύμφοτέρων
1078 1782 1231 1870 γενήσεται
1254 1778 1272 1848 ό
1293 1786 1342 1865 ση-

184 1886 339 1971 μιουργός,·
370 1883 447 1963 είτα,
479 1890 558 1960 τίνας
577 1888 633 1968 ἔχει
651 1894 765 1970 κρίνοις
800 1889 842 1949 Et
855 1885 912 1970 γύρ
928 1894 987 1950 τῶν
1003 1884 1062 1951 αίπό
1080 1892 1134 1951 τοῦ
1149 1884 1213 1953 όίνω
1230 1892 1342 1953 σκευῶν

185 1987 324 2070 δικαστής
339 1989 565 2072 προκαθέζεται,
599 1987 690 2069 ἰσχύει
705 1985 778 2071 ύπέρ
796 1985 847 2053 τόν
864 1986 944 2067 ύνω,
975 1985 1079 2070 ἐπειδή
1093 1989 1178 2073 φέρει
1194 1984 1237 2065 είς
1255 1992 1342 2071 μίσον

184 2099 242 2155 τῶν
259 2089 350 2155 αύτοῦ
366 2095 523 2175 κριτηρίων
540 2090 575 2153 ταί
594 2098 648 2154 τοῦ
664 2088 726 2154 ύνω
743 2087 927 2173 ύπύρχοντα,
958 2087 999 2165 τίς
1017 2098 1058 2179 τῷ
1073 2096 1235 2178 Μαρκίωνι
1252 2094 1341 2171 έόοξι.

187 2198 246 2259 Καὶ
263 2197 289 2258 εί
304 2194 378 2268 ὅλως
394 2192 495 2277 κριτής
510 2191 660 2277 τυγχύνει,
692 2190 807 2267 δίκαιός
822 2195 890 2257 ἐστι.
934 2196 1082 2275 Δείξωμεν
1098 2194 1131 2259 δὲ
1148 2190 1211 2260 α’πό
1229 2202 1286 2260 τοῦ
1300 2196 1342 2259 δι-

185 2302 272 2361 καίου
295 2294 439 2378 όνύματος
455 2294 500 2360 ὅτι
515 2293 624 2360 ταύτόν
639 2298 698 2360 ἐστι
717 2294 748 2359 τό
767 2293 884 2379 ύγαθόν
904 2297 955 2359 καί
978 2294 1009 2361 τύ
1028 2300 1154 2361 δίκαιον.
1201 2302 1274 2362 Πᾶν
1288 2294 1341 2381 γύρ

183 2399 201 2462 ίί
215 2398 331 2463 δίκαιόν
347 2401 415 2475 ἐστι,
433 2405 520 2463 τούτο
534 2400 585 2463 καί
599 2395 725 2482 οίγαθόν.
768 2396 840 2462 Ἀπὸ
857 2396 912 2483 γύρ
926 2405 982 2462 τοῦ
996 2395 1115 2483 οίγαθύν
1130 2394 1208 2465 εἶναι
1223 2397 1258 2465 τό
1272 2396 1341 2485 ύγα·

185 2500 244 2566 θόν
259 2506 401 2585 χαρίζεται
419 2504 541 2575 δικαίως
563 2498 634 2582 μετοί
652 2497 793 2581 ἀληθείας
814 2508 853 2587 τῷ
871 2498 973 2585 ἆγαθύ
989 2498 1148 2585 δράσαντι,
1175 2504 1229 2567 καί
1246 2498 1342 2568 ούκέτι

183 2607 263 2669 ἐσται
280 2602 355 2688 πρός
372 2601 404 2668 τό
421 2601 538 2688 ύγαθύν
554 2605 692 2677 ἐναντίως
707 2610 748 2691 τῷ
766 2600 887 2691 ύγαθῷ,
916 2601 992 2667 κατύ
1009 2602 1203 2687 δικαιοσύνην
1218 2602 1252 2669 τό
1273 2600 1341 2689 ύγα-

183 2706 242 2771 θόν
262 2713 302 2793 τῷ
325 2703 431 2792 ιίγαθηί
450 2706 602 2787 παρέχων,
632 2706 682 2768 καί
703 2709 744 2792 τῷ
762 2704 867 2793 φαύλην
885 2703 939 2787 τήν
958 2708 1106 2787 ἐπιτιμίαν
1123 2712 1176 2789 τῆς
1192 2710 1341 2791 τιμωρίας.

187 2805 264 2872 Ούὸἐ
285 2808 372 2871 πόλιν
394 2805 510 2891 αίγαθός
533 2806 569 2870 ύίν
591 2810 635 2888 είη
658 2804 676 2870 ό
697 2814 737 2895 τῷ
759 2814 881 2896 πονηρῷ
901 2805 955 2873 τόν
972 2805 1090 2893 οίγαθόν
1106 2806 1220 2889 μισθόν
1236 2810 1287 2877 ἐπί
1301 2814 1341 2897 τᾷ

182 2912 254 2975 τέλει
270 2907 434 2984 α’ποιλιιλούς
450 2907 490 2991 μή
509 2916 712 2991 μετανοοῦντι·
736 2913 764 2973 εί
776 2912 825 2975 καί
841 2913 928 2998 ἐντῷ
944 2908 1069 2995 παρόντι
1083 2908 1235 2978 οίναιίλλοι
1249 2908 1342 2979 αύτσῦ

183 3011 234 3078 τόν
249 3012 331 3095 ήλιον
347 3013 397 3077 ἐπὶ
414 3008 548 3097 οίγαθούς
563 3014 613 3076 καί
632 3010 780 3092 φαύλους,
803 3015 852 3077 καί
873 3010 924 3077 τόν
939 3009 1025 3078 ύετόν
1041 3009 1136 3079 αύτοῦ
1151 3016 1276 3101 παρέχοι
1291 3010 1341 3081 ἐστὶ

183 3113 214 3180 τό
230 3122 284 3179 νῦν
299 3111 488 3191 αὐτεξούσιον
504 3123 566 3190 τοῖς
583 3139 613 3178 τε
629 3116 837 3201 πονηροῖςκαὶ
854 3112 981 3201 ἀγαθοῖς
995 3112 1181 3200 ἀνθρώποις.
1225 3112 1340 3203 ’Archi

183 3216 237 3303 γύρ
254 3214 352 3283 ούκέτι
371 3220 450 3282 ἐσται
467 3215 558 3297 φύσις
579 3220 630 3282 καὶ
645 3222 746 3282 δικαία
764 3224 818 3285 τοῦ
835 3224 875 3306 τῷ
890 3226 1014 3306 πονηρῷ
1030 3216 1142 3301 μισθόν
1165 3221 1199 3285 ἐν
1214 3226 1258 3309 τρῖ
1276 3220 1339 3301 μίλ-

182 3330 260 3386 λονιι
275 3322 361 3385 αἰῶνι
377 3325 523 3404 σωτηρίας
537 3322 725 3403 παρέχοντος,
747 3322 797 3385 καί
812 3317 848 3385 ού
863 3328 972 3403 μᾶλλον
987 3327 1146 3402 μισοῦντος
1159 3318 1195 3387 τό
1208 3318 1342 3407 πονηρόν

55 3458 106 3503 ηις.
120 3446 165 3489 τοι.
184 3426 234 3488 καί
252 3431 376 3502 φαῦλον.
419 3420 452 3485 '0
467 3423 499 3486 ὁέ
515 3428 611 3507 τρίτος
626 3420 833 3508 εὑρισκόμενος
847 3420 916 3507 παρ’
933 3420 1013 3512 αύτῷ
1028 3422 1161 3507 πονηρός
1172 3426 1203 3489 εί
1218 3426 1276 3507 ἔχει
1289 3420 1342 3507 τήν

184 3529 320 3602 ἐξουσίαν
342 3524 378 3589 τοί
394 3524 701 3611 πονηρύέργύζεσθαι
718 3527 768 3589 καί
785 3525 948 3609 κατισχύειν
964 3532 1024 3591 τοῖν
1038 3529 1070 3592 ἐν
1085 3532 1127 3615 τῷ
1142 3524 1264 3617 κόσμῳ,
1298 3522 1341 3611 *ἢ

182 3635 241 3693 τῶν
263 3627 381 3694 ύνωθεν
398 3626 537 3714 α’γαθῶν,
560 3627 581 3710 ή
602 3634 656 3693 τού
673 3630 764 3710 μέσον
782 3632 915 3707 δικαίου,
936 3626 1126 3713 εὑρεθήσεται
1146 3628 1341 3717 ίσχυροίτερος

183 3723 270 3805 ούτος
286 3730 340 3795 ὁύο
356 3739 437 3795 θεῶν
452 3738 510 3795 τῶν
526 3729 608 3814 παροί
625 3735 784 3815 Μαρκίωνι
798 3733 976 3816 λεγομένων,
999 3730 1101 3815 ἐπειδή
1115 3730 1277 3811 ἐξουσιάζει
1289 3728 1341 3819 ι’ρ·

184 3832 284 3910 πύζειν
305 3830 340 3897 τοί
360 3831 508 3917 α’λλότρια·
538 3835 590 3898 καί
611 3830 748 3918 οίδρανεῖς
767 3831 872 3899 λοιπόν
889 3832 1212 3919 καταφηφισθήσονται
1234 3836 1267 3901 οί
1285 3830 1340 3901 δύο

182 3934 264 4019 παρύ
280 3934 332 4001 τόν
345 3938 397 4001 ἕνα
411 3934 560 4018 πονηρόν,
584 3938 615 4021 οί
627 3934 668 4018 μή
683 3933 843 4019 δυνάμενοι
856 3934 985 4019 οίντέχειν
1000 3938 1051 4003 καί
1065 3936 1196 4019 ρύισθαι
1210 3934 1272 4005 ύπό
1287 3942 1340 4005 σσῦ

182 4036 364 4119 ύρπύζοντος
385 4036 421 4102 τοί
444 4036 566 4104 4αύτῶν
587 4036 674 4117 ύντα,
695 4041 746 4104 καί
769 4042 809 4116 εἰς
831 4044 977 4124 πονηρίαν
997 4038 1239 4123 μεταβύλέοντος.

49 4342 117 4413 Κεφ.
137 4341 167 4407 ς’.
262 4322 373 4404 Ἄλλως
394 4330 427 4395 δέ
447 4326 535 4394 πόλιν
552 4328 719 4413 νοήσωμεν,
747 4332 798 4397 ίνα
819 4328 873 4414 τήν
893 4326 999 4415 χλεύην
1018 4338 1074 4399 τοῦ
1090 4324 1222 4419 α’γύρτσυ
1237 4328 1337 4421 φαρύ-

216 4466 275 4515 Cn.
290 4466 331 4518 w.
349 4497 382 4507 -
401 4468 424 4519 1.
441 4469 479 4537 τῴ
486 4506 493 4531 ,
517 4472 580 4531 quoa
596 4473 743 4521 desideratur
775 4475 854 4523 σανίσι
866 4488 897 4523 εκ
910 4474 960 4523 τοο.
974 4486 1018 4523 νιν,
1029 4474 1119 4535 aliquo,
1133 4474 1176 4535 φο·
1185 4486 1234 4525 m
1246 4478 1281 4525 ed
1293 4474 1337 4523 Υι-

181 4540 205 4587 ι“ιι
222 4537 306 4597 edilis,
322 4543 415 4601 reposui
430 4554 460 4588 ex
475 4539 527 4588 οοσ.
545 4540 664 4589 Vaticano.
773 4544 865 4591 σιίαοιιε
876 4544 993 4591 illuvias
1006 4542 1077 4603 vulno
1089 4544 1124 4591 τοί
1135 4554 1203 4605 κιαι,
1220 4544 1246 4593 λι
1256 4540 1337 4593 m

213 4608 238 4657 2.
255 4598 423 4673 ὑφιστάμενος
438 4608 579 4669 scripturam
595 4612 679 4671 ποιμα
696 4610 741 4659 Pe·
773 4612 833 4660 ιίαιισ
853 4610 954 4671 mmm
972 4610 1080 4673 πατρίοις
1099 4608 1249 4661 mm
1281 4604 1336 4675 ἐμ-
