3046 5084
422 347 558 399 rsrtsmt
574 349 639 401 ets.
652 351 673 401 l.
687 350 770 403 Toni.
785 351 816 400 ll.
834 350 934 401 naen.
950 349 1050 401 XXXl.
1251 341 1309 402 311

154 472 244 551 letus,
268 470 345 554 qood
364 479 395 532 et
414 468 511 531 lumen
527 466 644 545 dicitur,
667 465 836 531 Beatitudo.
884 466 1122 549 Ecclesiasticus,
1147 468 1308 555 Sapientia.

152 570 290 659 Bythios,
313 569 430 657 Mysis.
475 567 637 651 Agerinus,
661 565 752 633 Unio.
789 567 975 654 Autophyes,
997 568 1199 655 Temperutio.
1236 571 1308 637 Uni-

153 694 245 760 geue,
269 671 388 738 Unitas.
434 667 613 749 lmmoltilis,
639 667 793 754 Voluptas.

238 773 324 859 Quod
351 775 376 837 si
401 771 600 836 successionis
625 770 728 835 ordine
755 791 912 835 numerare
935 771 1027 849 velis,
1059 793 1077 834 a
1102 793 1237 856 supremo
1259 776 1308 839 illo

153 899 208 943 uec
230 877 339 941 effabili
355 874 464 953 Patre,
489 895 574 958 quem
592 871 709 960 Bython
728 874 896 952 nominant,
927 874 962 937 ad
981 873 1109 936 citimum
1127 896 1218 959 usque
1241 898 1309 940 coe-

152 982 211 1045 lnru
230 978 405 1042 tricenarius
425 997 564 1041 numerus
582 976 637 1039 hoc
655 976 741 1038 modo
759 976 921 1059 colligitur:
955 972 1089 1061 Bythos,
1115 974 1203 1061 Sige,
1226 977 1305 1057 Nus,

152 1081 286 1160 Veritas,
310 1077 423 1164 Logos‚
441 1077 523 1158 Vite,
546 1076 656 1157 Homo,
680 1075 845 1155 Ecclesiae,
870 1075 1055 1157 Paracletus,
1078 1076 1181 1157 Fides,
1205 1078 1305 1143 Pater-

153 1204 220 1263 nus,
245 1180 335 1268 Spes,
357 1179 525 1258 Maternus,
550 1176 700 1259 Charitas,
717 1178 827 1258 Ainus,
852 1177 990 1265 Synesis,
1011 1179 1154 1244 Theletus
1170 1180 1306 1244 siveLu-

153 1305 231 1363 men,
255 1281 424 1364 Beatitudo,
447 1280 693 1360 Ecclesiasticus,
718 1278 887 1366 Sapientia,
910 1279 1054 1368 Bythius,
1078 1281 1199 1361 Mistio,
1224 1287 1304 1368 Age-

153 1398 250 1466 ratos,
274 1383 371 1465 Unio,
393 1385 588 1471 Autophyes,
612 1382 822 1470 Temperatio,
848 1381 1003 1468 Unigenn,
1026 1384 1143 1466 Unitas,
1167 1383 1303 1450 lmmohi·

152 1490 205 1569 lis,
229 1486 383 1574 Voluptas.

233 1590 386 1655 Eiusmodi
408 1600 455 1654 est
477 1589 602 1653 celebris
618 1588 669 1652 illa
688 1588 806 1673 triginta
821 1588 957 1652 Aeonum
976 1590 1089 1669 lahuln,
1114 1590 1301 1655 inanissima·
1320 1599 1380 1668 Cap.
1392 1604 1436 1655 111.

151 1715 205 1778 que
222 1692 373 1779 spiritalis,
398 1703 430 1755 ut
443 1700 567 1769 vocant,
591 1691 794 1775 complemeuti
811 1692 958 1775 coniugia.
1005 1689 1090 1774 Quae
1108 1694 1132 1757 si
1151 1694 1215 1778 quis
1236 1716 1299 1757 cum

149 1794 290 1873 Hesiodi,
314 1792 479 1860 Stesichori
495 1792 678 1877 aliorumque
693 1791 874 1857 Graecorum
899 1803 1049 1878 poetarum
1074 1796 1178 1860 lahulis
1201 1799 1300 1860 conle-

148 1908 211 1979 rat‚
233 1899 335 1962 eadem
353 1893 494 1961 cumillis
511 1894 627 1981 penitus
644 1914 730 1970 esse,
754 1915 849 1977 nequo
865 1895 922 1957 ulla
946 1895 975 1958 in
992 1917 1025 1958 re
1040 1897 1205 1983 discrepare
1221 1922 1300 1962 eom-

148 2001 259 2087 periet,
292 1999 476 2082 indidemque
497 2007 657 2080 cognoscet
680 1995 750 2059 nihil
773 1995 850 2059 aliud
877 2017 944 2059 esse
966 1998 1157 2064 admiratione
1181 2001 1297 2085 dignum

147 2104 222 2188 qnod
242 2103 291 2167 isti
309 2101 494 2166 mirilicerum
514 2099 678 2162 haereseon
697 2099 864 2161 conditores
883 2098 962 2162 velut
977 2120 1083 2162 arcana
1101 2102 1240 2185 quaedam
1265 2123 1299 2165 ac

146 2205 286 2291 mysteria
305 2224 396 2290 penes
413 2224 446 2266 se
461 2223 527 2266 esse
544 2202 728 2287 prolitentur.
762 2198 845 2264 Nihil
860 2199 937 2263 enim
954 2201 1029 2263 aliud
1047 2203 1102 2265 nisi
1116 2201 1296 2268 Graecorum

146 2308 277 2393 poeticas
300 2327 394 2390 nugas
416 2325 451 2368 ac
474 2305 626 2390 gentilium
650 2303 752 2367 deliria
775 2313 806 2366 et
828 2302 943 2365 inanem
964 2304 1114 2368 scientiam
1142 2327 1297 2390 expresse-

146 2420 233 2491 runt,
256 2430 352 2494 neque
370 2410 520 2493 quicquam
539 2416 658 2492 praeter
672 2426 763 2471 voces
785 2407 978 2483 innovarunt,
1003 2427 1075 2490 quas
1100 2408 1141 2471 illi
1165 2409 1297 2474 barbaris

146 2511 388 2597 appellationibus
403 2531 556 2596 perperam
573 2510 771 2572 detorserunt.
818 2505 862 2570 lta
880 2508 956 2570 eninr
972 2509 1020 2571 vel
1033 2508 1096 2594 ipse
1112 2511 1296 2596 philosopha-

146 2625 193 2678 tur
211 2613 371 2677 Hesiodus.
417 2611 546 2677 Primum
566 2612 694 2676 omnium
714 2607 813 2676 Chaos
832 2610 984 2691 extitisse,
1009 2633 1061 2696 pro
1081 2635 1138 2695 quo
1159 2612 1198 2676 illi
1221 2612 1295 2678 Prn-

145 2717 264 2780 lundum
280 2716 471 2781 substituunt.
503 2713 614 2779 Secuta
630 2726 676 2778 est
690 2712 775 2793 Nox,
793 2711 921 2791 Erehus,
939 2712 1049 2793 Terra,
1067 2714 1190 2794 Aether,
1208 2716 1292 2796 Dies,

144 2819 256 2898 Amor,
280 2816 461 2898 Consilium,
491 2816 614 2896 Fatum,
637 2815 806 2894 Aeruntna,
838 2813 952 2896 Casus,
981 2815 1137 2898 Nemesis,
1161 2817 1292 2900 Nonius,

143 2921 302 3001 Amicitia,
332 2919 436 3002 Mors,
465 2918 618 2999 Licentia,
644 2916 807 2998 Senectus,
831 2917 907 2998 Ate,
933 2918 1135 3000 Desiderium,
1161 2919 1291 3004 Oblivio,

143 3021 285 3103 Somnus,
307 3020 422 3107 Pugna,
446 3020 626 3108 Lysimeles,
650 3018 852 3099 Contumelia,
876 3020 1074 3107 Euphronius,
1100 3023 1206 3108 Aegle,
1233 3023 1293 3090 Cu-

143 3147 240 3192 rarum
256 3126 405 3205 solatium,
429 3122 537 3202 Fraus,
563 3122 754 3210 Hedymeles,
777 3120 843 3187 Lis.
890 3122 945 3188 llic
960 3125 1008 3188 ille
1025 3148 1163 3190 numerus
1183 3131 1290 3212 estqui

142 3228 263 3293 marium
279 3229 508 3312 feminarumque
526 3227 695 3291 continuata
712 3226 790 3290 serie
808 3227 995 3290 tricenarium
1017 3229 1113 3292 efficit.
1160 3226 1245 3310 Quod
1266 3230 1290 3292 si

141 3332 207 3417 quis
222 3331 459 3395 animadvertere
474 3330 546 3394 velit
561 3330 799 3415 quemadmodum
814 3330 861 3393 isti
878 3331 1103 3414 uniuscuiusque
1121 3353 1184 3393 eum
1198 3333 1290 3394 altero

141 3433 355 3519 copulationem
380 3433 550 3510 instituant,
579 3433 620 3496 ita
643 3432 804 3519 composita
829 3445 1052 3518 comparataque
1082 3434 1160 3495 inter
1187 3454 1218 3496 se
1242 3435 1289 3498 illa

141 3547 301 3622 cognoscet
322 3536 561 3621 quemadmodum
579 3558 596 3599 u
616 3536 711 3622 poetis
727 3536 914 3599 constitutum
933 3536 1066 3619 legimus.
1112 3535 1203 3599 Velut
1224 3559 1288 3600 cum

140 3659 180 3703 ex
194 3636 284 3726 Bythi
302 3661 366 3703 cum
381 3637 479 3704 Nocte
503 3661 537 3702 ac
557 3635 682 3703 Silentio
699 3639 905 3703 coniunctione
923 3650 1105 3723 procreatam
1124 3660 1190 3704 csse
1211 3638 1289 3705 Ter-

139 3763 201 3807 ram
217 3743 378 3821 affirmant,
401 3742 467 3820 vol,
492 3753 524 3806 ut
539 3741 605 3820 alii,
628 3738 769 3820 Coelum,
794 3763 879 3826 quem
898 3753 927 3803 ct
945 3740 1145 3826 llyperionem
1167 3756 1285 3809 vocant.

138 3843 330 3930 Eandemque
346 3866 411 3908 eum
436 3854 514 3908 terre
532 3844 696 3932 copulatum
714 3865 811 3908 mares
827 3844 1007 3927 feminasque
1023 3844 1178 3928 genuisse,
1201 3858 1286 3931 atquo

137 3946 179 4012 itu
201 3968 254 4033 per
278 3957 367 4011 totam
393 3946 519 4011 fabulam
542 3947 676 4012 omnibns
692 3947 835 4010 accidisse
849 3946 987 4030 reliquis3
1018 3946 1179 4012 cuiusmodi
1201 3951 1286 4035 plane

138 4060 184 4115 est
201 4049 355 4135 nugatoria
377 4049 424 4112 illa
443 4047 530 4136 Bythi
550 4060 636 4135 atque
652 4049 864 4113 inextricabilis
885 4049 1018 4113 historia.
1063 4049 1192 4116 Possunt
1214 4074 1286 4116 vcro

137 4152 213 4216 hunc
234 4154 265 4216 in
289 4153 404 4216 modum
430 4153 492 4216 lere
517 4152 564 4215 illa
587 4152 665 4216 inter
687 4171 753 4214 sese
772 4173 823 4236 per
840 4151 974 4237 coniugia
993 4154 1138 4239 copulari:
1173 4152 1283 4234 Clraos,

135 4253 221 4335 Nox,
245 4253 374 4334 Erehns,
398 4252 507 4334 Terra,
531 4253 656 4333 Aether,
681 4251 766 4335 Dies,
789 4252 874 4332 Nox,
894 4251 1067 4333 Consilium,
1086 4254 1203 4337 Fatum,
1225 4259 1284 4322 Ae-

134 4378 255 4438 rumua,
288 4353 401 4438 Casus,
430 4354 587 4435 Nemesis,
619 4353 757 4436 Morcus,
782 4354 979 4439 Concubitus,
1002 4357 1105 4436 Mors,
1135 4359 1281 4436 Licentia,

133 4499 155 4545 rt
170 4494 268 4558 Rhodia.
291 4493 337 4548 >cci
351 4485 424 4555 οὗτος
439 4488 455 4548 d
471 4492 516 4561 puls
530 4487 639 4561 ἀριθμὸς
655 4495 692 4544 ed.
761 4493 785 4546 7.
803 4487 858 4561 ἤδη
875 4499 925 4546 cod.
942 4498 996 4547 Vm.

130 4566 207 4681 mm
234 4556 372 4625 acholitus
387 4559 401 4617 d
418 4560 464 4631 μὲν
479 4558 589 4632 canate
604 4565 693 4615 sd.Pe-
728 4561 784 4683 VS.
804 4560 855 4633 ἔχει
876 4561 909 4631 δή
934 4564 1020 4632 οἵαπερ
1045 4559 1065 4631 η’
1082 4559 1218 4633 ἀπέραντος
1235 4569 1285 4617 cod.

175 4666 181 4681 .
748 4647 783 4682 eo.
