3046 5084
366 417 404 477 70
781 424 900 476 εισοτι
920 424 1085 475 ΕΡιΡΗκΝιι

365 540 474 624 δμοίως
489 538 509 624 ἡ
524 545 622 623 ξυλίνη
636 539 710 606 κατολ
727 548 803 606 θεοῦ
819 539 952 622 βοόλημα
966 542 1113 623 ἐψυγοῦτο
1129 541 1180 604 καί
1197 537 1266 620 ῦφις
1280 539 1417 624 γινομένη
1433 536 1505 603 οἶνοί-

289 692 294 704 .
331 689 337 702 ·
368 665 466 709 στασιυ
487 641 600 725 ἐδήλου.
641 640 724 707 'And
744 643 794 706 καλ
810 649 946 725 Μωῦσῦγς
965 639 1089 727 εῦλογῶν
1110 640 1179 717 τοῦς
1198 643 1264 724 περί
1277 638 1398 723 Ῥουβλμ
1419 643 1505 726 λέγει,

368 745 453 828 Ζήτω
468 743 601 828 Ῥουβλμ,
623 747 672 808 καί
690 742 730 826 μή
752 741 942 823 α’ποθανέτω,
964 742 1014 808 τόν
1029 740 1088 807 οίπδ
1106 742 1196 807 πόλοι
1211 741 1434 825 τελευτήσαντα,
1456 747 1508 808 ἵνα

365 846 440 931 ζωὴν
456 851 534 936 δείξη
552 843 626 911 εἶναι
643 845 714 929 μεταλ
739 844 886 923 θάνατον,
916 849 1011 928 κρίσιν
1030 846 1061 908 δὲ
1082 846 1219 928 δευτέρου
1236 842 1372 908 θανᾶτου
1396 847 1437 919 είς
1452 871 1505 908 κα-

364 954 495 1031 ταδίκην.
538 947 594 1013 Διό
619 948 672 1012 δύο
696 945 827 1030 εὐλογίας
851 945 929 1032 αὐτῷ
954 948 1118 1026 ἐπιτίθησι,
1147 945 1179 1009 τό
1200 943 1285 1027 Ζήτω
1307 947 1397 1030 λέγων
1415 948 1446 1010 έν
1467 953 1504 1034 τῇ

366 1048 535 1127 οἷναστόσει,
556 1052 604 1113 καί
624 1047 681 1128 Μὴ
697 1045 873 1112 οἷποθανέτω
895 1050 926 1111 ἐν
942 1051 1048 1130 κρίσει,
1072 1043 1108 1110 οῦ
1124 1045 1258 1111 θόνατον
1273 1046 1324 1111 τόν
1341 1044 1389 1111 διολ
1407 1045 1505 1129 σώμα-

365 1177 417 1226 τος
432 1149 596 1232 όπαλλαγῆς
609 1151 709 1233 λέγων,
731 1147 799 1212 ἄλλό
814 1147 866 1212 τόν
883 1145 932 1211 διολ
946 1151 1110 1228 καταδίκης.
1141 1145 1267 1231 ’Λρκὲσει
1280 1156 1351 1233 γοῦν
1369 1146 1406 1212 τολ
1421 1145 1505 1232 όλίγα

366 1250 441 1335 πρδς
457 1248 602 1314 οίντίθεσιν
617 1248 736 1313 τούτων.
768 1248 897 1331 Ἔχουσι
913 1249 1007 1313 δὲκαὶ
1025 1246 1094 1312 ῦλλα
1108 1247 1172 1314 τινολ
1190 1246 1291 1324 οἷνοίας
1309 1251 1367 1330 ἔθη
1383 1247 1502 1330 παλαιδ,

367 1350 448 1440 οῦρρι
464 1350 631 1432 κλυζόμενοι
647 1348 722 1414 έπολν
743 1348 801 1415 οἷπδ
821 1352 903 1431 ξένης
925 1352 1048 1428 ἔλθωσι,
1077 1352 1264 1432 μεμιασμένοι
1280 1354 1388 1431 δῆθεν,
1417 1349 1505 1416 ῦδατι

367 1451 421 1517 σῦν
434 1457 557 1535 ἱματίοις
572 1450 785 1534 βαπτιζόμενοι,
800 1450 873 1516 έπῦν
888 1450 1020 1531 ῦψωνται
1038 1453 1137 1536 έτέρου
1150 1459 1209 1516 τῶν
1222 1449 1394 1516 όλλοεθνῦν.
1418 1458 1502 1517 Μια-

367 1553 442 1636 σμδν
457 1552 511 1638 γόρ
527 1551 666 1637 ἡγοῦνται
681 1552 715 1618 τό
729 1579 808 1629 τινος
824 1553 976 1633 ἅψασθαι,
997 1551 1062 1636 ἤτοι
1074 1558 1169 1638 θίγειν
1187 1551 1273 1618 ῦλλου
1289 1550 1369 1628 τινδς
1384 1550 1505 1638 οἷνθροό-

367 1682 427 1721 που
445 1653 495 1721 ἀπ’
510 1653 597 1720 όίλλου
615 1653 767 1740 δόγματος.
814 1653 913 1737 Πολλὴ
933 1652 988 1742 γολρ
1010 1652 1031 1736 ἡ
1051 1652 1164 1720 τούτων
1185 1654 1405 1739 φρενοβλάβεια.
1446 1674 1449 1682 ·

66 2096 76 2129 ι
235 2067 300 2133 Κεφ·
319 2062 349 2120 δ’·
453 2068 525 2137 Ποῦς
549 2063 581 2127 δὲ
603 2060 808 2147 εῦθυέλεγκτος
832 2060 852 2146 ἦ
878 2061 975 2127 αὐτῶν
1004 2061 1090 2128 ῦνοια
1120 2065 1244 2146 γίνεται,
1272 2062 1426 2144 ἐπίστησον
1451 2059 1506 2126 τόν

367 2171 454 2241 νοῦν,
486 2156 770 2246 ῦθαυμασιοότατε,
800 2166 851 2229 καλ
876 2168 948 2253 εἴση.
992 2162 1109 2249 Νεκρδν
1136 2164 1188 2246 μέν
1217 2160 1272 2249 γῦρ
1296 2160 1409 2238 εῦθέως
1438 2166 1504 2245 βδε·

241 3908 292 3952 τοι·
303 3896 335 3941 ¹²·

367 2264 531 2344 λόττονται,
553 2263 638 2331 αῦτολ
653 2269 751 2351 νεκροί
773 2264 854 2340 όντες
867 2275 929 2340 τοῖς
945 2268 1049 2350 ἔργοις.
1093 2272 1288 2350 Μαρτυροῦσι
1303 2263 1375 2351 γδρ,
1398 2262 1434 2331 οῦ
1451 2269 1505 2347 μία

368 2371 527 2451 μαρτυρία,
550 2365 620 2432 α’λλολ
635 2371 752 2446 πολλαί,
782 2375 821 2454 τῷ
843 2364 884 2448 μὴ
909 2363 984 2431 εἶναι
1001 2364 1052 2431 τόν
1075 2364 1179 2452 νεκρόν
1194 2368 1421 2451 έβδελνγμένον,
1444 2363 1503 2431 ἄλλ’

368 2466 413 2533 δτι
439 2471 657 2553 αἰνιγματωδῶς
682 2465 700 2534 δ
726 2465 818 2548 νόμος
842 2469 943 2551 ἔλεγεν.
995 2465 1100 2533 Οὐκέτι
1121 2467 1176 2555 γδρ
1205 2467 1259 2533 δόο
1282 2465 1303 2550 ἢ
1332 2476 1409 2554 τρεῖς
1432 2494 1505 2552 μαρ-

367 2573 462 2655 τυρίαι
481 2574 521 2647 εἰς
535 2578 619 2636 τοῦτο
635 2566 707 2651 ἡμῖν
722 2571 980 2653 έπιμαρτνροῦσιν,
1003 2567 1073 2634 ἄλλοί
1089 2569 1228 2655 μυριάδες
1243 2567 1437 2652 ἑξηκονταδύο
1451 2569 1504 2636 τόν

367 2669 496 2756 όριθμόν
519 2674 550 2736 ἐν
571 2678 606 2759 τῇ
631 2669 747 2757 ἐρήμῳ,
776 2672 825 2734 καλ
850 2669 931 2735 ῦλλαι
953 2679 1103 2753 τοσαῦται,
1125 2674 1177 2736 καλ
1193 2673 1334 2737 ἐπέκεινα.
1379 2672 1439 2736 Kal
1461 2672 1504 2737 ἔτι

367 2771 443 2837 πολῦ
458 2776 576 2846 πλείους
594 2775 626 2835 αἱ
641 2778 676 2860 τῇ
690 2778 770 2859 σορῷ
785 2778 838 2836 τοῦ
850 2769 962 2855 Ἰωσὴφ
979 2777 1227 2859 έπιμαρτυροῦσαι
1247 2781 1283 2863 τῇ
1299 2771 1349 2838 διδ
1366 2771 1503 2859 τεσσαροί-

368 2898 456 2937 κοντα
473 2875 545 2938 ἐτῶν
560 2874 756 2962 βασταζομένη
773 2876 804 2939 έν
818 2873 871 2963 ὅλη
894 2882 930 2964 τῇ
947 2881 1130 2964 παρεμβολῇ,
1158 2877 1208 2940 καλ
1225 2873 1265 2957 μή
1283 2877 1504 2964 βδελυττομένη,

368 2971 438 3056 μήτε
455 2974 629 3064 μολυνοόση.
664 2973 771 3061 Ἔλεγε
797 2976 828 3042 δὲ
847 2974 962 3058 τάληθῆ
984 2974 1002 3042 ό
1024 2976 1116 3059 νόμος
1137 2978 1198 3057 ὅτι,
1225 2974 1302 3042 Ἐάν
1325 3004 1369 3054 τις
1391 2975 1506 3059 ῦψηται

371 3082 514 3160 1νεκροῦ,
536 3080 614 3159 μένει
629 3078 752 3159 βέβηλος
772 3079 827 3154 ἕως
851 3080 988 3164 ἑσπέρας,
1010 3081 1060 3144 καλ
1073 3077 1204 3145 λοῦσεται
1218 3077 1321 3157 ῦδατι,
1342 3080 1393 3144 καλ
1409 3088 1505 3144 καθα·

367 3177 546 3266 ρισθησεται.
582 3171 638 3244 Ἦν
656 3179 687 3242 δέ
699 3186 785 3245 τοῦτο
803 3179 1000 3263 αἰνιττόμενος
1022 3184 1063 3257 είς
1079 3179 1133 3264 την
1146 3188 1200 3246 τοῦ
1220 3186 1324 3266 κυρίου
1345 3178 1428 3263 ἡμῶν
1443 3177 1502 3262 Ἰη-

367 3289 422 3348 σοῦ
438 3287 566 3365 Χριστοῦ
589 3281 745 3364 νέκρωσιν,
775 3281 849 3347 κατολ
873 3281 905 3348 τό
931 3285 1071 3367 ίνσαρκον
1093 3280 1185 3349 αῦτοῦ
1207 3281 1316 3357 πόθος.
1356 3279 1428 3346 'And
1446 3280 1504 3366 γολρ

369 3390 448 3449 ’τοῦ
471 3391 531 3449 Τοῦ
555 3379 671 3466 ῦρθρου
689 3380 742 3464 τήν
762 3383 907 3470 διάκρισιν
929 3393 983 3451 τοῦ
1000 3383 1144 3468 όνόματος
1160 3389 1219 3451 ἔστι
1233 3391 1368 3468 σημᾶναι.
1401 3381 1503 3446 Ὅπου

367 3483 422 3570 γὰρ
437 3483 553 3570 ῦρθρον
563 3483 728 3569 πρόςκειται
743 3488 793 3550 έπλ
807 3489 850 3552 fvt
867 3514 923 3553 τινι
938 3484 1086 3577 ολρισμένω
1103 3484 1388 3575 καλδιαφανεστότμ,
1411 3482 1503 3549 ιποίν-

368 3611 425 3661 τως
448 3589 524 3651 ἔστιν
546 3583 567 3668 ἡ
589 3589 743 3668 βεβαίωσις
766 3590 816 3653 διοὶ
838 3587 871 3654 τό
897 3588 1026 3677 όίρθρον·
1056 3587 1127 3656 ῦνευ
1152 3590 1184 3656 δέ
1212 3596 1267 3654 τοῦ
1290 3585 1423 3674 ῦρθρου,
1453 3587 1503 3652 λπλ

370 3685 437 3761 ένδς
457 3695 510 3752 τοῦ
531 3687 666 3770 τυχόντος
684 3686 826 3776 οίορίστως
842 3693 902 3756 ἒστλ
923 3693 1056 3774 ληπτέον.
1097 3689 1149 3768 Ὡς
1169 3688 1234 3758 οἷον
1256 3693 1362 3769 εἰπεῖν,
1391 3686 1444 3754 έῦν
1465 3691 1505 3755 εἴ·

371 3812 471 3870 πωμεν
486 3789 641 3870 Βασιλεῦς,
663 3789 755 3874 όνομα
769 3794 821 3875 μὲν
835 3791 1034 3877 λσημόναμεν,
1057 3790 1113 3859 ἄλλ’
1127 3790 1163 3859 οῦ
1178 3799 1326 3880 τηλαυγῶς
1343 3789 1396 3858 τδν
1410 3788 1505 3878 δριζό·

368 3916 456 3973 μενον
472 3893 622 3974 ἐδείξαμεν.
666 3896 790 3959 Βασιλέα
804 3893 860 3981 γδρ
877 3896 994 3981 λέγομεν
1011 3897 1061 3961 καὶ
1079 3901 1215 3980 Περσῶν,
1235 3896 1286 3960 καλ
1302 3892 1432 3980 Μήδων,
1454 3895 1505 3960 καλ

363 3989 530 4078 Ἐλαμιτων.
571 3991 641 4059 Ἐολν
659 3996 690 4061 δδ
707 3995 778 4079 μεταλ
793 3995 967 4083 προςθήκης
989 4005 1042 4063 τοῦ
1065 3995 1182 4083 ῦρθρου
1199 4000 1342 4080 είπωμεν,
1371 3994 1406 4062 ‘0
1422 4000 1504 4080 βασι·

364 4095 446 4177 λεῦς,
469 4093 668 4180 ολναμφίβολόν
687 4101 746 4175 ἐστι
768 4097 801 4165 τό
819 4097 1040 4182 σημαινόμενον.
1081 4096 1115 4164 ‘O
1131 4097 1187 4185 γολρ
1212 4097 1348 4183 βασιλεῦς
1366 4095 1384 4163 δ
1402 4092 1502 4178 ζητοῦ·

366 4224 468 4281 μενος,
498 4197 549 4282 αλδ
562 4198 730 4285 λεγόμενος,
759 4198 780 4284 ἢ
789 4198 815 4289 Ιό
829 4201 1060 4286 γινωσκόμενος,
1087 4199 1109 4284 ἢ
1124 4198 1142 4267 δ
1159 4209 1214 4268 τοῦ
1236 4227 1315 4278 τινος
1330 4195 1502 4282 βασιλεῦον,

366 4298 416 4365 διό
434 4310 487 4367 τοῦ
502 4299 619 4386 όρθρου
634 4297 847 4367 ῦποδείιινυται.
892 4306 952 4370 Καλ
968 4302 1020 4371 ἒολν
1033 4306 1169 4386 είπωμεν,
1193 4303 1277 4384 Θεδς,
1299 4299 1368 4367 ῦνευ
1381 4304 1436 4365 τοῦ
1450 4294 1502 4383 ῦρ-

401 4487 458 4538 οτι».
475 4491 516 4538 ιν.
542 4518 573 4529 -
600 4491 623 4540 ι.
641 4493 678 4540 τε
690 4494 791 4554 mmm
803 4495 868 4554 ειμι
882 4507 918 4543 α-
985 4495 1009 4546 2.
1027 4496 1069 4549 τοο
1083 4499 1126 4550 τοῦ
1141 4495 1295 4556 παίουσιν.
1319 4493 1393 4555 vunan
1403 4485 1501 4545 τοῦτον·

364 4561 466 4687 war
483 4561 569 4620 μοειθιλ
584 4561 739 4620 reponendum
755 4574 802 4611 τιτι
818 4560 863 4613 τοῦ
878 4576 917 4613 τε·
985 4561 1009 4615 θ.
1025 4560 1123 4619 πάντων
1138 4566 1192 4617 odit.
1206 4564 1286 4613 Ρυλσν.
