3046 5084
297 337 357 399 232
714 345 835 397 ειιιιστι
851 345 1016 398 ιοιοιιιαιι

162 483 229 550 Κςφ,
246 480 277 537 ὅ,
376 456 432 527 Ἦν
445 461 500 547 γῦρ
518 459 536 526 ό
552 458 697 543 Ἰάκωβος
714 455 801 537 οὗτος
815 461 880 537 υῖός
894 469 948 526 τοῦ
969 458 1082 542 Ἰωσήφ
1101 461 1134 524 ἐκ
1151 458 1290 544 γυναικός
1305 467 1359 526 τοῦ
1372 457 1440 527 Ἰω·

298 566 376 649 σήφ,
400 561 455 628 οῦκ
472 560 530 627 όπό
549 567 688 648 Μαρίας,
711 559 751 638 οῖς
767 565 818 627 καί
833 566 875 638 είς
889 560 1012 638 πολλοῦς
1034 560 1145 637 τόπους
1165 568 1251 627 τοῦτο
1273 559 1345 644 ήμῖν
1361 566 1440 647 είρη·

297 693 360 745 ται,
381 668 433 730 καλ
448 666 625 747 σαφέστερον
642 661 714 747 ήμῖν
730 663 990 749 πεπραγμάτευται.
1032 661 1122 728 'And
1136 666 1187 728 καλ
1202 660 1373 746 εῦρίσκομεν
1386 662 1440 729 m}-

299 768 350 833 τόν
363 770 395 833 ἐκ
410 772 463 830 τοῦ
481 769 578 847 Δαβλιλ
594 764 679 844 όντα,
708 762 758 830 διό
775 764 808 831 τό
825 765 892 830 υῖόν
911 763 986 830 εἶναι
1003 773 1057 831 τοῦ
1071 763 1185 847 Ἰωσήφ
1204 772 1379 849 Ναζωραῖον
1394 790 1439 851 γε·

298 869 430 952 νόμενον.
467 861 523 931 Ἠν
544 865 599 953 γῦρ
619 864 805 950 πρωτότοκος
820 874 860 954 κρῖ
881 864 1011 950 Ἰωσήφ,
1032 869 1083 932 καλ
1097 865 1278 951 ήγιασμένος.
1312 864 1386 931 Ἔτι
1408 867 1441 932 όέ

300 973 351 1036 καλ
373 972 579 1056 ίερατειίσαντα
604 966 694 1032 αότόν
712 966 787 1032 κατὰ
810 966 862 1050 τήν
884 967 1012 1034 παλαιόν
1029 970 1190 1054 ἱερωσύνην
1207 967 1338 1053 εῦρομεν.
1381 968 1439 1034 Διό

300 1076 349 1138 καλ
361 1071 465 1154 ήφίετο
483 1069 562 1157 αὐτῷ
577 1069 655 1145 ἱίπαξ
669 1076 722 1132 τοῦ
736 1072 871 1134 ἐνιαυτοῦ
885 1071 926 1145 είς
938 1068 974 1133 τό
985 1068 1054 1154 ἅγια
1068 1075 1126 1133 τοῖν
1142 1066 1234 1155 όγίων
1251 1072 1376 1148 είςιέναι,
1398 1067 1441 1146 οῖς

300 1183 363 1249 τοῖς
377 1172 555 1259 α’ρχιερεῦσιν
572 1173 717 1236 ἐκέλευσεν
730 1168 748 1235 ό
765 1169 871 1251 νόμος,
892 1170 966 1235 κατολ
982 1170 1015 1236 τό
1029 1174 1233 1255 γεγραμμένον.
1280 1171 1367 1236 Οῦτω
1381 1170 1439 1256 γοίρ

301 1277 457 1357 ἱστόρησαν
468 1274 567 1338 πολλοὶ
583 1270 640 1356 πρό
658 1268 741 1353 ήμῶν
758 1274 824 1356 περὶ
840 1271 932 1337 αὐτοῦ
937 1324 945 1353 ,
967 1269 1113 1354 Εῦσέβιός
1125 1297 1157 1336 τε
1169 1274 1217 1338 καλ
1235 1271 1366 1357 Κλήμης,
1387 1274 1440 1338 καί

301 1375 389 1440 ἄλλοι.
431 1372 521 1438 Ἀλλσλ
538 1375 589 1438 καλ
605 1372 639 1438 τό
655 1375 779 1438 πέταλον
794 1375 842 1439 ἐπί
858 1381 910 1457 τῆς
927 1381 1056 1456 κεφαλῆς
1071 1377 1140 1456 ἐξήν
1155 1372 1235 1462 αότρῖ
1252 1375 1363 1458 φέρειν,
1385 1401 1438 1440 κα-

302 1475 368 1552 θολς
389 1479 419 1541 οῖ
431 1477 638 1560 προειρημένοι
653 1472 815 1551 ἀξιόπιστοι
838 1474 942 1560 ῦνιλρες
957 1478 990 1540 ἐν
1005 1485 1067 1550 τοῖς
1087 1472 1138 1540 ὕπ’
1156 1474 1252 1541 αὐτῶν
1266 1472 1438 1558 ῦπομνημα·

301 1587 413 1660 τισμοῖς
434 1575 643 1661 ἐμαρτύρησαν.
684 1573 794 1662 Ἰερεῦς
808 1580 923 1656 τοίνυν,
946 1574 987 1652 οῖς
1000 1579 1091 1658 ἐφην,
1121 1573 1256 1661 όκῦριος
1274 1574 1361 1659 ήμιῦν
1380 1576 1440 1661 Ἰη-

303 1685 375 1755 σοῦς
392 1677 517 1762 Χριστός
535 1680 576 1753 είς
592 1676 644 1742 τόν
662 1680 754 1742 αι’ῦνα
776 1675 850 1741 κατολ
869 1676 923 1760 τήν
940 1676 1021 1755 τόξον
1038 1679 1232 1760 Μελχισεδὲκ,
1253 1679 1391 1760 βασιλεῦς
1410 1705 1442 1745 τε

304 1779 380 1862 όμοῦ
399 1778 474 1845 κατολ
497 1778 550 1861 τήν
569 1778 650 1856 τόξιν
672 1777 725 1861 τήν
742 1776 877 1858 ῦνωθεν,
906 1783 957 1843 ῖνα
970 1778 1117 1868 μεταγόγη
1133 1778 1187 1860 τήν
1197 1780 1363 1864 ,ίερωσῦνην
1380 1780 1442 1863 ἅμα

302 1890 339 1972 τῇ
355 1886 524 1970 νομοθεσία.
572 1886 632 1946 Τοῦ
647 1881 679 1945 δέ
699 1882 864 1964 σπέρματος
880 1884 978 1964 Δαβλιλ
1000 1881 1049 1946 όιολ
1069 1880 1123 1964 τήν
1139 1885 1264 1966 Μαρίαν
1283 1885 1442 1965 καθεζομέ-

303 2011 358 2051 νου
381 1987 412 2049 έν
429 1983 532 2070 θρόνῳ
552 1985 592 2058 είς
609 1980 662 2047 τόν
676 1984 769 2046 αίοῦνα
786 1984 835 2048 καλ
855 1990 908 2065 τῆς
924 1987 1069 2064 βασιλείας
1086 1980 1177 2047 αῦτοῦ
1192 1980 1248 2048 οῦκ
1262 1985 1339 2049 ἐσται
1350 1985 1440 2060 τέλος.

294 2084 384 2150 ’Ἔδει
408 2083 463 2169 γῦρ
487 2081 577 2148 αὐτόν
596 2091 651 2148 νῦν
671 2093 840 2168 μεταγαγεῖν
863 2083 917 2166 τήν
936 2083 1019 2161 τάξιν
1034 2090 1089 2149 τοῦ
1108 2093 1161 2170 1γε
1182 2088 1336 2165 βασιλείου.
1381 2089 1442 2151 Καλ

302 2187 358 2272 γόρ
374 2185 395 2268 ή
412 2190 541 2268 βασιλεία
556 2183 647 2251 αῦτοῦ
666 2184 722 2250 οῦκ
736 2189 812 2250 ἐστιν
828 2183 886 2252 όπό
903 2192 957 2268 τής
970 2193 1034 2270 γής,
1057 2184 1098 2262 ιός
1114 2187 1207 2270 ἐλεγεν
1222 2188 1309 2274 ἐντῷ
1325 2184 1442 2273 εῦαγγε·

303 2293 354 2376 λίῳ
370 2291 487 2374 Ποντίῳ
504 2285 638 2375 Πιλότφ,
664 2284 842 2369 Ἡβασιλεία
864 2312 922 2368 μου
944 2285 999 2351 οῦκ
1022 2288 1099 2352 ἐστιν
1116 2289 1149 2352 ἐκ
1167 2294 1220 2352 τοῦ
1240 2285 1355 2371 κόσμου
1373 2287 1442 2354 τοῦ·

303 2417 364 2455 του.
411 2394 471 2453 Τοῦ
486 2387 542 2474 γὰρ
558 2395 689 2474 Χριστοῦ
704 2385 741 2452 τό
759 2386 855 2452 πάντα
870 2394 1051 2471 πληροῦντας
1065 2387 1103 2454 δι’
1113 2387 1291 2475 αἰνιγμάτων
1297 2440 1306 2469 ,
1326 2392 1383 2466 έως
1399 2416 1440 2456 τε·

303 2490 354 2567 νός
369 2493 475 2575 μέτρου
490 2494 523 2554 αῖ
539 2487 697 2565 ὑποθέσεις
712 2491 857 2570 ἔφθανον.
893 2488 939 2553 Οῦ
952 2488 1007 2574 γαλρ
1024 2482 1117 2573 ήλθεν
1129 2494 1181 2555 ’ίνα
1195 2489 1351 2577 προκοπήν
1362 2490 1440 2579 λόβη

303 2598 448 2676 βασιλείας
461 2589 478 2656 ό
494 2589 654 2674 βασιλεύων
669 2587 726 2655 σίεί·
749 2592 898 2675 ἐχαρίσατο
917 2592 949 2656 δέ
964 2601 1027 2667 τοῖς
1041 2589 1092 2656 ὕπ’
1106 2589 1198 2658 αῦτοῦ
1213 2593 1440 2673 καθισταμένοις

302 2694 336 2760 τό
358 2698 517 2775 βασίλειον,
537 2695 586 2757 ῗνα
603 2691 643 2774 μή
658 2689 814 2782 όνομασθή
830 2689 889 2757 όπό
903 2699 962 2758 τῶν
977 2701 1089 2777 μικρῦν
1109 2695 1159 2759 ἐπλ
1175 2692 1212 2758 τολ
1233 2698 1346 2776 μείζονα
1366 2718 1440 2777 τερο-

302 2793 429 2859 κόπτειν.
474 2795 570 2857 Μένει
588 2792 644 2878 γόρ
667 2791 758 2859 αὐτοῦ
775 2792 792 2858 ό
810 2792 939 2878 θρόνος,
969 2796 1018 2859 καλ
1042 2802 1094 2877 τῆς
1108 2800 1257 2878 βασιλείας
1272 2792 1362 2861 αῦτοῦ
1383 2792 1440 2861 οῦκ

304 2898 381 2961 ἐσται
403 2896 498 2975 τέλος,
529 2897 580 2960 καί
601 2893 732 2977 κάθηται
756 2896 805 2961 ἐπλ
823 2893 874 2960 τόν
892 2893 1005 2980 θρόνον
1024 2899 1138 2980 Δαβλιλ,
1168 2896 1200 2963 τό
1225 2902 1368 2981 βασίλειον
1386 2904 1442 2963 τοῦ

304 2998 402 3079 Δαβλιλ
417 2995 609 3079 μεταστήσας,
630 2998 680 3062 καλ
692 2999 883 3082 χαρισάμενος
896 3006 960 3074 τοῖς
973 2998 1080 3063 ἐαυτοῦ
1093 2996 1209 3074 δούλοις
1222 2998 1284 3082 ἅμα
1297 3006 1333 3089 τῇ
1350 2996 1443 3084 σίρχιε-

185 3144 234 3189 1¹³1·
249 3131 292 3175 m
306 3097 435 3187 ρωσῦνη,
455 3098 586 3164 τουτέστι
600 3107 662 3174 τοῖς
677 3096 838 3184 ἀρχιερεῦσι
851 3104 905 3180 τῆς
916 3106 1080 3181 καθολικής
1093 3102 1254 3182 ἐκκλησίας.
1276 3102 1337 3165 Kal
1349 3098 1443 3166 πολλό

303 3206 364 3268 ἐστι
383 3202 449 3282 περὶ
464 3197 571 3264 τοῦτον
585 3202 692 3285 λέγειν,
714 3196 771 3264 ἀλλ’
787 3197 868 3280 ὅμως
884 3198 985 3283 ἐπειδή
1006 3204 1048 3276 είς
1061 3198 1113 3267 τόν
1126 3200 1220 3268 τόπον
1236 3200 1380 3284 ἐλήλυθα,
1402 3204 1439 3266 εί-

303 3313 370 3370 πεῖν
387 3300 424 3368 δι’
442 3301 481 3384 ἣν
498 3303 593 3365 αἰτίαν
608 3298 747 3367 Ἰεσσαῖον
766 3302 923 3367 ἐκαλοῦντο
939 3303 1010 3388 πρλν
1027 3309 1081 3368 τοῦ
1096 3310 1249 3368 καλεῖσθαι
1267 3305 1440 3388 Χριστιανολ

303 3411 334 3472 οί
351 3409 391 3483 είς
408 3400 532 3488 Χριστόν
546 3401 783 3481 πεπιστευκότες,
804 3401 911 3469 τοῦτον
925 3406 1009 3470 ἕνεκα
1030 3407 1141 3487 ἔφημεν
1162 3403 1207 3471 ότι
1225 3400 1243 3470 ό
1260 3400 1367 3468 Ἰεσσαλ
1382 3428 1439 3468 πα-

303 3508 355 3592 τήρ
372 3514 480 3595 γίνεται
500 3509 552 3570 τοῦ
568 3508 674 3587 Δαβίό.
717 3507 778 3568 Καὶ
795 3502 861 3587 ήτοι
880 3510 935 3571 τοῦ
949 3503 1072 3586 Ἰεσσαί,
1098 3504 1163 3589 ήτοι
1177 3507 1211 3571 ἐκ
1226 3509 1281 3571 τοῦ
1295 3500 1442 3587 ὀνόματος

303 3606 405 3690 Ἰησοῦ
418 3613 472 3674 τοῦ
489 3611 594 3695 κυρίου
609 3604 694 3689 ήμιῦν
713 3605 917 3689 ἐπεκλήθησαν
935 3604 1086 3688 Ἰεσσαῖοι,
1114 3606 1164 3673 aa&
1178 3604 1211 3672 τό
1228 3603 1374 3689 ἐξἸησοῦ
1391 3603 1441 3692 όρ·

305 3715 433 3788 μεῖσθαι,
455 3713 587 3793 μαθηταί
603 3708 684 3784 όντες
699 3706 807 3787 αῦτοῦ,
835 3706 856 3791 ή
875 3707 925 3774 διό
946 3714 1014 3774 ’τοι
1035 3714 1088 3791 τῆς
1106 3713 1293 3795 ἐτυμολογίας
1306 3715 1360 3774 τοῦ
1375 3706 1442 3774 όνό·

304 3834 394 3890 ματος
407 3818 461 3875 τοῦ
480 3816 593 3896 κυρίου.
634 3807 753 3892 Ἰησοῦς
772 3808 828 3895 γὰρ
844 3808 919 3875 κατό
937 3807 993 3892 τήν
1011 3807 1171 3895 Ἑβραϊκήν
1184 3810 1335 3877 διάλεκτον
1353 3820 1442 3895 θερα-

303 3908 412 3990 πευτής
428 3918 572 3992 καλεῖται,
600 3910 665 3994 ήτοι
683 3909 782 3995 ἰατρός
801 3913 853 3976 καλ
873 3910 980 3997 σωτήρ.
1013 3911 1117 3996 Ὅμως
1134 3911 1228 4001 τοῦτρι
1248 3920 1290 4003 τῷ
1310 3909 1442 3994 όνόμιιτι,

304 4013 374 4096 πρίν
395 4016 449 4075 τοῦ
471 4013 665 4096 Χριστιανοῦς
686 4013 794 4091 αῦτοῦς
814 4021 984 4094 καλεῖσθαι,
1012 4014 1066 4097 τήν
1088 4017 1258 4096 ἐπωνυμίαν
1280 4017 1441 4095 ἐκέκτηντο.

301 4109 380 4178 'Auo‘
394 4108 571 4193 Ἀντιοχείας
588 4115 631 4193 όέ,
651 4115 790 4202 καθάπερ
805 4114 866 4181 όνω
882 4115 1124 4200 ἐπεμνήσθημεν,
1147 4114 1189 4192 οῖς
1201 4115 1291 4200 ἐχειή
1307 4122 1359 4198 τής
1373 4110 1443 4196 ἆλη·

302 4219 388 4288 θείας
408 4209 569 4294 ὖπόθὲσες,
591 4213 715 4300 ἤρξαντο
733 4221 765 4283 οῖ
777 4220 910 4301 μαθηταί
926 4220 978 4283 καλ
997 4225 1078 4284 πῦσα
1096 4216 1117 4302 ή
1134 4221 1271 4303 ἐκκλησία
1291 4224 1345 4283 τοῦ
1365 4223 1444 4283 θεοῦ

306 4315 476 4399 Χριστιανοὶ
496 4322 658 4380 καλεῖσθαι.

336 4471 394 4519 ειν.
405 4473 446 4522 lv.
460 4498 492 4508 -
512 4471 532 4519 λ.
550 4471 614 4517 Libri
626 4486 702 4523 οοαιιε
717 4474 760 4527 τοῦ
775 4491 801 4526 τε
813 4476 856 4540 βα·
923 4477 949 4528 ’2.
966 4480 1067 4539 [ληισταὶ
1085 4494 1122 4529 τοι
1136 4491 1180 4539 μευ
1195 4473 1224 4529 τό
1233 4514 1241 4542 ,
1265 4478 1327 4541 quod
1340 4478 1365 4527 ιἰι
1378 4476 1444 4526 libris

303 4537 402 4591 οιλείον.
802 4576 805 4581 ι
889 4547 960 4607 οαλρο
976 4550 1046 4596 extat.
