3046 5084
335 338 948 399 eunusuunumur.neuexou.
1157 335 1218 399 635

66 453 186 521 ninius
200 457 355 525 devitasti?
375 470 428 527 sut
440 460 546 546 iugens
559 461 616 527 Iros
630 463 778 548 nogotium
793 464 897 531 ondids
913 465 1098 531 dissimulare
1111 487 1170 531 noo
1187 488 1220 530 os

67 579 242 643 aggressos,
276 582 334 644 quo
358 571 407 625 tue
429 563 510 628 irnus
531 565 627 629 omnIs
648 575 680 629 ot
701 565 871 650 Improbitss
895 567 1023 631 funditus
1045 567 1217 631 indeieotete

66 661 212 724 concidit?
254 660 331 726 Nem
357 665 381 727 si
407 665 524 728 omnino
549 667 628 729 eruci
651 677 697 729 est
719 667 840 744 affixus,
874 689 928 731 our
950 689 1008 730 unu
1031 668 1099 731 iilud
1123 669 1217 747 vides,

66 782 133 827 enm
149 763 198 848 qui
213 764 372 830 orueiixus
386 778 434 831 ost
449 769 611 848 ottranni,
635 769 758 852 eiusque
773 791 876 835 mouns
890 788 925 832 er
942 771 1031 854 pedes
1046 770 1138 835 oloris
1153 793 1218 856 per·

67 865 177 931 forari?
219 862 319 948 Quare
343 889 402 933 uon
427 869 500 935 hoen
520 871 617 936 iooois
642 870 723 935 ierra
749 871 796 935 vei
817 872 933 955 speeies
955 893 1022 937 esse
1044 873 1154 958 potuit,
1188 884 1220 937 ut

66 967 193 1046 suerio,
216 969 268 1030 sed
287 991 388 1035 rerum
407 993 530 1057 eorpus,
554 974 629 1057 qood
646 969 777 1037 edideris
794 968 931 1037 Christus
950 975 1077 1058 aceepit,
1100 995 1218 1039 cernens

66 1067 203 1140 videlieet
219 1081 364 1151 nostram,
388 1083 419 1137 et
436 1094 525 1151 osse,
547 1085 704 1159 oeteraqnn
718 1075 851 1160 eorporis
867 1076 1014 1154 membro,
1039 1077 1219 1160 quandoqui-

67 1171 132 1235 dem
153 1172 233 1236 eruoi
257 1175 373 1239 affixum
397 1196 464 1241 esse
486 1177 632 1243 dominun
655 1198 693 1243 ue
715 1177 778 1261 ipse
800 1177 914 1261 quidem
937 1177 1077 1243 diffiteris.

151 1271 252 1339 scoot.
271 1273 407 1341 LXXII.
442 1277 507 1345 flou
526 1280 645 1364 insopor
658 1278 793 1345 abstulit:
817 1283 907 1342 naue
923 1302 1026 1343 merum
1044 1285 1101 1341 eru
1116 1285 1144 1343 r'u
1161 1284 1216 1342 Pu·
1229 1298 1325 1351 naeu,
1337 1299 1369 1342 o.

65 1379 170 1441 rausa.

148 1477 250 1543 Refut.
270 1476 405 1547 LXXII.
440 1481 534 1545 Iieete
557 1484 612 1547 hoo
630 1495 658 1546 et
681 1493 879 1549 consentanee
897 1483 1011 1566 quidem
1030 1484 1216 1563 subtraxisti,

64 1577 192 1645 Marcio.
238 1579 371 1647 Peredisi
387 1584 463 1647 enim
481 1585 531 1648 tibi
547 1586 655 1648 edituos
671 1585 873 1663 interclusisti,
899 1596 930 1648 ut
945 1608 1033 1666 neque
1048 1599 1107 1648 orte
1121 1592 1216 1666 regre-
1230 1606 1285 1649 uuo.
1295 1608 1328 1662 u,
1339 1609 1370 1653 sn

65 1689 159 1760 diere,
193 1708 281 1767 neque
303 1699 365 1748 tuos
385 1692 507 1767 punieris
531 1692 652 1767 rirgredr'.
701 1685 746 1751 Ite
769 1687 846 1749 enim
869 1699 1067 1772 comparatum
1091 1699 1153 1767 est,
1188 1699 1220 1752 ut

65 1787 141 1872 quod
164 1787 270 1853 bonum
294 1798 340 1851 est
358 1789 472 1853 oderint
495 1800 553 1853 uo
575 1791 624 1873 qui
647 1790 676 1853 io
695 1809 827 1853 errorem
844 1790 982 1853 inducunt
1002 1811 1086 1874 quern
1109 1792 1156 1875 qui
1175 1791 1218 1854 io-

65 1889 130 1952 duei
153 1911 186 1953 so
209 1891 390 1975 permittunt.

150 1989 250 2055 SohoI.
269 1990 419 2058 LXXIII.
454 1998 495 2056 e’t
513 1997 675 2056 exclamans
699 2015 765 2054 uoce
786 2014 888 2072 rrogrru
910 1999 1061 2073 reperavit.
1231 2016 1332 2060 rutero.

145 2092 250 2161 Reiot.
267 2093 418 2161 LXXIII.
454 2092 530 2161 Cum
552 2095 713 2181 expuerit,
744 2092 916 2172 oMnroio,
950 2091 1106 2175 Christos,
1139 2108 1168 2160 et
1190 2097 1219 2161 in

64 2196 213 2281 ingentem
230 2219 331 2262 vocem
350 2198 494 2283 eruperit,
519 2198 635 2283 quisunt
655 2196 792 2282 expirare
812 2198 922 2282 potuit,
946 2208 997 2261 aru
1014 2198 1081 2282 quid
1103 2199 1219 2263 tandem

65 2299 231 2384 expiravit?
273 2299 419 2363 Nimirum
438 2302 594 2384 quamlibet
613 2311 730 2378 tereos,
764 2300 950 2363 manifestum
966 2300 1042 2363 istud
1061 2312 1123 2379 est,
1157 2303 1219 2366 nui-

64 2422 141 2465 mem
158 2402 266 2480 iniisse,
291 2423 365 2487 quse
383 2426 448 2467 oum
466 2403 649 2469 divinitates
666 2422 790 2486 corpore
807 2402 994 2480 discesserit,
1020 2424 1084 2466 eom
1103 2404 1218 2467 iuterim

64 2503 178 2567 nnimee
201 2504 268 2573 iIIud
292 2526 400 2590 expers
423 2516 572 2585 maneret,
596 2517 627 2568 ot
650 2504 759 2569 veritus
783 2505 843 2587 Ipse
867 2505 1008 2567 eontinet.

151 2602 252 2671 SohoI.
270 2605 419 2673 LXXIV.
454 2613 529 2673 Eone
544 2614 589 2671 ur'r
604 2613 713 2671 reorue'rre
727 2611 826 2686 Ioseph
842 2611 994 2687 depositum
1011 2630 1113 2689 rorpm
1129 2613 1218 2672 reuol-
1230 2623 1286 2667 turo.
1300 2627 1332 2670 so.

65 2711 120 2783 or't,
145 2721 174 2770 et
192 2716 337 2790 poenitio
357 2724 531 2774 monumento
552 2717 657 2773 eredo.

149 2809 252 2875 Reiut.
271 2809 420 2879 LXXIV.
456 2810 489 2877 Si
514 2814 699 2894 onerosos,
728 2817 904 2893 Depositum,
939 2823 969 2875 et
989 2817 1151 2888 Involvens,
1189 2826 1219 2876 et

65 2917 172 2977 Ponere
187 2919 216 2976 rir
232 2928 405 2979 monrruoento
419 2923 530 2991 eserie,
556 2915 732 3001 persuadere
748 2915 797 2977 tibi
816 2926 975 2998 nequeunt,
1000 2912 1127 2994 Marcio,
1151 2917 1217 3001 quid

66 3027 95 3080 te
112 3017 180 3099 dugi
198 3026 293 3102 potest
312 3018 477 3082 amentius?
521 3017 599 3102 Quid
616 3028 712 3081 eutem
732 3016 839 3081 olarios
858 3017 988 3080 indicere
1006 3018 1149 3103 scriptura
1168 3040 1218 3102 po·

66 3118 136 3199 tuit,
160 3140 224 3183 eum
244 3132 273 3184 et
287 3132 503 3185 mouumentum
521 3121 660 3185 otiorum
677 3120 785 3186 eteius
802 3121 923 3183 iorrooro
942 3141 976 3184 ao
992 3121 1216 3204 descriptionem

65 3222 265 3307 expresserit,
298 3223 441 3289 addiderit
457 3223 577 3308 insuper
595 3223 756 3291 triduooenr
774 3222 852 3285 iliani
873 3223 900 3284 in
919 3222 1074 3307 sepulchro
1091 3243 1217 3285 commo—

64 3324 226 3403 rationem,
257 3347 321 3391 ourn
344 3326 475 3391 sindonis
497 3325 667 3404 involucro,
699 3325 740 3389 uti
764 3335 851 3388 totam
876 3325 918 3387 rei
942 3324 1096 3387 veritatem
1119 3335 1218 3387 osteo·

64 3428 167 3493 deret?

148 3526 250 3597 SohoI.
268 3528 402 3597 LXXV.
437 3536 477 3597 Et
492 3541 662 3595 marrones
679 3532 809 3597 mulceres
828 3532 970 3591 siluerunt
982 3530 1099 3593 radbodo
1114 3550 1213 3591 seeun-
1228 3548 1284 3593 tuin.
1299 3551 1330 3595 ss.

64 3637 129 3702 dunt
150 3639 320 3701 marmor.

146 3734 251 3807 Reiut.
269 3735 403 3809 LXXV.
439 3735 523 3805 Unde
541 3755 651 3829 quaeso
668 3735 806 3801 mulieres
824 3754 964 3801 reversae
984 3745 1069 3814 sunt,
1100 3730 1218 3801 auteur

66 3839 181 3911 demum
197 3839 314 3907 siluisse
332 3851 504 3918 narrentur,
536 3838 592 3904 uisi
615 3849 645 3902 ut
661 3838 776 3907 iIIerunr
797 3835 964 3901 testimonia
981 3837 1085 3923 quibos
1103 3839 1216 3903 insanio

64 3952 113 4015 ton
134 3942 322 4027 redarguitur
343 3943 486 4028 scripturn
509 3942 689 4008 declareret?
732 3939 812 4007 Eece
832 3939 882 4003 tibi
904 3940 1041 4005 mutieres
1059 3951 1215 4019 testantur,

64 4057 95 4111 et
110 4045 250 4132 spostoii‚
273 4057 303 4109 et
317 4043 436 4124 lurdrei,
461 4056 492 4109 et
506 4045 618 4130 augeli,
643 4056 673 4111 et
687 4041 793 4129 Ioseph
812 4043 893 4127 ipse,
918 4043 966 4128 qui
985 4044 1134 4113 tractabile
1150 4065 1215 4108 eor-

64 4169 117 4233 pus
135 4169 152 4211 e
168 4169 255 4212 eruce
273 4148 388 4213 demisit
403 4160 433 4211 ot
451 4147 591 4211 obvolvit.
640 4144 749 4211 Verum
771 4151 840 4225 Quis
856 4166 917 4206 eum
933 4151 1078 4226 renigeri,
1103 4152 1155 4231 qui
1167 4170 1211 4210 re-
1226 4169 1287 4213 neu.
1303 4170 1322 4224 ι,
1338 4169 1368 4214 rs.

63 4255 152 4332 rpsum
173 4274 224 4313 ruo
241 4255 348 4322 ,rudr'cro
370 4274 405 4313 ar
426 4252 569 4312 uoluntate
584 4255 747 4331 pervertit?
770 4249 810 4312 uti
833 4247 974 4332 scriptum
996 4249 1130 4332 legimus.

147 4351 248 4418 Sohoi.
266 4350 416 4422 LXXVI.
451 4357 596 4419 [deserum
607 4357 659 4434 qui
670 4364 754 4415 eram
769 4357 797 4413 r'rr
816 4362 889 4415 reste
905 4351 986 4426 atta,
1014 4354 1088 4431 Quid
1103 4359 1213 4436 quaeri·
1227 4376 1322 4428 unere
1336 4375 1356 4418 s.

95 4502 137 4567 61.
154 4507 182 4561 αι
228 4525 312 4569 resse<
328 4509 392 4561 oden
408 4522 489 4577 sopr.o

129 4512 289 4635 Audistis
303 4578 354 4630 nod
369 4578 443 4635 rute.
479 4576 552 4642 rupo
568 4567 714 4641 <induretur
