3046 5084
205 354 266 416 466
626 361 747 412 εινοτι
764 361 933 411 οεινιιιιιιι

85 509 135 554 μοι.
148 497 193 540 εει.
207 482 288 556 κέως.
324 479 416 544 Ὅλον
438 479 470 544 δὲ
494 477 545 543 τόν
569 476 732 562 άυθρωπον
754 484 852 542 πᾶσαν
873 475 928 558 τήν
949 474 1052 541 είκόνα
1068 484 1120 558 τῆς
1138 475 1368 560 Τριακοντόδος

206 582 301 658 οῦτως
322 585 397 665 ἔχειν
417 579 613 646 διδάσκουσιν.
656 577 705 643 Ἐν
729 579 781 661 μὲν
802 588 866 654 ταῖς
883 581 960 664 χερσλ
984 577 1034 643 διά
1055 584 1116 643 τοῖν
1133 577 1293 645 δακτύλων
1310 576 1367 663 τὴν

206 684 325 749 Δεκάδα
341 682 507 767 βαστάζειν,
530 685 561 747 έν
576 681 634 771 όλφ
650 683 681 747 δὲ
696 688 736 769 τῷ
751 680 862 763 σάματι
875 684 916 756 είς
930 680 1057 746 δεκαδάο
1074 682 1144 764 μέλη
1160 683 1366 771 διαιρουμένη)

204 786 256 870 τήν
272 785 443 852 Δωδεκάδα.
488 793 644 870 Διαιροῦσι
666 785 696 849 δὲ
715 783 787 848 αὐτό
806 785 944 869 καθάπερ
961 782 994 849 τό
1013 790 1066 867 τῆς
1084 780 1242 866 Ἀληθείας
1259 781 1363 874 διῄρη-

205 917 251 955 ται
267 887 335 972 παρ’
357 886 500 962 Ηἀὐτοῖς
515 892 614 968 σῶμα,
638 887 705 970 περὶ
721 878 759 950 οῦ
775 885 1000 971 προειρήκαμεν.
1049 884 1111 968 Τήν
1124 911 1154 951 τε
1168 880 1225 952 οῦν
1237 884 1365 973 Ὀγδοά-

205 996 258 1069 δα,
287 988 415 1075 άρρητόν
437 1016 466 1054 τε
487 991 538 1054 καί
556 986 683 1074 άόρατον
706 980 815 1067 οὖσαν,
846 990 878 1053 έν
895 997 960 1065 τοῖς
976 987 1151 1073 σπλάγχνοις
1168 990 1365 1075 κρυβομένην

206 1102 348 1158 νοεῖσθαι.

280 1195 385 1258 Ἥλιον
408 1195 439 1258 δέ
460 1192 546 1257 πάλιν
567 1191 618 1257 τόν
640 1196 730 1277 μέγαν
752 1198 895 1276 φωστῆρα
917 1195 948 1258 έν
965 1199 1001 1282 τῇ
1021 1192 1142 1281 τετάρτη
1164 1200 1226 1257 τῶν
1242 1188 1365 1279 ἡμερῶν

205 1298 350 1382 γεγονέναι
368 1294 417 1359 διά
434 1293 485 1360 τόν
501 1303 553 1378 τῆς
571 1294 715 1378 Τετράδος
733 1293 864 1381 άριθμόν
880 1294 1041 1375 φάσκουσι·
1064 1299 1116 1378 της
1133 1320 1163 1359 τε
1179 1302 1296 1378 σκηνῆς
1308 1300 1364 1378 τῆς

204 1396 264 1463 όπό
282 1399 439 1473 Μωϋσέως
454 1403 740 1479 κατασκευασθείσης
758 1401 790 1461 αἱ
810 1394 919 1462 ιοιάλαλ
939 1400 971 1462 ἔκ
990 1396 1120 1480 βύσσον,
1141 1398 1194 1461 καλ
1207 1394 1363 1463 ῦακίνθου

205 1502 254 1565 καὶ
268 1498 427 1585 πορφύρας
441 1502 491 1564 καί
508 1505 648 1565 κοκκίνου
664 1509 810 1584 γεγονυῖαι
828 1499 880 1582 την
895 1497 989 1582 αότην
1005 1498 1074 1583 παρ’
1090 1495 1193 1575 αῦτοῖς
1207 1501 1363 1577 έπέδειξαν

205 1601 317 1668 εἰκόνα·
340 1602 435 1666 τόντε
452 1610 504 1666 τοῦ
520 1604 619 1687 ίερίως
635 1600 762 1687 ποδήρη,
784 1603 921 1687 τέσσαρσι
941 1607 1115 1685 2στοιχείοις
1128 1606 1226 1667 λίθοιν
1241 1610 1361 1667 πολυτε-

204 1711 259 1769 λοῖν
274 1705 492 1786 κεκοσμημένον
508 1702 561 1787 την
578 1704 709 1788 Τετράδα
726 1710 877 1786 σημαίνειν
893 1708 1081 1788 διορίζονται,
1103 1706 1155 1769 καί
1173 1707 1204 1769 εί
1217 1730 1288 1769 τινα
1303 1730 1360 1771 τοι·

205 1814 278 1871 αῦτα
297 1815 391 1870 κεῖται
412 1809 443 1871 έν
461 1816 525 1882 ταῖς
542 1816 671 1891 γραφαῖς
693 1810 735 1882 είς
755 1805 807 1871 τόν
824 1814 884 1871 τοῖν
899 1805 1048 1889 τεσσάρων
1065 1805 1218 1889 δυνάμενα
1233 1804 1362 1893 άγεσθαι

204 1906 345 1992 άριθμόν,
368 1906 417 1973 διά
431 1906 483 1990 τήν
503 1907 665 1994 Τετρακτάν
680 1906 780 1973 αάτιῦν
795 1930 868 1989 φασι
880 1910 1038 1994 γεγονέναι.
1086 1907 1147 1992 Τὴν
1161 1910 1194 1974 δέ
1207 1906 1361 1995 Ὀγδοάδα

204 2011 290 2076 πάλιν
306 2016 478 2076 δείκνυσθαι
495 2010 595 2086 οῦτως.
639 2010 689 2076 Ἐν
705 2020 741 2101 τῇ
756 2009 848 2100 όγδόη
866 2018 926 2075 τοῖν
940 2007 1058 2095 ἡμεροῦν
1075 2011 1250 2077 πεπλάσθαι
1262 2014 1360 2099 λέγου-

203 2137 249 2179 σιν
264 2114 316 2179 τόν
331 2112 502 2197 άνθρωπον.
544 2114 624 2178 Ποτέ
644 2115 696 2195 μὲν
714 2112 769 2198 γάρ
784 2111 876 2179 αάτόν
889 2121 926 2203 τῇ
940 2115 1010 2202 ἕκτη
1025 2111 1184 2201 βούλονται
1198 2116 1360 2201 γεγονέναι,

204 2217 273 2281 ποτέ
296 2216 327 2280 δέ
350 2224 386 2304 τῇ
408 2213 516 2304 όγδόη,
548 2219 575 2279 εί
599 2218 666 2298 3μή
683 2243 711 2280 ιι
727 2214 779 2281 τόν
793 2217 846 2298 μέν
859 2215 961 2298 χοϊκδν
980 2218 1011 2281 έν
1028 2242 1065 2305 τη
1080 2217 1150 2306 ῖιιτη
1165 2222 1229 2283 τοῖν
1241 2214 1361 2305 ἡμεροῦν

206 2322 305 2404 ἐροῦσι
318 2317 504 2396 πεπλάσθαι,
527 2316 579 2383 τόν
593 2319 624 2383 δὲ
642 2316 782 2402 σαρκικόν
795 2320 826 2382 έν
839 2325 875 2407 τῇ
890 2316 998 2408 όγδόη·
1020 2320 1183 2383 διίσταλται
1194 2318 1254 2405 γάρ
1270 2326 1360 2387 ταῦτα

203 2419 272 2505 παρ’
295 2418 403 2496 αάτοῖς.
438 2418 535 2485 Ἔνιοι
560 2421 591 2485 δλ
614 2418 700 2485 άλλον
721 2421 842 2485 θέλουσι
861 2419 915 2485 τόν
937 2418 1001 2485 κατ’
1025 2418 1125 2485 είκόνα
1142 2422 1197 2487 καλ
1217 2418 1360 2505 σ’μοῖασιν

201 2530 277 2589 θεοῦ
295 2521 434 2609 γεγονότα
452 2520 656 2605 άρσενόθηλυν
674 2520 850 2607 άνθραπον,
872 2524 923 2588 καί
940 2529 1045 2589 τοῦτον
1061 2519 1138 2589 είναι
1156 2522 1213 2589 τόν
1230 2550 1358 2609 πνενμα-

201 2625 298 2704 τικόν,
329 2623 415 2689 άλλον
434 2625 464 2689 δέ
483 2623 535 2689 τόν
553 2627 585 2689 ίκ
601 2629 653 2707 τῆς
672 2631 725 2709 γῆς
741 2626 916 2690 πλασθέντα.
961 2627 1023 2690 Καί
1041 2622 1095 2707 τὴν
1109 2632 1164 2708 τῆς
1179 2630 1315 2711 κιβωτοῦ
1327 2626 1358 2693 δί

203 2730 402 2809 4οἰκονομίαν
424 2730 456 2791 ἒν
478 2734 517 2815 τῷ
540 2732 747 2814 κατακλυσμῷ,
780 2729 811 2792 ἐν
836 2719 857 2816 ᾖ
878 2723 955 2792 όκτοῖ
978 2725 1138 2813 άνθροσποι
1158 2726 1358 2813 διεστάθησαν,

202 2827 394 2914 φανεροῖτατά
410 2849 482 2909 φασι
499 2826 552 2911 τήν
567 2827 711 2914 σωτήριον
725 2826 876 2914 Ὀγδοάδα
892 2828 1031 2912 μηνάειν,
1051 2827 1085 2896 τό
1102 2827 1175 2897 αότδ
1192 2832 1227 2899 δδ
1240 2834 1296 2899 καλ
1309 2830 1359 2899 τόν

202 2934 315 3012 Δαβῖδ,
339 2929 446 3016 όγδοον
462 2927 534 2995 όντα
550 2938 586 3020 τῇ
602 2933 710 3015 γενέσει
727 2938 787 2997 τοῖν
804 2929 941 3012 άδελφοῖν
955 2929 1065 3012 αῦτοῦ,
1091 2936 1258 3016 σημαίνειν.
1292 2932 1358 3001 Ἔτι

202 3031 260 3116 μην
282 3034 334 3097 καί
354 3031 408 3115 τήν
424 3033 583 3117 περιιομην
600 3031 782 3119 όκταήμερον
799 3035 956 3120 γινομένην
975 3033 1009 3100 τό
1027 3038 1197 3120 περίτμημα
1218 3044 1276 3121 τῆς
1296 3034 1358 3105 ἔνι

200 3133 365 3221 Ὀγδοάδος
383 3138 499 3216 δηλοῦν.
545 3139 605 3201 Καὶ
624 3133 723 3212 άπλοῖς
740 3135 796 3202 όσα
815 3134 977 3222 εόρίσκεται
997 3139 1030 3203 έν
1049 3146 1115 3213 ταῖς
1132 3148 1267 3225 γραφαῖς
1282 3136 1357 3207 δαῦ-

200 3248 304 3325 γεσθαι
320 3239 469 3320 δυνάμενα
483 3241 524 3314 εἰς
539 3237 591 3304 τόν
605 3236 736 3323 άριθμόν
751 3247 811 3304 τοῖν
824 3237 913 3317 όκτοῖ,
935 3237 969 3305 τό
986 3238 1149 3325 μυστήριον
1161 3248 1220 3326 τῆς
1231 3238 1358 3331 Ὀγδοό

200 3346 252 3417 δος
271 3344 437 3425 ἐκπληροῦν
458 3344 598 3426 λέγουσιν.
642 3339 725 3406 Ἀλλά
744 3345 795 3407 καὶ
812 3341 867 3423 τὴν
883 3340 1002 3407 Δεκάδα
1018 3346 1218 3425 σημαίνεσθαι
1233 3344 1286 3413 διά
1300 3348 1358 3411 viv

201 3447 273 3510 δέκα
291 3446 390 3509 ἐθνῶν
408 3436 450 3509 οῖν
470 3447 655 3529 ἐπηγγείλατο
676 3441 693 3509 ό
709 3444 783 3520 θεός
799 3451 840 3532 τῷ
854 3442 986 3529 Ἀβραάμ
1002 3446 1043 3521 είς
1056 3442 1232 3529 κατάσχεσιν
1248 3451 1356 3515 δοῦναι

200 3549 324 3632 λέγουσι.
371 3548 430 3609 Καί
446 3546 499 3629 τὴν
518 3549 608 3631 ὁπερὶ
624 3545 746 3631 Σάρραν
762 3548 793 3611 δὲ
807 3550 996 3629 οίκονομίαν,
1018 3544 1061 3624 αῖς
1074 3546 1148 3629 μειοῖ
1161 3550 1214 3635 ἴση
1229 3550 1305 3617 δέκα
1315 3552 1357 3617 δέ·

200 3653 291 3714 δοοσιν
306 3647 384 3736 αὐτῷ
401 3647 455 3731 την
473 3652 577 3731 ἑαυτῆς
594 3646 804 3734 δοόλην”Αγαρ
818 3652 869 3714 ῖνα
886 3652 916 3727 ἐξ
932 3648 1024 3733 αῦτῆς
1040 3650 1305 3737 τεκνσπσιῆσηται,
1323 3648 1355 3719 τό

164 3754 180 3782 ““
200 3747 272 3815 αῦτό
295 3755 412 3832 δηλοῦν.
459 3754 520 3816 Καὶ
542 3748 559 3817 ό
576 3754 681 3825 δοῦλος
702 3753 733 3817 δὲ
751 3750 883 3837 Ἀβραάμ
899 3754 1049 3835 πεμφθείς
1066 3754 1117 3819 έπλ
1131 3748 1292 3841 Ῥεβέκκαν
1307 3754 1356 3823 καί

74 3878 124 3924 νεα·
137 3867 183 3911 ⁸25²·
202 3855 250 3917 έπῖ
265 3859 306 3941 τῷ
324 3856 428 3935 φρέατι
446 3852 547 3930 διδοάς
561 3851 635 3942 αῦτη
654 3855 742 3933 ψέλια
759 3862 875 3939 χρυσοῖν
889 3857 976 3933 δέκα,
1007 3857 1059 3922 καὶ
1075 3859 1108 3922 οῖ
1122 3852 1250 3941 άδελφολ
1265 3854 1356 3941 αάαῆς

199 3957 367 4038 κατέχοντες
385 3954 478 4038 αόιήν
500 3959 547 4022 ἐπὶ
565 3959 636 4021 δέκα
652 3952 778 4041 ἡμέρας·
800 3959 842 4021 έτι
859 3982 888 4021 τε
901 3954 1034 4040 Ῥοβοάμ
1048 3954 1067 4025 ό
1083 3956 1119 4023 τά
1134 3960 1209 4025 δέκα
1222 3966 1355 4045 σκῆπτρα

199 4056 369 4139 λαμβάνων,
395 4060 468 4123 οκαὶ
484 4066 536 4140 τῆς
551 4066 662 4141 σκηνῆς
678 4062 710 4123 αῖ
722 4061 794 4124 δέκα
810 4057 933 4138 7αιῖλαῖ,
955 4062 1007 4125 καί
1023 4062 1056 4127 σί
1067 4058 1169 4127 στῦλοι
1183 4064 1217 4127 σί
1228 4058 1353 4147 δεκαπή-

202 4183 275 4239 χεις,
303 4161 355 4223 καὶ
371 4163 402 4224 οῖ
417 4163 488 4226 δέκα
505 4164 567 4226 υίοὶ
581 4160 701 4244 Ἰακοῖβ,
733 4163 782 4226 έπῖ
797 4159 850 4243 την
867 4159 949 4244 οῖνήν
964 4169 1019 4228 τοῦ
1032 4166 1114 4229 σίτου
1128 4161 1163 4229 τό
1181 4164 1354 4251 πρῶτσνιίς

236 4314 273 4366 15.
292 4319 328 4368 Ιεο
344 4322 394 4367 ποι
410 4318 572 4379 corripendum
584 4333 613 4368 ια
628 4321 675 4369 Vct.
687 4321 760 4370 Inter-
792 4320 1041 4381 υίσιίιιν,οιαιαοιοιι
1048 4322 1354 4385 nmmum,

196 4389 268 4447 ρτιιι.
301 4387 362 4434 Nam
377 4387 448 4447 υιιῖρο
462 4390 525 4434 exeat
539 4378 626 4446 αιῖτοῖς
640 4391 692 4446 τοῖς
709 4382 760 4440 σοί-
793 4401 847 4437 cum
861 4401 939 4437 οιιιιιει
952 4390 1096 4451 Ερῖρλιιιιίῖ,
1111 4392 1133 4439 ιλ
1147 4390 1272 4455 παίσατε,
1286 4390 1355 4441 ΙΙ

200 4467 283 4518 μασιν.
793 4469 842 4505 ιιιια
856 4470 910 4507 cum
925 4458 973 4507 Vct.
985 4458 1109 4519 λαλαμειλι
1119 4458 1353 4523 m*

236 4519 293 4570 Cn.
310 4521 379 4570 xv1.
397 4548 430 4557 -
454 4519 475 4570 1.
493 4522 642 4585 Scripturam
658 4519 761 4577 αὐλαῖαι
791 4537 847 4574 τοτα
864 4518 940 4577 αῦλαλ
954 4526 1059 4575 viam
1073 4526 1143 4575 ίαιτλ.
1177 4526 1217 4589 (λλ.
1230 4526 1308 4591 m.

197 4591 224 4637 αι
238 4589 326 4638 δισσαί
339 4590 444 4649 exemplo
457 4603 487 4639 ιτ
503 4590 554 4640 ινδ.
565 4604 608 4641 ιιι.
621 4593 709 4655 aliquo,
724 4596 760 4643 uu
