3046 5084
262 326 322 387 716
678 334 798 387 σκοιονι
815 334 984 387 ΕΡΙΡΗΑΝΠ

260 458 381 537 κρανίον
402 460 487 518 τοῦτο
510 450 716 536 ἕρμηνεόηται,
748 449 787 527 οίς
809 453 858 517 ἐπὶ
879 450 1012 534 σοίματος
1034 450 1148 535 κεφαλὴ
1170 451 1262 530 τόπος
1282 455 1405 539 λέγεται,

264 554 352 621 ιοίίτε
366 562 503 630 σκοπιᾶς·
525 557 576 618 καὶ
591 553 646 640 γάρ
661 552 728 618 οῦτε
744 557 775 620 ἐν
791 553 864 635 ῦψει
878 562 968 619 κεῖται
986 552 1066 638 παρά
1081 552 1152 630 τοῦς
1166 553 1274 632 ἄλλους
1284 558 1404 633 τόπους.

252 656 408 742 ’Ἀντικρυς
430 655 484 781 γάρ
507 660 564 722 ἐστι
589 655 621 721 τό
644 664 697 722 τοῦ
714 653 868 732 Ἐλαιῶνος
891 654 961 741 όρος
978 652 1205 783 όψηλότερον,
1208 661 1261 723 καλ
1278 656 1336 725 άπδ
1353 681 1406 743 ση-

260 766 349 843 μείων
366 759 442 826 όκτω
460 787 480 840 η
472 756 646 842 2Γαβαων
664 756 842 841 ὑψηλοτάτη
887 757 970 822 Ἀλλά
986 760 1036 823 καί
1053 787 1072 841 η
1090 757 1166 843 άκρα
1182 788 1203 843 η
1219 786 1292 827 ποτε
1308 758 1403 847 ῦινάρ·

259 886 350 984 γρυσα
374 866 404 927 ἐν
423 860 519 939 Σιόν,
551 868 604 925 νῦν
627 862 658 925 δὲ
676 871 834 943 τμηθεῖσα,
863 857 974 925 καλ’
936 888 1010 943 αντη
1002 858 1238 948 ’ῦψηλοτέρα’
1217 872 1332 973 υητῆρχε
1353 872 1408 931 τοῦ

259 964 360 1030 τόπου.
407 963 512 1029 Πόθεν
528 956 582 1028 οὖν
600 992 619 1045 η
611 960 787 1046 ἐπωνυμία
801 990 855 1028 του
871 967 1009 1047 κρανίου,
1031 961 1091 1027 άλλ’
1108 964 1209 1048 ἐπειδη
1222 992 1277 1031 τον
1290 992 1406 1053 πρωτο-

261 1066 390 1133 πλάστου
405 1064 570 1150 άνθροίπου
585 1069 646 1130 ἐκεῖ
658 1094 691 1131 το
684 1065 876 1150 ’κρανίον”
837 1092 975 1149 ηυρηται,
998 1093 1048 1130 και
1037 1068 1125 1132 ’ἐκεῖ
1137 1094 1170 1132 τυ
1162 1066 1326 1147 λείψανον
1340 1070 1407 1134 ἐνα-

261 1172 392 1248 πέκειτο,
414 1168 520 1234 τούτου
539 1172 622 1233 ἕνεκα
639 1168 821 1251 Κρανίου’
788 1195 879 1244 τοπος
895 1170 1079 1249 ἐπεκέκλητο·
1103 1166 1149 1249 ἐφ’
1165 1196 1203 1234 ον
1189 1162 1407 1255 σταυρωθείς

260 1271 278 1339 6
298 1273 401 1357 κύριος
422 1270 507 1354 ἡμῶν
523 1269 635 1353 Ἰησοῦς
653 1269 780 1354 Χριστός
802 1270 851 1335 διά
869 1278 920 1335 τοῦ
937 1270 1095 1355 ρἐάσαντος
1119 1268 1169 1335 6⁷6
1186 1267 1278 1338 αῦτοῦ
1294 1271 1407 1349 ῦδατος

262 1377 312 1439 καλ
336 1379 458 1456 αἵματος
483 1373 532 1438 διά
555 1381 607 1455 τῆς
628 1378 784 1456 νυχθείσης
809 1372 900 1437 αὐτοῦ
922 1382 1050 1458 πλευρᾶς
1072 1376 1295 1458 αἰνιγματωδῶς
1314 1376 1405 1453 ἔδειξε

141 1503 191 1547 ονε·
205 1491 250 1535 395.
264 1476 317 1560 την
334 1475 418 1559 ημῶν
434 1480 593 1560 σωτηρίαν,
623 1474 681 1540 άπό
698 1483 750 1557 της
766 1474 856 1559 άρχῆς
870 1483 922 1541 τοῦ
941 1474 1114 1559 φυράματος
1129 1474 1293 1559 οίρξάμενος
1307 1479 1403 1559 ραντί·

261 1587 317 1658 ζειν
332 1578 368 1643 τά
380 1584 505 1659 λείψανα
520 1585 574 1643 τοῦ
589 1577 789 1663 προπάτορος,
811 1582 861 1642 ’ίνα
876 1582 926 1643 καὶ
941 1576 1012 1660 ἡμῖν
1024 1575 1164 1668 άποδείξη
1179 1578 1231 1646 τόν
1245 1576 1404 1663 ραντισμόν

261 1689 314 1746 τοῦ
330 1679 421 1746 αὐτοῦ
440 1685 562 1763 αἵματος
578 1684 618 1757 είς
634 1679 781 1766 κάθαρσιν
795 1688 847 1762 τῆς
864 1678 945 1763 ἡμῶν
962 1679 1125 1757 κοινοίσεως
1140 1683 1191 1746 καί
1205 1687 1306 1763 ψυχῆς
1320 1704 1403 1763 μετα-

261 1783 404 1866 νοοόσης,
434 1785 483 1848 καί
508 1787 550 1858 είς
572 1781 735 1869 ὑπόδειγμα
760 1782 916 1867 φυράσεως
938 1785 987 1848 καὶ
1011 1790 1202 1869 καθαρισμοῦ
1223 1782 1323 1867 (ίῦπον
1344 1790 1403 1849 νῦν

260 1884 406 1971 ἡμετέρων
423 1884 637 1971 άμαρτημάτων
653 1886 821 1971 γενόμενον,
850 1884 883 1950 τό
901 1887 1026 1968 ἐκχυθὲν
1041 1886 1122 1971 ῦδωρ
1145 1888 1193 1951 ἐπί
1215 1884 1268 1951 τόν
1285 1883 1401 1951 άποκεί·

261 2016 350 2072 μενον
372 1998 411 2078 τῷ
432 1988 514 2078 τόπῳ
535 1991 585 2054 καλ
607 1991 791 2071 τεθαμμένον
814 1991 855 2064 είς
876 1992 977 2053 ἐλπίδα
999 1986 1091 2055 αὐτοῦ
1113 2014 1143 2054 τε
1165 1990 1215 2055 καλ
1238 1986 1324 2071 ἡμῶν
1343 1995 1402 2055 τῦν

260 2096 290 2170 ἐξ
313 2091 405 2158 αὐτοῦ
427 2093 647 2177 γεγεννημένων.
697 2090 753 2156 Διό
774 2094 824 2155 καὶ
847 2093 978 2156 ἐνταῦθα
1002 2093 1163 2177 ἐπληροῦτο
1183 2090 1217 2157 τό
1241 2093 1401 2177 είρημίνον,

263 2194 397 2280 θ”Εγειρε
415 2192 617 2272 όκαθεόδων,
646 2197 696 2259 καλ
712 2192 821 2258 άνάστα
840 2197 872 2258 ἐκ
889 2201 948 2258 τῶν
964 2201 1091 2279 νεκρόν,
1119 2196 1168 2260 καί
1184 2192 1341 2277 ἐπιφαύσει
1356 2216 1403 2260 σοι

260 2295 277 2363 ό
296 2297 428 2381 Χριστός.
474 2300 515 2359 Εἰ
534 2296 589 2381 γάρ
610 2298 660 2361 καὶ
681 2298 748 2378 περὶ
767 2293 851 2377 ἡμῶν
872 2297 943 2380 λέγει
966 2302 1025 2361 τῶν
1042 2299 1263 2381 νενεκρωμίνων
1278 2306 1343 2373 τοῖς
1356 2298 1404 2379 ἐρ-

259 2427 322 2485 γοις
337 2401 387 2465 καλ
404 2407 462 2464 τῶν
478 2397 686 2464 καθευδόντων
705 2401 736 2463 ἐν
754 2399 844 2479 βάθει
860 2396 956 2463 ῦπνου
972 2406 1024 2480 τῆς
1039 2397 1199 2483 άγνωσίας,
1228 2396 1284 2465 ἄλλ’
1299 2392 1355 2465 οῦν
1368 2424 1402 2485 γε

260 2506 373 2568 ἐκεῖθεν
388 2499 408 2583 ἡ
425 2500 500 2587 οίργη
518 2500 562 2582 46
578 2506 629 2583 της
645 2504 775 2577 αίνίξεως
791 2501 914 2585 περιέχει
930 2499 982 2565 τόν
996 2499 1123 2586 τρόπον,
1153 2502 1204 2567 καί
1219 2499 1273 2585 οῦγ
1289 2498 1402 2579 άπλῦς,

261 2602 329 2670 οῦδὲ
350 2602 455 2688 άργοῖς.
496 2600 614 2685 Ἀνέστη
633 2601 704 2687 γάρ,
726 2604 816 2685 φησὶ,
837 2600 929 2667 πολλά
947 2601 1065 2686 σάματα
1082 2611 1142 2669 νῦν
1159 2600 1266 2690 άγίων,
1288 2598 1330 2680 νίς
1345 2605 1402 2687 [γει

258 2705 291 2772 τό
314 2703 494 2791 εὐαγγέλιον,
516 2707 567 2770 καὶ
588 2708 725 2788 είςηλθον
745 2703 899 2792 σῦναῦτῷ
921 2708 962 2781 είς
983 2703 1037 2789 τὴν
1058 2703 1145 2792 άγίαν
1164 2704 1265 2785 πόλιν,
1291 2706 1343 2771 καί
1364 2700 1402 2771 τά

259 2811 331 2892 ἑξῆς-

338 3116 531 3200 Πανταχόθεν
547 3121 645 3183 τοίνυν
659 3114 919 3201 άποκρονσάμενος
933 3124 986 3182 τοῦ
1002 3116 1144 3193 κώνωπος
1159 3115 1268 3183 τοῦτον
1279 3141 1317 3181 τα
1306 3112 1402 3201 ’δηγ-

257 3329 308 3388 καὶ
330 3322 427 3404 φωτός
446 3350 498 3387 του
485 3320 677 3408 εὐαγγελίου
700 3351 752 3406 της
765 3322 905 3406 άληθείας
927 3320 1027 3388 ἐπλ’
994 3348 1045 3399 τας
1063 3324 1129 3405 ἓξης
1145 3319 1220 3387 κατά
1238 3348 1271 3387 το
1262 3318 1402 3397 ἐίωθδς

258 3425 346 3492 πάλιν
368 3434 525 3511 προελθεῖν
546 3429 578 3491 ἐν
599 3434 634 3514 τῇ
655 3434 710 3491 τοῦ
731 3433 805 3491 θεοῦ
827 3423 950 3509 δυνάμει
971 3424 1190 3508 σπουδάσωμεν.

351 3600 473 3653 ΤΕΛΟΣ
495 3600 568 3654 ΤΟΥ
592 3598 724 3653 ΤΡΙΤΟΥ
747 3598 869 3653 ΤΟΜΟΥ
893 3598 965 3653 ΤΟΥ
985 3596 1136 3653 ΠΡΩΤΟΥ
1153 3595 1308 3653 ΒΙΒΔΙΟΥ.

291 3806 350 3855 (λιν.
368 3808 447 3856 V.—
475 3806 496 3856 1.
519 3809 590 3857 λκλιλλ.
607 3804 742 3871 ἐμφέρεται
759 3822 813 3858 τινα
845 3804 906 3856 lae
898 3804 1128 3889 ιαεετρτελεῑίοοιηο
1144 3804 1227 3855 facere
1244 3802 1333 3871 ponit.

256 3870 441 3937 δποδεικνυσιι,
457 3878 518 3937 quod
535 3876 564 3924 σε
578 3877 735 3937 superioribus
748 3888 813 3935 repe·
878 3874 903 3924 ¹2.
922 3877 996 3937 λυλρο
1011 3872 1035 3925 Γ
1034 3868 1137 3994 αὲαωμ.

256 3944 357 3993 tendum
387 3946 514 3994 comanus
526 3946 608 3993 νινειλ
622 3943 708 4009 Neque
722 3959 813 4010 specu·
877 3941 902 3993 3.
919 3934 1045 3994 λονλοωεν
1071 3958 1160 4009 γιιραι.
1185 3942 1406 4005 Samnium
