3046 5084
179 336 241 399 480
601 345 720 397 ειαοτι
738 345 906 396 τιετιιιαιι

179 491 238 547 χιον
251 459 465 547 όμοιογνώμονι
479 459 569 549 αὐτῷ,
592 465 678 545 δίκην
693 460 855 543 δικεφάλου
868 458 1058 544 ὑπαρχούσης
1071 467 1125 544 τῆς
1136 457 1239 527 «mv
1254 462 1334 547 αίρέ-

179 588 265 643 σεως,
287 565 409 649 ὕστερον
425 564 457 627 δὲ
473 560 514 640 ώς
530 563 643 646 κεφαλή
661 561 720 629 άπό
740 563 874 647 σώματος
891 566 1016 650 έρπετοῦ
1033 572 1198 646 τμηθεῖσα,
1219 564 1274 629 κοιλ
1292 566 1334 629 lu

180 669 355 749 ἐμπνέουσα,
377 664 502 742 πολλοάς
517 663 664 746 άφανίσας
677 664 826 749 ήθίκησεν,
850 664 890 742 ώς
905 671 1000 750 δῆθεν
1014 664 1113 749 μεῖζόν
1126 694 1154 733 τι
1165 667 1220 731 καί
1233 668 1334 749 έμπει·

179 770 298 856 ρότερον
314 767 395 853 παρά
417 765 508 843 3τοός
525 767 580 832 σάν
599 766 677 857 αὐτῷ
693 771 743 833 καί
759 767 828 844 τοάς
843 767 981 853 πρώτους
999 767 1124 845 θεικνός.
1166 770 1261 854 Λέγει
1277 766 1334 853 γάρ

179 871 232 955 τήν
253 870 373 957 πρώτην
394 868 540 955 Ὀγθοάὸα
562 868 598 935 σά
619 869 688 935 καθ’
709 867 857 953 όπόβασιν
877 869 971 936 άλλων
990 868 1050 937 όπό
1072 869 1161 937 άλλου
1180 869 1335 937 4υίίώνιιυ

56 1012 107 1058 μς,
119 996 164 1039 τεο.
179 978 416 1059 προβεβλῆσθαι,
442 970 498 1037 άλλ’
515 969 591 1054 όμοῦ
607 975 658 1037 καὶ
672 976 713 1048 είς
727 973 805 1050 άπαξ
820 972 874 1055 τήν
888 980 948 1039 τών
966 978 1021 1052 ὕλὲξ
1037 971 1164 1040 Αίώνοιυ
1178 970 1336 1057 προβολήν

180 1075 239 1142 άπό
255 1084 308 1142 τοῦ
326 1073 522 1162 Προπάτορος
536 1076 587 1139 καὶ
601 1081 654 1157 τῆς
665 1072 796 1151 Ἐυνοίας
811 1072 904 1142 αότοῦ
918 1078 1061 1159 τετέχθαι,
1078 1072 1119 1152 ώς
1134 1073 1226 1151 αάτός
1238 1102 1334 1157 μαιντ·

179 1181 303 1262 σάμενος
325 1181 553 1260 διαβεβαιοῦται.
600 1180 659 1241 Καὶ
679 1174 775 1243 οάκέτι
796 1181 828 1243 έκ
847 1177 952 1262 Λόγου
971 1180 1021 1243 καί
1043 1185 1131 1261 Ζωῆς
1143 1176 1334 1264 Ἀνθρώπου

180 1286 230 1347 καί
243 1280 429 1362 Ἐκκλησίαν,
452 1282 503 1345 καί
520 1282 549 1356 ἐξ
564 1276 758 1363 Ἀνθρώπου,
782 1278 823 1356 ώς
838 1284 869 1345 οί
881 1279 976 1360 άλλοι,
998 1278 1245 1363 καλἘκκλησίας,
1269 1278 1334 1347 Λό-

180 1411 232 1470 γον
254 1385 302 1449 καί
324 1381 412 1464 Ζιοήν
428 1403 501 1462 φασι
520 1383 652 1463 τετέχθαι
669 1379 757 1457 αάτός
778 1385 829 1447 καί
846 1386 877 1448 οί
893 1380 1003 1459 αάτοῦ,
1033 1381 1103 1448 άλλό
1120 1384 1211 1473 ἑτέρῳ
1229 1382 1333 1473 τρόπῳ

179 1495 266 1551 τοῦτο
287 1487 435 1570 λέγουσιν,
467 1482 512 1547 ότι
535 1482 607 1568 άπερ
631 1482 776 1567 ένενοήθη
801 1489 960 1570 προβαλεῖν
983 1483 1001 1550 ά
1021 1485 1210 1571 Προπάτατρ,
1241 1492 1333 1553 τοῦτο

183 1586 285 1673 Πατήρ
308 1586 436 1669 ἐκλήθη,
467 1586 531 1650 ἐπεὶ
552 1586 583 1650 δὲ
606 1584 623 1651 ὃ
645 1587 822 1670 προεβάλετο
842 1585 981 1671 Ἀλήθεια
1002 1581 1056 1671 ήν,
1086 1595 1174 1655 τοῦτο
1189 1586 1335 1671 Ἀλήθεια

180 1689 350 1772 ω’νσμάσθη.
383 1688 455 1752 Ὅτε
477 1680 531 1752 οὖν
553 1686 696 1771 ήθέίησεν
719 1692 861 1767 ἐπιδεῖξαι
885 1688 1014 1770 θαάτόν,
1046 1698 1134 1757 τοῦτο
1147 1688 1334 1776 Ἀνθρωπος

181 1795 293 1877 ἐλέχθη.
342 1790 404 1866 Οὓς
421 1791 452 1855 δὲ
470 1796 675 1876 προελογίσατο
693 1791 741 1857 ὅτε
757 1794 916 1878 προέβαλε,
939 1800 1025 1859 τοῦτο
1040 1790 1197 1875 Ἐπκλησία
1215 1790 1332 1876 ώκομά·

180 1908 249 1978 σθη.
295 1896 355 1958 Καὶ
373 1891 578 1978 δ”Ανθριοπος
595 1891 646 1959 τόν
661 1893 778 1979 Λόγον·
810 1888 898 1971 οὗτός
913 1897 989 1961 ἐστιν
1005 1891 1022 1958 ό
1036 1893 1229 1979 πρωτότοκος
1248 1894 1332 1972 Τλός.

178 1998 396 2065 Ἐπακολουθεῖ
415 1997 447 2061 δέ
467 2003 508 2085 τῷ
530 1995 622 2085 Λόγῳ
644 1999 694 2062 καί
715 1994 736 2079 ή
757 1997 835 2080 Ζιοή.
880 1999 942 2062 Καί
963 1996 1059 2073 οὕτως
1079 1995 1183 2082 πρώτη
1205 1994 1334 2083 Ὀγβοός

180 2102 380 2182 συνετελέσθη.
428 2096 524 2181 Πολλή
541 2100 572 2163 δὲ
590 2097 667 2182 μάχη
684 2097 752 2185 παρ’
767 2098 870 2175 αάτοῖς
884 2102 935 2165 καί
950 2101 1086 2185 περὶτοῦ
1100 2106 1255 2186 Σωτῆρος.
1295 2102 1336 2165 Οί

180 2206 231 2287 μέν
244 2202 300 2290 γάρ
314 2199 406 2267 αότόν
421 2204 453 2266 έκ
469 2201 589 2267 πάντων
603 2205 753 2287 γεγονέναι
767 2205 898 2289 λέγουσι,
920 2200 968 2267 διό
983 2202 1035 2267 καί
1047 2198 1226 2285 Εόιίοκητόν
1238 2210 1333 2269 καλεῖ-

180 2317 265 2384 σθαι,
289 2306 334 2371 ότι
347 2302 454 2369 πάντά
471 2302 624 2389 Πλήρωμα
637 2301 816 2387 ηὐδόκησεν·
839 2308 870 2369 οί
883 2305 915 2370 δέ
930 2307 963 2370 έκ
976 2302 1077 2386 μόνον
1090 2311 1150 2371 τών
1163 2304 1240 2371 δέκα
1251 2302 1331 2371 Αίώ-

180 2437 238 2475 νων
255 2416 313 2474 τῶν
330 2406 390 2473 άπό
407 2404 512 2491 Λόγον
529 2409 580 2471 καί
601 2414 688 2489 Ζωής
702 2411 927 2493 προβεβλῆσθαι
942 2403 1033 2473 αάτόν
1047 2408 1181 2492 λέγουσι,
1203 2404 1242 2473 τά
1258 2432 1330 2495 προ-

181 2510 284 2597 γονικά
300 2508 431 2592 όνόματα
449 2507 664 2587 ’διασώζοντα
686 2512 716 2574 σί
731 2509 764 2573 δέ
780 2511 812 2574 ἐκ
830 2517 889 2575 τών
907 2506 1033 2575 όεκαόόο
1049 2507 1180 2575 Αίώνοτν
1193 2516 1257 2577 τών
1276 2511 1332 2576 ⁸12

179 2622 233 2680 τοῦ
247 2611 425 2698 Ἀνθρώπου
443 2613 491 2676 καί
511 2618 598 2693 Ζιοῆς
614 2612 793 2695 γενομένων,
823 2614 873 2677 καί
889 2610 938 2677 ίιά
954 2616 1041 2677 τοῦτο
1060 2610 1135 2678 Τίόν
1147 2608 1331 2699 Ἀνθρώπου

180 2714 327 2801 ὁμολογεῖ,
358 2711 462 2789 ώςανεὶ
478 2711 628 2799 άπόγονον
640 2710 831 2799 Ἀνθρώπου·
862 2717 893 2780 οί
905 2714 936 2780 δέ
951 2711 1013 2780 όπό
1029 2720 1085 2779 τοῦ
1102 2720 1254 2799 Χριστοῦ,
1282 2716 1333 2781 καί

178 2825 231 2883 τοῦ
246 2815 345 2903 Ἀγίου
364 2813 538 2898 Πνεόματος
554 2817 595 2892 εἰς
611 2813 753 2901 στήριγμα
770 2823 824 2883 τοῦ
844 2815 1048 2902 Πληρώματος
1065 2818 1217 2903 γεγονέναι
1232 2818 1333 2905 λέγου-

179 2943 225 2984 σιν
247 2917 353 2998 αάτόν,
383 2920 434 2983 καί
458 2915 506 2982 διά
528 2925 615 2983 τοῦτο
640 2916 769 3003 Χριστόν
785 2920 922 3005 λέγεσθαι
945 2916 1035 2985 αότόν
1054 2917 1110 3003 τήν
1132 2926 1187 2985 τοῦ
1209 2918 1333 3007 πατρός,

181 3019 232 3101 άφ’
249 3014 286 3086 οὗ
302 3019 491 3105 προεβλήθη,
513 3019 689 3099 θιασώζοντα
705 3026 918 3107 προςηγορίαν·
940 3019 1021 3087 άλλοι
1037 3021 1085 3101 δέ,
1107 3018 1150 3098 ώς
1165 3022 1272 3103 εἰπεῖν,
1291 3048 1333 3089 τι-
1350 3056 1356 3065 ·

180 3149 228 3200 νες
249 3127 278 3201 ἐξ
300 3122 398 3188 αὐτῶν
419 3124 558 3212 ῥαψῳδοί
578 3121 629 3187 τόν
653 3122 835 3209 Προπάτορα
855 3130 915 3189 τών
936 3122 1012 3190 ὅλοιν
1032 3124 1084 3189 καί
1101 3121 1259 3211 προόρχην
1279 3124 1332 3191 καί

180 3225 415 3311 προανεννόητον
425 3223 608 3310 Ἀνθρώπου
624 3228 736 3311 λέγουσι
755 3234 922 3304 καλεῖσθαι,
949 3229 1001 3291 καί
1016 3222 1094 3292 τοῦτ’
1111 3222 1189 3293 είναι
1205 3224 1240 3292 τό
1257 3226 1332 3313 μέγα

180 3332 230 3395 καί
244 3327 421 3414 άπόκρνφον
434 3327 604 3412 μυστήριον,
622 3327 668 3394 ότι
682 3325 702 3411 ή
717 3326 790 3413 άπέρ
805 3326 841 3393 τά
854 3327 907 3394 όλα
921 3328 1045 3410 ιίόναμις
1058 3330 1108 3394 καί
1124 3326 1331 3417 έμπεριετιτιιιή

180 3440 239 3497 τῶν
257 3431 375 3497 πάντων
384 3429 564 3516 ’Ἀνθρωπος
579 3439 721 3509 καλεῖται,
743 3433 793 3497 καί
810 3430 860 3496 διά
875 3438 962 3497 τοῦτο
981 3428 1055 3497 Τίόν
1068 3427 1249 3519 Ἀνθρώπου
1264 3434 1329 3499 ἔσο·

180 3533 231 3599 τόν
250 3537 342 3620 λέγειν
364 3533 414 3600 τόν
435 3541 569 3619 Σωτῆρα.

46 3952 112 4018 Κεφ.
131 3945 162 4017 β’.
265 3943 349 4024 Αὕτη
374 3947 422 4008 καὶ
444 3943 464 4026 ή
486 3953 540 4010 τοῦ
558 3941 752 4026 Κολορβάσου
767 3943 890 4026 μάταιος
910 3950 951 4033 τῷ
972 3947 1029 4033 βίην
1050 3946 1101 4011 καί
1121 3944 1333 4031 φαντασιώθης

181 4045 230 4110 διά
246 4044 434 4126 ψοφημάτων
447 4052 626 4128 κενοφωνία·
648 4046 685 4130 ήν
701 4044 754 4112 έάν
766 4047 938 4130 καταμάθοι
951 4074 1011 4127 τις,
1032 4050 1137 4113 τίσεται
1150 4048 1185 4115 lu
1196 4054 1259 4115 τών
1271 4045 1332 4137 πρό

183 4144 275 4211 αὐτοῦ
298 4143 338 4223 ώς
359 4154 509 4232 φιλοτιμία
530 4152 590 4214 ἐστί
609 4156 663 4233 τῆς
683 4146 807 4216 έκάστον
825 4148 939 4215 τούτων
958 4146 1109 4227 άπονοίας.
1153 4154 1333 4233 limbo&

214 4370 240 4424 3.
255 4368 314 4431 τοὺς
325 4377 477 4426 κατοίσεται
492 4376 620 4427 cumatius
632 4382 653 4426 et
666 4378 736 4427 Peta-
803 4376 827 4427 5.
845 4379 885 4428 Sic
903 4380 1052 4428 τοπιτετυιιλ
1069 4378 1199 4429 cmm
1215 4384 1240 4431 τί
1259 4380 1332 4431 ΝΙ-

180 4444 241 4491 vius.
275 4442 339 4491 Libri
354 4445 437 4494 habent
454 4442 511 4495 τών.
769 4448 829 4496 vius.
862 4447 928 4496 Libri
943 4448 1027 4496 hubent
1042 4442 1079 4509 ἐξ.

215 4506 240 4561 4.
257 4512 346 4572 Scripsi
359 4507 461 4565 Δίιίνων
470 4526 515 4575 μιν
526 4525 552 4562 το
564 4513 627 4575 quod
639 4514 691 4562 libri
704 4517 737 4563 ιι·
803 4511 828 4564 6.
851 4516 932 4578 „Port-
948 4506 1116 4581 ''mum“
1138 4516 1265 4567 οιιολιπθ
1284 4516 1331 4569 Ρι-

180 4583 236 4630 nent
251 4576 343 4632 Δίῶνα.
769 4584 855 4633 tevins.
888 4584 1017 4635 comorius
1036 4578 1236 4653 wimundo
1253 4580 1332 4653 ῌιι
