3046 5084
410 406 547 459 Phthll
562 405 625 465 Lttt.
640 406 661 457 l.
678 404 760 460 ΤΟΜ.
773 407 817 459 lli.
834 407 933 459 naun.
946 409 1053 478 XLVI„
1237 402 1294 464 'lli

144 526 324 608 maritanas,
354 546 421 597 cnm
442 518 642 615 ia'Cbristum
661 524 850 606 credidisset,
882 529 970 592 multa
992 529 1131 595 virtutum
1152 533 1297 596 exercita-

145 630 226 693 tione
241 616 413 715 perpolitus,
437 629 553 714 vitaque
567 628 735 711 ad‘omnuqs
752 629 933 713 honestatem
946 631 1091 711 instituta,
1116 635 1230 698 taudem
1247 657 1297 720 pro

146 729 266 798 Christo
283 733 424 818 martyrio
440 720 609 818 perfunctus
624 731 865 824 perfectissimam
883 754 1021 798 eoronam
1037 736 1158 821 adeptus
1175 747 1222 800 est
1235 735 1298 801 Ro-

145 855 223 914 mae,
247 834 301 898 snb
316 833 439 898 Rustico
456 835 617 919 praelecto,
641 830 774 917 Adriano
787 835 961 920 imperante,
984 837 1094 922 inipso
1110 838 1181 901 llore
1195 840 1298 904 iuren-

146 938 232 1015 tutis,
256 958 334 1000 auno
348 936 483 1001 videlicet
499 937 605 1000 aetatis
623 936 783 1000 tricesimo.
829 935 905 1001 Huic
920 959 985 1001 cum
1002 960 1034 1003 se
1053 939 1198 1004 'l'atianns
1215 941 1298 1006 initio

146 1039 320 1118 dedidisset,
345 1039 480 1123 quamdiu
496 1060 561 1102 cum
576 1049 679 1102 sancto
694 1051 823 1124 martyre
842 1040 933 1121 vixit,
958 1062 1021 1104 cum
1041 1044 1148 1107 ceteris
1162 1044 1193 1106 in
1210 1043 1298 1108 rebus

145 1141 352 1206 honestissime
372 1163 404 1204 se
422 1141 530 1226 gessit,
564 1152 624 1205 tum
644 1143 762 1225 egregia
781 1143 835 1206 luit
851 1164 885 1206 ac
901 1145 1044 1208 constanti
1062 1145 1117 1207 fide
1137 1147 1296 1230 praeditus.

145 1242 206 1309 Sed
221 1244 271 1307 illu
287 1254 402 1307 mortno
419 1243 538 1329 perinde
556 1264 591 1307 ac
606 1244 630 1308 si
648 1265 753 1307 caecus
767 1244 803 1307 ah
817 1245 911 1309 alteru
927 1247 1066 1311 deductus
1082 1268 1099 1309 a
1114 1249 1234 1312 ductore
1249 1249 1299 1311 de·

145 1348 295 1427 stituatur,
313 1347 342 1410 in
358 1336 498 1432 praeceps
511 1367 578 1410 sese
593 1346 777 1410 committens
794 1367 863 1432 prae
879 1349 1021 1412 caecitate
1036 1350 1172 1413 deorsum
1185 1351 1225 1414 ita
1240 1353 1298 1413 ier·

146 1461 209 1529 tur,
242 1461 273 1513 ut
292 1449 429 1512 cohihere
447 1449 558 1534 lapsum
579 1460 723 1533 nequeat,
755 1450 848 1514 donee
870 1450 1039 1515 inventitium
1062 1465 1144 1532 ruat,
1178 1453 1218 1515 ita
1237 1451 1300 1516 Ta·

147 1554 225 1616 tiano
240 1551 373 1636 contigit.
419 1549 495 1614 Erat
507 1551 572 1630 bie,
596 1552 836 1636 quemadmodum
853 1554 1030 1639 accepimus,
1055 1556 1172 1618 natione
1189 1552 1297 1642 Syrus.

147 1653 205 1738 Qui
230 1655 351 1740 primum
375 1654 403 1717 in
421 1651 635 1738 Mesopotamia
657 1675 762 1718 novam
785 1666 895 1718 sectam
913 1658 1040 1720 condere
1058 1679 1216 1742 aggressus
1240 1670 1296 1736 est,

150 1758 229 1821 circa
256 1778 363 1820 anuum
387 1752 462 1819 Xll.
486 1754 629 1818 Antonini
652 1769 847 1840 cognomento
868 1755 925 1821 Pii.
978 1755 1091 1845 Quippe
1119 1771 1183 1844 post
1206 1762 1299 1824 sancti

147 1857 251 1923 lustini
267 1858 437 1944 martyrium
452 1856 548 1921 Roma
566 1860 713 1943 proiectus
729 1858 758 1921 in
775 1860 930 1938 orientem,
955 1872 985 1922 et
999 1861 1104 1924 ibidem
1121 1852 1254 1926 habitans
1269 1863 1299 1926 in

147 1963 289 2027 absurdas
313 1959 467 2047 opiniones
491 1960 610 2040 incidit,
642 1981 677 2024 ac
695 1962 796 2024 nescio
817 1983 891 2046 quos
909 1964 1028 2026 Aeonas
1050 1984 1066 2026 c
1084 1961 1299 2028 Valentinianis

147 2066 263 2143 fabulis,
288 2075 318 2128 et
333 2063 474 2149 principia
491 2064 631 2148 quaedam
648 2084 684 2127 sc
699 2065 924 2149 propagationes
941 2076 1121 2130 commentus
1136 2078 1193 2130 est.
1239 2065 1299 2132 Sed

147 2168 304 2234 Antiochia
321 2166 512 2252 praesertim,
537 2188 611 2251 quae
628 2167 663 2229 ad
682 2164 822 2252 Daphnen
842 2178 898 2246 est,
922 2167 999 2230 illius
1017 2169 1121 2252 dogma
1137 2168 1298 2233 derivatum

145 2273 176 2335 in
192 2267 296 2337 Cilicia
310 2292 344 2333 ac
357 2266 466 2334 Pisidia
482 2268 649 2353 cumprimis
663 2267 783 2332 coaluit.
821 2268 897 2333 Hinc
913 2271 989 2333 enim
1005 2269 1221 2335 Eucratitarum
1236 2284 1300 2336 orta

145 2375 296 2438 successio
318 2383 381 2452 est,
414 2372 518 2456 quibus
540 2391 686 2436 venenum
704 2371 773 2435 illud
794 2393 957 2457 aspersum.
1001 2369 1116 2436 Ferunt
1137 2396 1209 2460 opus
1232 2375 1299 2439 illud

147 2480 223 2563 quod
241 2498 283 2540 ex
299 2473 344 2539 tv
360 2475 523 2559 evangeliis
541 2485 712 2537 contextum
732 2485 793 2553 est,
818 2476 952 2558 quodque
970 2477 1129 2540 secundum
1149 2475 1300 2542 Hebraeos

148 2580 281 2646 nonnulli
302 2588 426 2657 vocant,
451 2577 487 2641 ab
510 2598 546 2641 eo
568 2597 635 2641 esse
658 2577 866 2664 conscriptum.

233 2887 373 2955 Ceterum
387 2888 489 2952 cadem
507 2890 569 2951 lere
585 2908 650 2950 eum
664 2885 791 2971 antiquis
806 2887 976 2952 haeresibus
993 2888 1133 2951 defendit.
1177 2888 1224 2953 Ac
1242 2890 1300 2976 pri·
1318 2909 1377 2976 usp.
1394 2910 1425 2960 tt.

147 3015 225 3058 mum
240 2994 385 3055 Adamum
400 3003 488 3075 negat
506 3011 571 3053 esse
587 2991 710 3054 salvum.
748 2987 862 3054 Deinde
880 2991 1086 3054 continentiam
1103 2991 1300 3076 caelibemque

147 3098 236 3161 vitam
262 3095 420 3181 praedicat.
469 3090 596 3178 Nuptias
620 3093 791 3156 adulterium
815 3112 881 3156 esse
906 3115 1016 3157 merum
1046 3114 1080 3157 ac
1106 3095 1300 3181 corruptelam

147 3201 315 3277 existimat,
348 3218 402 3261 nec
421 3196 457 3260 ah
475 3195 525 3259 illo
543 3196 711 3281 discrepare
728 3196 861 3280 penitus,
894 3197 1040 3260 sedidem
1064 3209 1093 3260 et
1111 3217 1198 3260 utrum
1219 3218 1298 3261 esse.

148 3301 215 3386 Qua
230 3302 344 3386 quidem
362 3298 562 3367 continentiae
576 3319 610 3362 ac
627 3298 781 3382 pudicitiae
800 3299 917 3383 specie,
944 3301 1025 3362 velut
1041 3300 1178 3363 illecebra
1197 3322 1301 3386 propo·

147 3409 220 3484 sita,
246 3406 332 3468 bomo
348 3404 431 3466 valer
447 3401 594 3487 obrepsit,
618 3412 764 3486 tamquam
782 3422 873 3487 rapax
890 3403 1004 3485 quidam
1021 3403 1103 3487 lupus
1119 3403 1222 3488 pellem
1237 3404 1302 3467 ovis

147 3511 284 3587 induens,
310 3527 404 3590 eoque
419 3505 513 3585 cultu,
538 3524 623 3589 quem
637 3504 673 3568 ad
689 3514 802 3589 tempus
815 3515 1004 3589 susceperat,
1029 3504 1153 3569 miseros
1170 3505 1301 3569 homiues

146 3615 176 3677 in
200 3612 330 3675 fraudem
355 3609 516 3694 pelliciens.
562 3598 705 3671 Similiter
726 3617 756 3670 et
775 3610 916 3692 mysteria
935 3609 1076 3692 quaedam
1100 3609 1136 3672 ad
1156 3609 1300 3673 ecclesiae

147 3725 267 3780 sanctae
286 3711 477 3776 imitationem
498 3711 640 3787 instituit,
674 3711 725 3773 sed
747 3711 782 3772 ad
806 3731 841 3772 ea
861 3722 958 3774 tamen
975 3710 1045 3774 nihil
1062 3724 1180 3797 praeter
1197 3734 1300 3797 aquam

147 3816 287 3883 adhibuit.
333 3812 446 3878 Verum
459 3834 496 3877 ne
509 3814 557 3878 ille
573 3812 688 3898 quidem
705 3814 812 3898 poterit
824 3813 937 3876 ratione
951 3814 1009 3877 ulla
1023 3815 1199 3892 corasistere,
1218 3813 1301 3879 cuius

148 3933 205 3984 tam
224 3919 398 3984 imbecillum
415 3916 590 4001 minimeque
608 3916 771 3980 cohaerens
788 3927 834 3978 est
849 3917 965 4000 dogma.
1012 3918 1057 3980 Ac
1075 3919 1130 3981 nisi
1147 3918 1231 3981 fallor
1247 3918 1302 3982 boc

147 4035 278 4108 tempore
301 4042 366 4085 enan
389 4020 467 4084 omni
489 4019 589 4084 subola
611 4040 664 4083 sua
686 4018 834 4083 extinctus
857 4020 1016 4083 intercidit.
1062 4018 1139 4104 Quid
1165 4021 1241 4084 enim
1264 4023 1301 4084 ud

147 4129 227 4193 illum
243 4126 426 4190 refutandum
443 4122 541 4186 afferri
560 4142 618 4187 non
633 4125 750 4208 potest?
793 4119 852 4187 Sed
869 4123 937 4186 illud
956 4124 1035 4187 valet
1048 4123 1201 4209 inprimis,
1226 4127 1302 4208 quod

148 4233 291 4296 adversus
307 4227 417 4293 similes
434 4227 573 4289 haereses
589 4237 675 4288 antea
690 4227 905 4312 proposuimus,
930 4226 991 4290 fieri
1008 4228 1126 4290 omuino
1141 4249 1198 4291 uun
1214 4248 1301 4314 posse

147 4335 231 4419 plura
254 4342 284 4396 nt
303 4328 452 4415 Principia
475 4327 534 4404 siut
554 4348 749 4414 eorumquae
769 4330 957 4394 successione
976 4340 1166 4413 generantur.
1212 4329 1301 4396 Plura

149 4436 291 4522 siquidem
304 4435 354 4498 illa
368 4443 498 4496 etenum
514 4431 550 4494 ab
565 4453 623 4496 uuo
639 4434 768 4518 proiecta
783 4432 817 4495 ab
833 4454 890 4496 uua
904 4434 1032 4496 omnium
1047 4454 1152 4498 caussa
1165 4454 1302 4499 manasse
1331 4450 1334 4471 '

181 4585 206 4641 4.
224 4585 368 4656 εὐαγγέλιον
383 4589 512 4638 emendatio
527 4593 560 4638 cet
573 4591 617 4640 los.
632 4589 708 4640 Secta·-
778 4587 835 4640 Cas.
851 4590 882 4637 tt.
901 4617 933 4627 -
954 4588 977 4639 l.
994 4591 1089 4640 nonest
1104 4590 1199 4642 πασῶν.
1231 4592 1301 4640 Petu·

147 4662 204 4724 peri.
238 4660 304 4709 lefort
320 4660 404 4708 hamat
421 4650 581 4724 εὐαγγελίων.
741 4660 794 4710 nint
807 4660 880 4708 voluit
895 4653 1000 4712 πάντων.
1034 4660 1099 4711 Libri
1112 4660 1196 4710 hubent
1206 4657 1302 4711 παθῶν.
