<?xml version="1.0" encoding="UTF-8"?>
<!DOCTYPE html PUBLIC "-//W3C//DTD XHTML 1.0 Transitional//EN"
    "http://www.w3.org/TR/xhtml1/DTD/xhtml1-transitional.dtd">
<html xmlns="http://www.w3.org/1999/xhtml" xml:lang="en" lang="en">
 <head>
  <title>
</title>
<meta http-equiv="Content-Type" content="text/html;charset=utf-8" />
  <meta name='ocr-system' content='tesseract 3.04.00' />
  <meta name='ocr-capabilities' content='ocr_page ocr_carea ocr_par ocr_line ocrx_word'/>
</head>
<body>
  <div class='ocr_page' id='page_1' title='image "./corporishaerese01unkngoog_0170.png"; bbox 0 0 3046 5084; ppageno 0'>
   <div class='ocr_carea' id='block_1_1' title="bbox 434 362 1308 424">
    <p class='ocr_par' dir='ltr' id='par_1_1' title="bbox 434 362 1308 424">
     <span class='ocr_line' id='line_1_1' title="bbox 434 362 1308 424; baseline 0.002 -6"><span class='ocrx_word' id='word_1_1' title='bbox 434 365 569 418; x_wconf 80' lang='lat' dir='ltr'>PANAllll</span> <span class='ocrx_word' id='word_1_2' title='bbox 584 366 649 417; x_wconf 71' lang='lat' dir='ltr'>utu.</span> <span class='ocrx_word' id='word_1_3' title='bbox 661 368 680 417; x_wconf 89' lang='lat' dir='ltr'>l.</span> <span class='ocrx_word' id='word_1_4' title='bbox 697 369 778 421; x_wconf 70' lang='lat' dir='ltr'>&#39;rond</span> <span class='ocrx_word' id='word_1_5' title='bbox 795 370 826 419; x_wconf 92' lang='lat' dir='ltr'>ll.</span> <span class='ocrx_word' id='word_1_6' title='bbox 844 368 941 420; x_wconf 77' lang='lat' dir='ltr'>nana.</span> <span class='ocrx_word' id='word_1_7' title='bbox 955 371 1039 424; x_wconf 79' lang='lat' dir='ltr'>XXV.</span> <span class='ocrx_word' id='word_1_8' title='bbox 1252 362 1308 423; x_wconf 84' lang='grc'>165</span> 
     </span>
    </p>
   </div>
   <div class='ocr_carea' id='block_1_2' title="bbox 147 485 1417 4321">
    <p class='ocr_par' dir='ltr' id='par_1_2' title="bbox 150 485 1308 3283">
     <span class='ocr_line' id='line_1_2' title="bbox 160 485 1308 575; baseline 0.007 -29"><span class='ocrx_word' id='word_1_9' title='bbox 160 507 214 566; x_wconf 83' lang='lat' dir='ltr'>per</span> <span class='ocrx_word' id='word_1_10' title='bbox 233 507 297 566; x_wconf 81' lang='lat' dir='ltr'>ape.-</span> <span class='ocrx_word' id='word_1_11' title='bbox 327 489 419 547; x_wconf 78' lang='lat' dir='ltr'>addae</span> <span class='ocrx_word' id='word_1_12' title='bbox 435 486 599 565; x_wconf 74' lang='lat' dir='ltr'>paululum,</span> <span class='ocrx_word' id='word_1_13' title='bbox 626 487 773 564; x_wconf 69' lang='lat' dir='ltr'>maiolum</span> <span class='ocrx_word' id='word_1_14' title='bbox 789 489 880 547; x_wconf 81' lang='lat' dir='ltr'>adbuc</span> <span class='ocrx_word' id='word_1_15' title='bbox 896 500 1021 568; x_wconf 69' lang='lat' dir='ltr'>aperto.</span> <span class='ocrx_word' id='word_1_16' title='bbox 1067 485 1167 571; x_wconf 82' lang='lat' dir='ltr'>Quare</span> <span class='ocrx_word' id='word_1_17' title='bbox 1184 489 1308 575; x_wconf 82' lang='lat' dir='ltr'>ipsamet</span> 
     </span>
     <span class='ocr_line' id='line_1_3' title="bbox 163 583 1305 671; baseline 0.004 -22"><span class='ocrx_word' id='word_1_18' title='bbox 163 584 308 650; x_wconf 82' lang='lat' dir='ltr'>Hebraica</span> <span class='ocrx_word' id='word_1_19' title='bbox 330 586 421 651; x_wconf 84' lang='lat' dir='ltr'>verba</span> <span class='ocrx_word' id='word_1_20' title='bbox 445 584 564 648; x_wconf 90' lang='lat' dir='ltr'>totidem</span> <span class='ocrx_word' id='word_1_21' title='bbox 585 592 619 645; x_wconf 89' lang='lat' dir='ltr'>nt</span> <span class='ocrx_word' id='word_1_22' title='bbox 636 583 696 646; x_wconf 86' lang='lat' dir='ltr'>illic</span> <span class='ocrx_word' id='word_1_23' title='bbox 718 585 859 666; x_wconf 86' lang='lat' dir='ltr'>leguntur</span> <span class='ocrx_word' id='word_1_24' title='bbox 870 587 1013 667; x_wconf 86' lang='lat' dir='ltr'>descripta</span> <span class='ocrx_word' id='word_1_25' title='bbox 1032 588 1150 671; x_wconf 80' lang='lat' dir='ltr'>syllabis</span> <span class='ocrx_word' id='word_1_26' title='bbox 1169 589 1223 652; x_wconf 89' lang='lat' dir='ltr'>boc</span> <span class='ocrx_word' id='word_1_27' title='bbox 1241 591 1305 654; x_wconf 93' lang='lat' dir='ltr'>loco</span> 
     </span>
     <span class='ocr_line' id='line_1_4' title="bbox 163 682 1306 769; baseline 0.002 -19"><span class='ocrx_word' id='word_1_28' title='bbox 163 687 326 752; x_wconf 89' lang='lat' dir='ltr'>subiiciam.</span> <span class='ocrx_word' id='word_1_29' title='bbox 371 686 487 769; x_wconf 77' lang='lat' dir='ltr'>Quippe</span> <span class='ocrx_word' id='word_1_30' title='bbox 505 682 590 747; x_wconf 85' lang='lat' dir='ltr'>Tsan</span> <span class='ocrx_word' id='word_1_31' title='bbox 607 683 703 745; x_wconf 90' lang='lat' dir='ltr'>latsau</span> <span class='ocrx_word' id='word_1_32' title='bbox 720 682 802 747; x_wconf 81' lang='lat' dir='ltr'>Tsau</span> <span class='ocrx_word' id='word_1_33' title='bbox 821 685 915 747; x_wconf 86' lang='lat' dir='ltr'>latsau</span> <span class='ocrx_word' id='word_1_34' title='bbox 933 690 1138 748; x_wconf 79' lang='lat' dir='ltr'><em>tribulationem</em></span> <span class='ocrx_word' id='word_1_35' title='bbox 1154 710 1237 768; x_wconf 78' lang='lat' dir='ltr'>super</span> <span class='ocrx_word' id='word_1_36' title='bbox 1255 698 1306 752; x_wconf 86' lang='lat' dir='ltr'>trr&#39;-</span> 
     </span>
     <span class='ocr_line' id='line_1_5' title="bbox 163 780 1306 869; baseline 0.002 -18"><span class='ocrx_word' id='word_1_37' title='bbox 163 789 329 851; x_wconf 77' lang='lat' dir='ltr'><em>bulationem</em></span> <span class='ocrx_word' id='word_1_38' title='bbox 358 785 517 869; x_wconf 83' lang='lat' dir='ltr'>signibcat‚</span> <span class='ocrx_word' id='word_1_39' title='bbox 552 780 701 847; x_wconf 84' lang='lat' dir='ltr'>Caulacau</span> <span class='ocrx_word' id='word_1_40' title='bbox 728 781 874 848; x_wconf 84' lang='lat' dir='ltr'>Caulacac</span> <span class='ocrx_word' id='word_1_41' title='bbox 900 808 974 866; x_wconf 75' lang='lat' dir='ltr'>apem</span> <span class='ocrx_word' id='word_1_42' title='bbox 999 809 1083 867; x_wconf 83' lang='lat' dir='ltr'>super</span> <span class='ocrx_word' id='word_1_43' title='bbox 1104 810 1194 868; x_wconf 83' lang='lat' dir='ltr'>spem,</span> <span class='ocrx_word' id='word_1_44' title='bbox 1228 788 1306 853; x_wconf 87' lang='lat' dir='ltr'>Zeer</span> 
     </span>
     <span class='ocr_line' id='line_1_6' title="bbox 162 868 1306 968; baseline 0 -15"><span class='ocrx_word' id='word_1_45' title='bbox 162 868 260 953; x_wconf 71' lang='lat' dir='ltr'>scham</span> <span class='ocrx_word' id='word_1_46' title='bbox 284 888 364 951; x_wconf 87' lang='lat' dir='ltr'>Zecr</span> <span class='ocrx_word' id='word_1_47' title='bbox 382 885 480 949; x_wconf 86' lang='lat' dir='ltr'>scham</span> <span class='ocrx_word' id='word_1_48' title='bbox 499 889 589 946; x_wconf 84' lang='lat' dir='ltr'>adbuc</span> <span class='ocrx_word' id='word_1_49' title='bbox 600 889 763 966; x_wconf 79' lang='lat' dir='ltr'>paululum,</span> <span class='ocrx_word' id='word_1_50' title='bbox 791 889 939 967; x_wconf 79' lang='lat' dir='ltr'>pendulam</span> <span class='ocrx_word' id='word_1_51' title='bbox 954 891 1045 949; x_wconf 75' lang='lat' dir='ltr'>addae</span> <span class='ocrx_word' id='word_1_52' title='bbox 1064 901 1189 968; x_wconf 74' lang='lat' dir='ltr'>eapeeta.</span> <span class='ocrx_word' id='word_1_53' title='bbox 1237 887 1306 954; x_wconf 88' lang='lat' dir='ltr'>Ubi·</span> 
     </span>
     <span class='ocr_line' id='line_1_7' title="bbox 161 985 1303 1072; baseline 0 -19"><span class='ocrx_word' id='word_1_54' title='bbox 161 1012 228 1053; x_wconf 90' lang='lat' dir='ltr'>nam</span> <span class='ocrx_word' id='word_1_55' title='bbox 245 989 395 1072; x_wconf 88' lang='lat' dir='ltr'>igiturest</span> <span class='ocrx_word' id='word_1_56' title='bbox 411 987 523 1050; x_wconf 89' lang='lat' dir='ltr'>illorum</span> <span class='ocrx_word' id='word_1_57' title='bbox 540 989 753 1051; x_wconf 81' lang='lat' dir='ltr'>commentum?</span> <span class='ocrx_word' id='word_1_58' title='bbox 796 985 853 1051; x_wconf 86' lang='lat' dir='ltr'>Ubi</span> <span class='ocrx_word' id='word_1_59' title='bbox 869 988 1057 1052; x_wconf 87' lang='lat' dir='ltr'>vanissimum</span> <span class='ocrx_word' id='word_1_60' title='bbox 1075 990 1143 1052; x_wconf 92' lang='lat' dir='ltr'>illud</span> <span class='ocrx_word' id='word_1_61' title='bbox 1162 989 1303 1054; x_wconf 90' lang='lat' dir='ltr'>somnium</span> 
     </span>
     <span class='ocr_line' id='line_1_8' title="bbox 161 1087 1305 1173; baseline -0.001 -18"><span class='ocrx_word' id='word_1_62' title='bbox 161 1094 240 1155; x_wconf 88' lang='lat' dir='ltr'>letus</span> <span class='ocrx_word' id='word_1_63' title='bbox 265 1091 359 1152; x_wconf 90' lang='lat' dir='ltr'>instar</span> <span class='ocrx_word' id='word_1_64' title='bbox 386 1088 510 1152; x_wconf 85' lang='lat' dir='ltr'>abistis</span> <span class='ocrx_word' id='word_1_65' title='bbox 539 1090 727 1173; x_wconf 74' lang='lat' dir='ltr'>conceptum?</span> <span class='ocrx_word' id='word_1_66' title='bbox 769 1087 852 1153; x_wconf 86' lang='lat' dir='ltr'>Unde</span> <span class='ocrx_word' id='word_1_67' title='bbox 881 1089 952 1153; x_wconf 87' lang='lat' dir='ltr'>baec</span> <span class='ocrx_word' id='word_1_68' title='bbox 980 1091 1010 1153; x_wconf 92' lang='lat' dir='ltr'>in</span> <span class='ocrx_word' id='word_1_69' title='bbox 1037 1091 1143 1153; x_wconf 79' lang='lat' dir='ltr'>nmudo</span> <span class='ocrx_word' id='word_1_70' title='bbox 1171 1091 1305 1154; x_wconf 84' lang='lat' dir='ltr'>zizania?</span> 
     </span>
     <span class='ocr_line' id='line_1_9' title="bbox 163 1188 1302 1275; baseline 0.004 -23"><span class='ocrx_word' id='word_1_71' title='bbox 163 1189 316 1272; x_wconf 77' lang='lat' dir='ltr'>Quaenam</span> <span class='ocrx_word' id='word_1_72' title='bbox 332 1210 423 1274; x_wconf 86' lang='lat' dir='ltr'>genus</span> <span class='ocrx_word' id='word_1_73' title='bbox 440 1188 493 1252; x_wconf 88' lang='lat' dir='ltr'>boc</span> <span class='ocrx_word' id='word_1_74' title='bbox 510 1188 656 1252; x_wconf 88' lang='lat' dir='ltr'>hominum</span> <span class='ocrx_word' id='word_1_75' title='bbox 673 1191 834 1255; x_wconf 69' lang='lat' dir='ltr'>necessitas</span> <span class='ocrx_word' id='word_1_76' title='bbox 851 1193 962 1275; x_wconf 71' lang='lat' dir='ltr'>coligit,</span> <span class='ocrx_word' id='word_1_77' title='bbox 986 1191 1040 1254; x_wconf 89' lang='lat' dir='ltr'>sibi</span> <span class='ocrx_word' id='word_1_78' title='bbox 1060 1203 1092 1255; x_wconf 88' lang='lat' dir='ltr'>ct</span> <span class='ocrx_word' id='word_1_79' title='bbox 1106 1192 1302 1256; x_wconf 79' lang='lat' dir='ltr'>voluntarium</span> 
     </span>
     <span class='ocr_line' id='line_1_10' title="bbox 162 1287 1300 1358; baseline 0.004 -5"><span class='ocrx_word' id='word_1_80' title='bbox 162 1291 285 1354; x_wconf 81' lang='lat' dir='ltr'>exitium</span> <span class='ocrx_word' id='word_1_81' title='bbox 302 1290 536 1354; x_wconf 68' lang='lat' dir='ltr'>consciscerent?</span> <span class='ocrx_word' id='word_1_82' title='bbox 577 1287 613 1354; x_wconf 89' lang='lat' dir='ltr'>Si</span> <span class='ocrx_word' id='word_1_83' title='bbox 629 1291 705 1353; x_wconf 88' lang='lat' dir='ltr'>enim</span> <span class='ocrx_word' id='word_1_84' title='bbox 722 1292 863 1355; x_wconf 89' lang='lat' dir='ltr'>eiusmodi</span> <span class='ocrx_word' id='word_1_85' title='bbox 879 1293 1021 1356; x_wconf 85' lang='lat' dir='ltr'>vocabula</span> <span class='ocrx_word' id='word_1_86' title='bbox 1039 1315 1103 1356; x_wconf 90' lang='lat' dir='ltr'>eum</span> <span class='ocrx_word' id='word_1_87' title='bbox 1122 1313 1222 1357; x_wconf 88' lang='lat' dir='ltr'>corum</span> <span class='ocrx_word' id='word_1_88' title='bbox 1244 1295 1300 1358; x_wconf 81' lang='lat' dir='ltr'>vim</span> 
     </span>
     <span class='ocr_line' id='line_1_11' title="bbox 162 1391 1300 1476; baseline 0.005 -23"><span class='ocrx_word' id='word_1_89' title='bbox 162 1392 358 1475; x_wconf 76' lang='lat' dir='ltr'>intelligerent</span> <span class='ocrx_word' id='word_1_90' title='bbox 373 1391 534 1476; x_wconf 87' lang='lat' dir='ltr'>peruiciosa</span> <span class='ocrx_word' id='word_1_91' title='bbox 551 1392 744 1456; x_wconf 83' lang='lat' dir='ltr'>ludificatione</span> <span class='ocrx_word' id='word_1_92' title='bbox 763 1395 966 1472; x_wconf 86' lang='lat' dir='ltr'>detorserunt,</span> <span class='ocrx_word' id='word_1_93' title='bbox 999 1395 1154 1458; x_wconf 82' lang='lat' dir='ltr'>manifesta</span> <span class='ocrx_word' id='word_1_94' title='bbox 1171 1395 1300 1459; x_wconf 86' lang='lat' dir='ltr'>sibimet·</span> 
     </span>
     <span class='ocr_line' id='line_1_12' title="bbox 161 1493 1299 1580; baseline 0.004 -26"><span class='ocrx_word' id='word_1_95' title='bbox 161 1493 231 1577; x_wconf 87' lang='lat' dir='ltr'>ipsis</span> <span class='ocrx_word' id='word_1_96' title='bbox 246 1493 312 1555; x_wconf 89' lang='lat' dir='ltr'>mali</span> <span class='ocrx_word' id='word_1_97' title='bbox 325 1503 459 1557; x_wconf 76' lang='lat' dir='ltr'>auctores</span> <span class='ocrx_word' id='word_1_98' title='bbox 476 1495 609 1557; x_wconf 87' lang='lat' dir='ltr'>luerunt:</span> <span class='ocrx_word' id='word_1_99' title='bbox 634 1495 679 1557; x_wconf 88' lang='lat' dir='ltr'>sin</span> <span class='ocrx_word' id='word_1_100' title='bbox 694 1514 747 1580; x_wconf 89' lang='lat' dir='ltr'>per</span> <span class='ocrx_word' id='word_1_101' title='bbox 758 1495 949 1578; x_wconf 76' lang='lat' dir='ltr'>ignorantiam</span> <span class='ocrx_word' id='word_1_102' title='bbox 965 1517 1038 1580; x_wconf 88' lang='lat' dir='ltr'>quae</span> <span class='ocrx_word' id='word_1_103' title='bbox 1053 1496 1200 1560; x_wconf 90' lang='lat' dir='ltr'>nescirent</span> <span class='ocrx_word' id='word_1_104' title='bbox 1215 1518 1299 1559; x_wconf 89' lang='lat' dir='ltr'>usur-</span> 
     </span>
     <span class='ocr_line' id='line_1_13' title="bbox 161 1593 1298 1683; baseline 0.004 -28"><span class='ocrx_word' id='word_1_105' title='bbox 161 1593 309 1679; x_wconf 86' lang='lat' dir='ltr'>paverint,</span> <span class='ocrx_word' id='word_1_106' title='bbox 333 1594 401 1658; x_wconf 88' lang='lat' dir='ltr'>nibil</span> <span class='ocrx_word' id='word_1_107' title='bbox 420 1595 464 1658; x_wconf 88' lang='lat' dir='ltr'>bis</span> <span class='ocrx_word' id='word_1_108' title='bbox 482 1595 550 1679; x_wconf 81' lang='lat' dir='ltr'>fingi</span> <span class='ocrx_word' id='word_1_109' title='bbox 568 1606 666 1678; x_wconf 86' lang='lat' dir='ltr'>potest</span> <span class='ocrx_word' id='word_1_110' title='bbox 682 1596 837 1660; x_wconf 78' lang='lat' dir='ltr'>infelicius.</span> <span class='ocrx_word' id='word_1_111' title='bbox 884 1594 996 1661; x_wconf 88' lang='lat' dir='ltr'>Stolida</span> <span class='ocrx_word' id='word_1_112' title='bbox 1014 1597 1118 1683; x_wconf 88' lang='lat' dir='ltr'>quippe</span> <span class='ocrx_word' id='word_1_113' title='bbox 1140 1609 1207 1661; x_wconf 88' lang='lat' dir='ltr'>suut</span> <span class='ocrx_word' id='word_1_114' title='bbox 1226 1599 1298 1661; x_wconf 88' lang='lat' dir='ltr'>haec</span> 
     </span>
     <span class='ocr_line' id='line_1_14' title="bbox 159 1695 1297 1782; baseline 0.005 -25"><span class='ocrx_word' id='word_1_115' title='bbox 159 1707 244 1778; x_wconf 89' lang='lat' dir='ltr'>atque</span> <span class='ocrx_word' id='word_1_116' title='bbox 264 1695 400 1774; x_wconf 89' lang='lat' dir='ltr'>ridicula,</span> <span class='ocrx_word' id='word_1_117' title='bbox 432 1716 506 1779; x_wconf 88' lang='lat' dir='ltr'>quae</span> <span class='ocrx_word' id='word_1_118' title='bbox 528 1697 657 1779; x_wconf 90' lang='lat' dir='ltr'>quisquis</span> <span class='ocrx_word' id='word_1_119' title='bbox 679 1696 817 1760; x_wconf 83' lang='lat' dir='ltr'>divinitus</span> <span class='ocrx_word' id='word_1_120' title='bbox 835 1699 1016 1782; x_wconf 90' lang='lat' dir='ltr'>prudentiam</span> <span class='ocrx_word' id='word_1_121' title='bbox 1036 1709 1138 1763; x_wconf 84' lang='lat' dir='ltr'>nactus</span> <span class='ocrx_word' id='word_1_122' title='bbox 1160 1700 1198 1762; x_wconf 88' lang='lat' dir='ltr'>sit</span> <span class='ocrx_word' id='word_1_123' title='bbox 1219 1700 1297 1763; x_wconf 83' lang='lat' dir='ltr'>nudo</span> 
     </span>
     <span class='ocr_line' id='line_1_15' title="bbox 158 1793 1298 1885; baseline 0.005 -27"><span class='ocrx_word' id='word_1_124' title='bbox 158 1796 275 1880; x_wconf 86' lang='lat' dir='ltr'>negotio</span> <span class='ocrx_word' id='word_1_125' title='bbox 290 1799 452 1882; x_wconf 83' lang='lat' dir='ltr'>pervideat.</span> <span class='ocrx_word' id='word_1_126' title='bbox 487 1793 636 1880; x_wconf 85' lang='lat' dir='ltr'>Siquidem</span> <span class='ocrx_word' id='word_1_127' title='bbox 652 1797 806 1880; x_wconf 87' lang='lat' dir='ltr'>voluptatis</span> <span class='ocrx_word' id='word_1_128' title='bbox 823 1799 913 1880; x_wconf 88' lang='lat' dir='ltr'>gratia</span> <span class='ocrx_word' id='word_1_129' title='bbox 929 1821 993 1862; x_wconf 82' lang='lat' dir='ltr'>carm</span> <span class='ocrx_word' id='word_1_130' title='bbox 1006 1800 1132 1885; x_wconf 86' lang='lat' dir='ltr'>seipsos,</span> <span class='ocrx_word' id='word_1_131' title='bbox 1149 1810 1209 1863; x_wconf 88' lang='lat' dir='ltr'>tum</span> <span class='ocrx_word' id='word_1_132' title='bbox 1225 1822 1298 1884; x_wconf 89' lang='lat' dir='ltr'>quos</span> 
     </span>
     <span class='ocr_line' id='line_1_16' title="bbox 156 1897 1298 1983; baseline 0.004 -23"><span class='ocrx_word' id='word_1_133' title='bbox 156 1897 264 1960; x_wconf 87' lang='lat' dir='ltr'>babent</span> <span class='ocrx_word' id='word_1_134' title='bbox 277 1909 441 1962; x_wconf 83' lang='lat' dir='ltr'>sectatores</span> <span class='ocrx_word' id='word_1_135' title='bbox 456 1897 643 1981; x_wconf 88' lang='lat' dir='ltr'>perdiderunt</span> <span class='ocrx_word' id='word_1_136' title='bbox 656 1898 835 1981; x_wconf 84' lang='lat' dir='ltr'>perdantque</span> <span class='ocrx_word' id='word_1_137' title='bbox 851 1899 989 1981; x_wconf 88' lang='lat' dir='ltr'>quotidie.</span> <span class='ocrx_word' id='word_1_138' title='bbox 1032 1898 1073 1964; x_wconf 86' lang='lat' dir='ltr'>Et</span> <span class='ocrx_word' id='word_1_139' title='bbox 1087 1901 1200 1983; x_wconf 90' lang='lat' dir='ltr'>quidem</span> <span class='ocrx_word' id='word_1_140' title='bbox 1216 1923 1298 1965; x_wconf 87' lang='lat' dir='ltr'>erro·</span> 
     </span>
     <span class='ocr_line' id='line_1_17' title="bbox 155 1998 1296 2087; baseline 0.005 -26"><span class='ocrx_word' id='word_1_141' title='bbox 155 1998 196 2062; x_wconf 88' lang='lat' dir='ltr'>ris</span> <span class='ocrx_word' id='word_1_142' title='bbox 217 2000 267 2062; x_wconf 89' lang='lat' dir='ltr'>ille</span> <span class='ocrx_word' id='word_1_143' title='bbox 289 2000 408 2085; x_wconf 86' lang='lat' dir='ltr'>spiritus</span> <span class='ocrx_word' id='word_1_144' title='bbox 430 1999 545 2083; x_wconf 89' lang='lat' dir='ltr'>quidam</span> <span class='ocrx_word' id='word_1_145' title='bbox 567 1998 648 2061; x_wconf 85' lang='lat' dir='ltr'>velut</span> <span class='ocrx_word' id='word_1_146' title='bbox 663 1998 692 2060; x_wconf 92' lang='lat' dir='ltr'>iu</span> <span class='ocrx_word' id='word_1_147' title='bbox 713 1998 781 2061; x_wconf 92' lang='lat' dir='ltr'>tibia</span> <span class='ocrx_word' id='word_1_148' title='bbox 800 1999 884 2062; x_wconf 89' lang='lat' dir='ltr'>llatus</span> <span class='ocrx_word' id='word_1_149' title='bbox 906 2009 969 2077; x_wconf 90' lang='lat' dir='ltr'>est,</span> <span class='ocrx_word' id='word_1_150' title='bbox 1002 2002 1050 2084; x_wconf 89' lang='lat' dir='ltr'>qui</span> <span class='ocrx_word' id='word_1_151' title='bbox 1066 2022 1296 2087; x_wconf 89' lang='lat' dir='ltr'>unumquemque</span> 
     </span>
     <span class='ocr_line' id='line_1_18' title="bbox 153 2098 1297 2187; baseline 0.003 -25"><span class='ocrx_word' id='word_1_152' title='bbox 153 2100 351 2187; x_wconf 88' lang='lat' dir='ltr'>insipientiam</span> <span class='ocrx_word' id='word_1_153' title='bbox 368 2101 514 2164; x_wconf 88' lang='lat' dir='ltr'>bominum</span> <span class='ocrx_word' id='word_1_154' title='bbox 528 2099 652 2163; x_wconf 87' lang='lat' dir='ltr'>diversis</span> <span class='ocrx_word' id='word_1_155' title='bbox 667 2109 768 2162; x_wconf 85' lang='lat' dir='ltr'>contra</span> <span class='ocrx_word' id='word_1_156' title='bbox 783 2098 936 2162; x_wconf 86' lang='lat' dir='ltr'>veritatem</span> <span class='ocrx_word' id='word_1_157' title='bbox 950 2100 1155 2183; x_wconf 83' lang='lat' dir='ltr'>agitationibus</span> <span class='ocrx_word' id='word_1_158' title='bbox 1169 2123 1297 2166; x_wconf 80' lang='lat' dir='ltr'>cammo-</span> 
     </span>
     <span class='ocr_line' id='line_1_19' title="bbox 154 2199 1295 2287; baseline 0 -20"><span class='ocrx_word' id='word_1_159' title='bbox 154 2213 214 2267; x_wconf 89' lang='lat' dir='ltr'>vet.</span> <span class='ocrx_word' id='word_1_160' title='bbox 259 2204 358 2287; x_wconf 82' lang='lat' dir='ltr'>Atque</span> <span class='ocrx_word' id='word_1_161' title='bbox 374 2202 449 2267; x_wconf 90' lang='lat' dir='ltr'>adeo</span> <span class='ocrx_word' id='word_1_162' title='bbox 466 2201 535 2264; x_wconf 91' lang='lat' dir='ltr'>tibia</span> <span class='ocrx_word' id='word_1_163' title='bbox 554 2199 699 2285; x_wconf 85' lang='lat' dir='ltr'>serpentis</span> <span class='ocrx_word' id='word_1_164' title='bbox 718 2200 839 2283; x_wconf 88' lang='lat' dir='ltr'>liguram</span> <span class='ocrx_word' id='word_1_165' title='bbox 857 2200 962 2264; x_wconf 89' lang='lat' dir='ltr'>imitari</span> <span class='ocrx_word' id='word_1_166' title='bbox 983 2202 1112 2280; x_wconf 81' lang='lat' dir='ltr'>videtur,</span> <span class='ocrx_word' id='word_1_167' title='bbox 1144 2223 1196 2286; x_wconf 88' lang='lat' dir='ltr'>per</span> <span class='ocrx_word' id='word_1_168' title='bbox 1212 2224 1295 2286; x_wconf 89' lang='lat' dir='ltr'>quem</span> 
     </span>
     <span class='ocr_line' id='line_1_20' title="bbox 153 2300 1296 2389; baseline 0.001 -23"><span class='ocrx_word' id='word_1_169' title='bbox 153 2304 247 2367; x_wconf 89' lang='lat' dir='ltr'>malus</span> <span class='ocrx_word' id='word_1_170' title='bbox 262 2305 385 2367; x_wconf 89' lang='lat' dir='ltr'>daemon</span> <span class='ocrx_word' id='word_1_171' title='bbox 401 2304 514 2367; x_wconf 89' lang='lat' dir='ltr'>locutus</span> <span class='ocrx_word' id='word_1_172' title='bbox 530 2312 586 2381; x_wconf 88' lang='lat' dir='ltr'>est,</span> <span class='ocrx_word' id='word_1_173' title='bbox 607 2313 693 2386; x_wconf 89' lang='lat' dir='ltr'>atque</span> <span class='ocrx_word' id='word_1_174' title='bbox 708 2300 802 2365; x_wconf 84' lang='lat' dir='ltr'>Evam</span> <span class='ocrx_word' id='word_1_175' title='bbox 816 2302 941 2387; x_wconf 80' lang='lat' dir='ltr'>decepit.</span> <span class='ocrx_word' id='word_1_176' title='bbox 984 2301 1031 2365; x_wconf 94' lang='lat' dir='ltr'>Ad</span> <span class='ocrx_word' id='word_1_177' title='bbox 1049 2303 1131 2367; x_wconf 89' lang='lat' dir='ltr'>cuius</span> <span class='ocrx_word' id='word_1_178' title='bbox 1147 2305 1296 2389; x_wconf 82' lang='lat' dir='ltr'>exemplar</span> 
     </span>
     <span class='ocr_line' id='line_1_21' title="bbox 154 2403 1295 2491; baseline 0.001 -24"><span class='ocrx_word' id='word_1_179' title='bbox 154 2425 297 2491; x_wconf 83' lang='lat' dir='ltr'>expressa</span> <span class='ocrx_word' id='word_1_180' title='bbox 321 2416 349 2468; x_wconf 87' lang='lat' dir='ltr'>et</span> <span class='ocrx_word' id='word_1_181' title='bbox 371 2405 405 2467; x_wconf 90' lang='lat' dir='ltr'>ad</span> <span class='ocrx_word' id='word_1_182' title='bbox 425 2403 580 2468; x_wconf 88' lang='lat' dir='ltr'>humanum</span> <span class='ocrx_word' id='word_1_183' title='bbox 599 2424 692 2487; x_wconf 87' lang='lat' dir='ltr'>genas</span> <span class='ocrx_word' id='word_1_184' title='bbox 710 2403 885 2467; x_wconf 90' lang='lat' dir='ltr'>illudendum</span> <span class='ocrx_word' id='word_1_185' title='bbox 906 2404 1035 2466; x_wconf 88' lang='lat' dir='ltr'>conlecta</span> <span class='ocrx_word' id='word_1_186' title='bbox 1057 2404 1126 2466; x_wconf 88' lang='lat' dir='ltr'>tibia</span> <span class='ocrx_word' id='word_1_187' title='bbox 1144 2414 1200 2467; x_wconf 89' lang='lat' dir='ltr'>est.</span> <span class='ocrx_word' id='word_1_188' title='bbox 1247 2405 1295 2468; x_wconf 86' lang='grc' dir='ltr'>Τιι</span> 
     </span>
     <span class='ocr_line' id='line_1_22' title="bbox 151 2504 1297 2591; baseline -0.002 -20"><span class='ocrx_word' id='word_1_189' title='bbox 151 2526 224 2571; x_wconf 83' lang='lat' dir='ltr'>vero</span> <span class='ocrx_word' id='word_1_190' title='bbox 239 2518 269 2570; x_wconf 90' lang='lat' dir='ltr'>et</span> <span class='ocrx_word' id='word_1_191' title='bbox 282 2506 359 2570; x_wconf 89' lang='lat' dir='ltr'>illam</span> <span class='ocrx_word' id='word_1_192' title='bbox 373 2505 442 2569; x_wconf 89' lang='lat' dir='ltr'>mihi</span> <span class='ocrx_word' id='word_1_193' title='bbox 458 2506 579 2588; x_wconf 85' lang='lat' dir='ltr'>effigiem</span> <span class='ocrx_word' id='word_1_194' title='bbox 592 2504 705 2569; x_wconf 88' lang='lat' dir='ltr'>intuere</span> <span class='ocrx_word' id='word_1_195' title='bbox 720 2525 803 2589; x_wconf 92' lang='lat' dir='ltr'>quam</span> <span class='ocrx_word' id='word_1_196' title='bbox 820 2506 867 2589; x_wconf 90' lang='lat' dir='ltr'>qui</span> <span class='ocrx_word' id='word_1_197' title='bbox 881 2505 950 2569; x_wconf 89' lang='lat' dir='ltr'>tibia</span> <span class='ocrx_word' id='word_1_198' title='bbox 966 2507 1043 2569; x_wconf 87' lang='lat' dir='ltr'>canit</span> <span class='ocrx_word' id='word_1_199' title='bbox 1053 2507 1082 2570; x_wconf 91' lang='lat' dir='ltr'>iu</span> <span class='ocrx_word' id='word_1_200' title='bbox 1100 2526 1167 2569; x_wconf 88' lang='lat' dir='ltr'>sese</span> <span class='ocrx_word' id='word_1_201' title='bbox 1180 2526 1297 2591; x_wconf 89' lang='lat' dir='ltr'>reprae-</span> 
     </span>
     <span class='ocr_line' id='line_1_23' title="bbox 152 2607 1294 2686; baseline -0.003 -13"><span class='ocrx_word' id='word_1_202' title='bbox 152 2619 260 2673; x_wconf 89' lang='lat' dir='ltr'>sentat.</span> <span class='ocrx_word' id='word_1_203' title='bbox 306 2607 362 2672; x_wconf 86' lang='lat' dir='ltr'>llic</span> <span class='ocrx_word' id='word_1_204' title='bbox 379 2607 455 2670; x_wconf 89' lang='lat' dir='ltr'>enim</span> <span class='ocrx_word' id='word_1_205' title='bbox 473 2627 588 2670; x_wconf 88' lang='lat' dir='ltr'>sursum</span> <span class='ocrx_word' id='word_1_206' title='bbox 606 2607 708 2671; x_wconf 79' lang='lat' dir='ltr'>laniem</span> <span class='ocrx_word' id='word_1_207' title='bbox 724 2607 847 2686; x_wconf 89' lang='lat' dir='ltr'>attollit,</span> <span class='ocrx_word' id='word_1_208' title='bbox 871 2628 905 2670; x_wconf 88' lang='lat' dir='ltr'>ac</span> <span class='ocrx_word' id='word_1_209' title='bbox 923 2608 1058 2671; x_wconf 88' lang='lat' dir='ltr'>deorsum</span> <span class='ocrx_word' id='word_1_210' title='bbox 1073 2607 1211 2686; x_wconf 88' lang='lat' dir='ltr'>demittit,</span> <span class='ocrx_word' id='word_1_211' title='bbox 1236 2618 1294 2670; x_wconf 92' lang='lat' dir='ltr'>tum</span> 
     </span>
     <span class='ocr_line' id='line_1_24' title="bbox 153 2707 1295 2795; baseline 0.001 -23"><span class='ocrx_word' id='word_1_212' title='bbox 153 2710 189 2773; x_wconf 91' lang='lat' dir='ltr'>ad</span> <span class='ocrx_word' id='word_1_213' title='bbox 206 2710 312 2773; x_wconf 80' lang='lat' dir='ltr'>dextra</span> <span class='ocrx_word' id='word_1_214' title='bbox 331 2708 508 2793; x_wconf 87' lang='lat' dir='ltr'>sinistraque</span> <span class='ocrx_word' id='word_1_215' title='bbox 529 2709 649 2793; x_wconf 87' lang='lat' dir='ltr'>perinde</span> <span class='ocrx_word' id='word_1_216' title='bbox 670 2707 771 2771; x_wconf 84' lang='lat' dir='ltr'>atille</span> <span class='ocrx_word' id='word_1_217' title='bbox 791 2709 897 2792; x_wconf 86' lang='lat' dir='ltr'>vergit.</span> <span class='ocrx_word' id='word_1_218' title='bbox 942 2708 1056 2795; x_wconf 80' lang='lat' dir='ltr'>Quippe</span> <span class='ocrx_word' id='word_1_219' title='bbox 1075 2709 1204 2774; x_wconf 89' lang='lat' dir='ltr'>diabolus</span> <span class='ocrx_word' id='word_1_220' title='bbox 1224 2710 1295 2773; x_wconf 89' lang='lat' dir='ltr'>iisee</span> 
     </span>
     <span class='ocr_line' id='line_1_25' title="bbox 152 2810 1294 2896; baseline 0.002 -22"><span class='ocrx_word' id='word_1_221' title='bbox 152 2811 284 2895; x_wconf 83' lang='lat' dir='ltr'>gestibus</span> <span class='ocrx_word' id='word_1_222' title='bbox 301 2812 408 2888; x_wconf 89' lang='lat' dir='ltr'>utitur,</span> <span class='ocrx_word' id='word_1_223' title='bbox 431 2821 463 2873; x_wconf 87' lang='lat' dir='ltr'>ut</span> <span class='ocrx_word' id='word_1_224' title='bbox 481 2810 685 2873; x_wconf 89' lang='lat' dir='ltr'>contumeliam</span> <span class='ocrx_word' id='word_1_225' title='bbox 700 2810 729 2871; x_wconf 92' lang='lat' dir='ltr'>in</span> <span class='ocrx_word' id='word_1_226' title='bbox 745 2831 868 2895; x_wconf 89' lang='lat' dir='ltr'>superos</span> <span class='ocrx_word' id='word_1_227' title='bbox 885 2822 1030 2890; x_wconf 88' lang='lat' dir='ltr'>ostentet,</span> <span class='ocrx_word' id='word_1_228' title='bbox 1053 2821 1084 2874; x_wconf 94' lang='lat' dir='ltr'>et</span> <span class='ocrx_word' id='word_1_229' title='bbox 1099 2833 1172 2896; x_wconf 89' lang='lat' dir='ltr'>quae</span> <span class='ocrx_word' id='word_1_230' title='bbox 1187 2814 1216 2876; x_wconf 91' lang='lat' dir='ltr'>in</span> <span class='ocrx_word' id='word_1_231' title='bbox 1235 2822 1294 2876; x_wconf 86' lang='lat' dir='ltr'>ter·</span> 
     </span>
     <span class='ocr_line' id='line_1_26' title="bbox 152 2912 1295 2995; baseline 0.002 -19"><span class='ocrx_word' id='word_1_232' title='bbox 152 2933 187 2976; x_wconf 87' lang='lat' dir='ltr'>ra</span> <span class='ocrx_word' id='word_1_233' title='bbox 202 2921 271 2976; x_wconf 86' lang='lat' dir='ltr'>suut</span> <span class='ocrx_word' id='word_1_234' title='bbox 286 2912 412 2976; x_wconf 82' lang='lat' dir='ltr'>funditus</span> <span class='ocrx_word' id='word_1_235' title='bbox 427 2922 558 2990; x_wconf 86' lang='lat' dir='ltr'>evertat,</span> <span class='ocrx_word' id='word_1_236' title='bbox 581 2921 730 2995; x_wconf 88' lang='lat' dir='ltr'>totumque</span> <span class='ocrx_word' id='word_1_237' title='bbox 746 2912 819 2974; x_wconf 89' lang='lat' dir='ltr'>adeo</span> <span class='ocrx_word' id='word_1_238' title='bbox 838 2922 980 2976; x_wconf 87' lang='lat' dir='ltr'>terrarum</span> <span class='ocrx_word' id='word_1_239' title='bbox 995 2916 1094 2977; x_wconf 90' lang='lat' dir='ltr'>orbem</span> <span class='ocrx_word' id='word_1_240' title='bbox 1112 2916 1213 2978; x_wconf 89' lang='lat' dir='ltr'>codem</span> <span class='ocrx_word' id='word_1_241' title='bbox 1230 2918 1295 2979; x_wconf 83' lang='lat' dir='ltr'>exi·</span> 
     </span>
     <span class='ocr_line' id='line_1_27' title="bbox 152 3011 1296 3099; baseline 0 -22"><span class='ocrx_word' id='word_1_242' title='bbox 152 3015 195 3077; x_wconf 89' lang='lat' dir='ltr'>tic</span> <span class='ocrx_word' id='word_1_243' title='bbox 209 3014 448 3099; x_wconf 87' lang='lat' dir='ltr'>comprehendat,</span> <span class='ocrx_word' id='word_1_244' title='bbox 472 3015 537 3077; x_wconf 86' lang='lat' dir='ltr'>dum</span> <span class='ocrx_word' id='word_1_245' title='bbox 556 3012 660 3076; x_wconf 88' lang='lat' dir='ltr'>dextra</span> <span class='ocrx_word' id='word_1_246' title='bbox 677 3011 786 3098; x_wconf 85' lang='lat' dir='ltr'>pariter</span> <span class='ocrx_word' id='word_1_247' title='bbox 801 3035 835 3076; x_wconf 90' lang='lat' dir='ltr'>ac</span> <span class='ocrx_word' id='word_1_248' title='bbox 852 3015 970 3078; x_wconf 88' lang='lat' dir='ltr'>sinistra</span> <span class='ocrx_word' id='word_1_249' title='bbox 987 3015 1144 3099; x_wconf 88' lang='lat' dir='ltr'>perniciem</span> <span class='ocrx_word' id='word_1_250' title='bbox 1158 3018 1195 3079; x_wconf 92' lang='lat' dir='ltr'>iis</span> <span class='ocrx_word' id='word_1_251' title='bbox 1211 3017 1296 3078; x_wconf 84' lang='lat' dir='ltr'>affert</span> 
     </span>
     <span class='ocr_line' id='line_1_28' title="bbox 152 3114 1293 3201; baseline 0 -22"><span class='ocrx_word' id='word_1_252' title='bbox 152 3116 200 3200; x_wconf 92' lang='lat' dir='ltr'>qui</span> <span class='ocrx_word' id='word_1_253' title='bbox 220 3116 249 3179; x_wconf 87' lang='lat' dir='ltr'>iu</span> <span class='ocrx_word' id='word_1_254' title='bbox 270 3115 334 3179; x_wconf 90' lang='lat' dir='ltr'>eius</span> <span class='ocrx_word' id='word_1_255' title='bbox 354 3136 386 3180; x_wconf 90' lang='lat' dir='ltr'>se</span> <span class='ocrx_word' id='word_1_256' title='bbox 405 3117 535 3180; x_wconf 80' lang='lat' dir='ltr'>fraudem</span> <span class='ocrx_word' id='word_1_257' title='bbox 554 3114 755 3193; x_wconf 88' lang='lat' dir='ltr'>committunt,</span> <span class='ocrx_word' id='word_1_258' title='bbox 785 3135 820 3177; x_wconf 88' lang='lat' dir='ltr'>ne</span> <span class='ocrx_word' id='word_1_259' title='bbox 839 3116 881 3179; x_wconf 90' lang='lat' dir='ltr'>sic</span> <span class='ocrx_word' id='word_1_260' title='bbox 902 3128 1037 3201; x_wconf 89' lang='lat' dir='ltr'>tanquam</span> <span class='ocrx_word' id='word_1_261' title='bbox 1055 3118 1166 3182; x_wconf 89' lang='lat' dir='ltr'>musico</span> <span class='ocrx_word' id='word_1_262' title='bbox 1185 3117 1293 3180; x_wconf 89' lang='lat' dir='ltr'>iustru-</span> 
     </span>
     <span class='ocr_line' id='line_1_29' title="bbox 150 3215 961 3283; baseline 0.001 -2"><span class='ocrx_word' id='word_1_263' title='bbox 150 3230 249 3282; x_wconf 88' lang='lat' dir='ltr'>menta</span> <span class='ocrx_word' id='word_1_264' title='bbox 271 3217 461 3281; x_wconf 87' lang='lat' dir='ltr'>irandulentis</span> <span class='ocrx_word' id='word_1_265' title='bbox 483 3217 562 3281; x_wconf 87' lang='lat' dir='ltr'>illius</span> <span class='ocrx_word' id='word_1_266' title='bbox 581 3215 766 3280; x_wconf 87' lang='lat' dir='ltr'>sermonibus</span> <span class='ocrx_word' id='word_1_267' title='bbox 788 3218 961 3283; x_wconf 88' lang='lat' dir='ltr'>alliciuntur.</span> 
     </span>
    </p>

    <p class='ocr_par' dir='ltr' id='par_1_3' title="bbox 147 3315 1417 4321">
     <span class='ocr_line' id='line_1_30' title="bbox 236 3315 1417 3405; baseline -0.004 -21"><span class='ocrx_word' id='word_1_268' title='bbox 236 3315 313 3384; x_wconf 91' lang='lat' dir='ltr'>Sunt</span> <span class='ocrx_word' id='word_1_269' title='bbox 329 3331 359 3383; x_wconf 90' lang='lat' dir='ltr'>et</span> <span class='ocrx_word' id='word_1_270' title='bbox 375 3319 425 3383; x_wconf 84' lang='lat' dir='ltr'>alii</span> <span class='ocrx_word' id='word_1_271' title='bbox 440 3317 554 3402; x_wconf 88' lang='lat' dir='ltr'>quidam</span> <span class='ocrx_word' id='word_1_272' title='bbox 571 3338 610 3381; x_wconf 82' lang='lat' dir='ltr'>ex</span> <span class='ocrx_word' id='word_1_273' title='bbox 628 3316 843 3382; x_wconf 87' lang='lat' dir='ltr'>baereticorum</span> <span class='ocrx_word' id='word_1_274' title='bbox 858 3320 973 3385; x_wconf 89' lang='lat' dir='ltr'>illorum</span> <span class='ocrx_word' id='word_1_275' title='bbox 990 3342 1097 3405; x_wconf 86' lang='lat' dir='ltr'>grege,</span> <span class='ocrx_word' id='word_1_276' title='bbox 1130 3318 1178 3402; x_wconf 90' lang='lat' dir='ltr'>qui</span> <span class='ocrx_word' id='word_1_277' title='bbox 1194 3318 1292 3380; x_wconf 88' lang='lat' dir='ltr'>inania</span> <span class='ocrx_word' id='word_1_278' title='bbox 1312 3324 1368 3391; x_wconf 74' lang='lat' dir='ltr'>cap.</span> <span class='ocrx_word' id='word_1_279' title='bbox 1389 3326 1417 3374; x_wconf 80' lang='lat' dir='ltr'>V·</span> 
     </span>
     <span class='ocr_line' id='line_1_31' title="bbox 151 3418 1293 3507; baseline -0.005 -21"><span class='ocrx_word' id='word_1_280' title='bbox 151 3422 292 3507; x_wconf 88' lang='lat' dir='ltr'>quaedam</span> <span class='ocrx_word' id='word_1_281' title='bbox 309 3420 427 3485; x_wconf 86' lang='lat' dir='ltr'>nomina</span> <span class='ocrx_word' id='word_1_282' title='bbox 441 3418 622 3503; x_wconf 79' lang='lat' dir='ltr'>contingunt,</span> <span class='ocrx_word' id='word_1_283' title='bbox 644 3419 742 3503; x_wconf 89' lang='lat' dir='ltr'>itaque</span> <span class='ocrx_word' id='word_1_284' title='bbox 760 3421 875 3484; x_wconf 72' lang='lat' dir='ltr'>dicante</span> <span class='ocrx_word' id='word_1_285' title='bbox 898 3420 986 3486; x_wconf 86' lang='lat' dir='ltr'>initio</span> <span class='ocrx_word' id='word_1_286' title='bbox 1004 3422 1139 3486; x_wconf 85' lang='lat' dir='ltr'>tenebras</span> <span class='ocrx_word' id='word_1_287' title='bbox 1157 3439 1192 3481; x_wconf 89' lang='lat' dir='ltr'>ac</span> <span class='ocrx_word' id='word_1_288' title='bbox 1207 3439 1293 3481; x_wconf 86' lang='lat' dir='ltr'>vora-</span> 
     </span>
     <span class='ocr_line' id='line_1_32' title="bbox 150 3517 1294 3608; baseline -0.004 -19"><span class='ocrx_word' id='word_1_289' title='bbox 150 3525 246 3608; x_wconf 86' lang='lat' dir='ltr'>ginem</span> <span class='ocrx_word' id='word_1_290' title='bbox 265 3535 296 3588; x_wconf 89' lang='lat' dir='ltr'>et</span> <span class='ocrx_word' id='word_1_291' title='bbox 312 3544 414 3608; x_wconf 90' lang='lat' dir='ltr'>aquam</span> <span class='ocrx_word' id='word_1_292' title='bbox 431 3522 542 3601; x_wconf 88' lang='lat' dir='ltr'>luisse,</span> <span class='ocrx_word' id='word_1_293' title='bbox 565 3540 640 3606; x_wconf 87' lang='lat' dir='ltr'>quac</span> <span class='ocrx_word' id='word_1_294' title='bbox 658 3542 676 3583; x_wconf 79' lang='lat' dir='ltr'>a</span> <span class='ocrx_word' id='word_1_295' title='bbox 691 3541 724 3584; x_wconf 85' lang='lat' dir='ltr'>se</span> <span class='ocrx_word' id='word_1_296' title='bbox 740 3521 866 3588; x_wconf 84' lang='lat' dir='ltr'>invicem</span> <span class='ocrx_word' id='word_1_297' title='bbox 882 3525 999 3608; x_wconf 90' lang='lat' dir='ltr'>spiritus</span> <span class='ocrx_word' id='word_1_298' title='bbox 1015 3519 1188 3586; x_wconf 83' lang='lat' dir='ltr'>secreverit.</span> <span class='ocrx_word' id='word_1_299' title='bbox 1232 3517 1294 3584; x_wconf 90' lang='lat' dir='ltr'>Vc·</span> 
     </span>
     <span class='ocr_line' id='line_1_33' title="bbox 148 3622 1292 3709; baseline -0.003 -19"><span class='ocrx_word' id='word_1_300' title='bbox 148 3647 212 3690; x_wconf 91' lang='lat' dir='ltr'>ram</span> <span class='ocrx_word' id='word_1_301' title='bbox 228 3624 365 3690; x_wconf 88' lang='lat' dir='ltr'>tenebrae</span> <span class='ocrx_word' id='word_1_302' title='bbox 379 3634 482 3688; x_wconf 89' lang='lat' dir='ltr'>contra</span> <span class='ocrx_word' id='word_1_303' title='bbox 496 3623 627 3708; x_wconf 85' lang='lat' dir='ltr'>spiritum</span> <span class='ocrx_word' id='word_1_304' title='bbox 642 3622 790 3686; x_wconf 88' lang='lat' dir='ltr'>iracundia</span> <span class='ocrx_word' id='word_1_305' title='bbox 806 3646 840 3687; x_wconf 91' lang='lat' dir='ltr'>ao</span> <span class='ocrx_word' id='word_1_306' title='bbox 854 3627 952 3688; x_wconf 87' lang='lat' dir='ltr'>lurore</span> <span class='ocrx_word' id='word_1_307' title='bbox 969 3623 1096 3709; x_wconf 87' lang='lat' dir='ltr'>percitae</span> <span class='ocrx_word' id='word_1_308' title='bbox 1110 3643 1225 3686; x_wconf 89' lang='lat' dir='ltr'>sursum</span> <span class='ocrx_word' id='word_1_309' title='bbox 1239 3644 1292 3687; x_wconf 82' lang='lat' dir='ltr'>ex-</span> 
     </span>
     <span class='ocr_line' id='line_1_34' title="bbox 149 3722 1291 3810; baseline -0.002 -19"><span class='ocrx_word' id='word_1_310' title='bbox 149 3738 302 3791; x_wconf 88' lang='lat' dir='ltr'>currentes</span> <span class='ocrx_word' id='word_1_311' title='bbox 318 3747 384 3790; x_wconf 89' lang='lat' dir='ltr'>cum</span> <span class='ocrx_word' id='word_1_312' title='bbox 400 3747 436 3789; x_wconf 91' lang='lat' dir='ltr'>ec</span> <span class='ocrx_word' id='word_1_313' title='bbox 453 3745 630 3808; x_wconf 84' lang='lat' dir='ltr'>congressae</span> <span class='ocrx_word' id='word_1_314' title='bbox 646 3735 726 3787; x_wconf 90' lang='lat' dir='ltr'>snut.</span> <span class='ocrx_word' id='word_1_315' title='bbox 769 3722 841 3788; x_wconf 84' lang='lat' dir='ltr'>lude</span> <span class='ocrx_word' id='word_1_316' title='bbox 858 3724 971 3789; x_wconf 84' lang='lat' dir='ltr'>Matrix</span> <span class='ocrx_word' id='word_1_317' title='bbox 989 3725 1088 3788; x_wconf 86' lang='lat' dir='ltr'>nescio</span> <span class='ocrx_word' id='word_1_318' title='bbox 1104 3746 1178 3808; x_wconf 89' lang='lat' dir='ltr'>quae</span> <span class='ocrx_word' id='word_1_319' title='bbox 1193 3727 1291 3810; x_wconf 89' lang='lat' dir='ltr'>genita</span> 
     </span>
     <span class='ocr_line' id='line_1_35' title="bbox 148 3824 1291 3916; baseline 0.001 -24"><span class='ocrx_word' id='word_1_320' title='bbox 148 3828 271 3916; x_wconf 87' lang='lat' dir='ltr'>prodiit,</span> <span class='ocrx_word' id='word_1_321' title='bbox 301 3848 376 3914; x_wconf 87' lang='lat' dir='ltr'>quae</span> <span class='ocrx_word' id='word_1_322' title='bbox 395 3826 524 3891; x_wconf 89' lang='lat' dir='ltr'>eiusdem</span> <span class='ocrx_word' id='word_1_323' title='bbox 549 3824 675 3912; x_wconf 87' lang='lat' dir='ltr'>Spiritus</span> <span class='ocrx_word' id='word_1_324' title='bbox 697 3828 942 3890; x_wconf 83' lang='lat' dir='ltr'>cousuetudinem.</span> <span class='ocrx_word' id='word_1_325' title='bbox 957 3825 1086 3910; x_wconf 90' lang='lat' dir='ltr'>appetiit.</span> <span class='ocrx_word' id='word_1_326' title='bbox 1128 3824 1291 3913; x_wconf 72' lang='lat' dir='ltr'>Escaque</span> 
     </span>
     <span class='ocr_line' id='line_1_36' title="bbox 148 3923 1291 4015; baseline 0 -22"><span class='ocrx_word' id='word_1_327' title='bbox 148 3940 272 4015; x_wconf 86' lang='lat' dir='ltr'>quatuor</span> <span class='ocrx_word' id='word_1_328' title='bbox 293 3931 414 3993; x_wconf 83' lang='lat' dir='ltr'>Aeones</span> <span class='ocrx_word' id='word_1_329' title='bbox 439 3928 570 4013; x_wconf 87' lang='lat' dir='ltr'>producti</span> <span class='ocrx_word' id='word_1_330' title='bbox 593 3939 672 3992; x_wconf 90' lang='lat' dir='ltr'>sunt.</span> <span class='ocrx_word' id='word_1_331' title='bbox 717 3928 766 3991; x_wconf 91' lang='lat' dir='ltr'>Ab</span> <span class='ocrx_word' id='word_1_332' title='bbox 788 3927 832 3991; x_wconf 90' lang='lat' dir='ltr'>bis</span> <span class='ocrx_word' id='word_1_333' title='bbox 848 3923 926 3990; x_wconf 91' lang='lat' dir='ltr'>XlV</span> <span class='ocrx_word' id='word_1_334' title='bbox 946 3926 994 3989; x_wconf 91' lang='lat' dir='ltr'>alii</span> <span class='ocrx_word' id='word_1_335' title='bbox 1018 3929 1172 4010; x_wconf 89' lang='lat' dir='ltr'>procreati.</span> <span class='ocrx_word' id='word_1_336' title='bbox 1217 3927 1291 3993; x_wconf 89' lang='lat' dir='ltr'>ltem</span> 
     </span>
     <span class='ocr_line' id='line_1_37' title="bbox 147 4027 1292 4113; baseline 0.001 -19"><span class='ocrx_word' id='word_1_337' title='bbox 147 4027 264 4094; x_wconf 86' lang='lat' dir='ltr'>Dextra</span> <span class='ocrx_word' id='word_1_338' title='bbox 280 4027 482 4113; x_wconf 80' lang='lat' dir='ltr'>sinistraque,</span> <span class='ocrx_word' id='word_1_339' title='bbox 510 4049 565 4093; x_wconf 88' lang='lat' dir='ltr'>nec</span> <span class='ocrx_word' id='word_1_340' title='bbox 581 4051 639 4094; x_wconf 92' lang='lat' dir='ltr'>non</span> <span class='ocrx_word' id='word_1_341' title='bbox 655 4027 771 4093; x_wconf 87' lang='lat' dir='ltr'>Lumen</span> <span class='ocrx_word' id='word_1_342' title='bbox 790 4051 824 4092; x_wconf 91' lang='lat' dir='ltr'>ac</span> <span class='ocrx_word' id='word_1_343' title='bbox 843 4027 1010 4091; x_wconf 86' lang='lat' dir='ltr'>Tenebrae.</span> <span class='ocrx_word' id='word_1_344' title='bbox 1055 4027 1221 4094; x_wconf 87' lang='lat' dir='ltr'>Secundum</span> <span class='ocrx_word' id='word_1_345' title='bbox 1239 4031 1292 4095; x_wconf 89' lang='lat' dir='ltr'>hos</span> 
     </span>
     <span class='ocr_line' id='line_1_38' title="bbox 147 4128 1291 4218; baseline 0.002 -24"><span class='ocrx_word' id='word_1_346' title='bbox 147 4153 249 4196; x_wconf 90' lang='lat' dir='ltr'>omnes</span> <span class='ocrx_word' id='word_1_347' title='bbox 271 4142 384 4217; x_wconf 87' lang='lat' dir='ltr'>turpem</span> <span class='ocrx_word' id='word_1_348' title='bbox 406 4131 549 4215; x_wconf 86' lang='lat' dir='ltr'>quendam</span> <span class='ocrx_word' id='word_1_349' title='bbox 570 4130 704 4196; x_wconf 85' lang='lat' dir='ltr'>Aeonem</span> <span class='ocrx_word' id='word_1_350' title='bbox 729 4128 837 4194; x_wconf 89' lang='lat' dir='ltr'>editum</span> <span class='ocrx_word' id='word_1_351' title='bbox 859 4140 994 4209; x_wconf 88' lang='lat' dir='ltr'>narrant,</span> <span class='ocrx_word' id='word_1_352' title='bbox 1026 4152 1147 4218; x_wconf 89' lang='lat' dir='ltr'>eumque</span> <span class='ocrx_word' id='word_1_353' title='bbox 1170 4155 1233 4196; x_wconf 90' lang='lat' dir='ltr'>cum</span> <span class='ocrx_word' id='word_1_354' title='bbox 1256 4154 1291 4196; x_wconf 91' lang='lat' dir='ltr'>ea</span> 
     </span>
     <span class='ocr_line' id='line_1_39' title="bbox 149 4229 1291 4321; baseline 0.002 -25"><span class='ocrx_word' id='word_1_355' title='bbox 149 4255 233 4317; x_wconf 89' lang='lat' dir='ltr'>qnam</span> <span class='ocrx_word' id='word_1_356' title='bbox 250 4233 335 4320; x_wconf 87' lang='lat' dir='ltr'>paulo</span> <span class='ocrx_word' id='word_1_357' title='bbox 351 4242 419 4297; x_wconf 87' lang='lat' dir='ltr'>ante</span> <span class='ocrx_word' id='word_1_358' title='bbox 435 4230 562 4296; x_wconf 85' lang='lat' dir='ltr'>diximus</span> <span class='ocrx_word' id='word_1_359' title='bbox 578 4230 706 4296; x_wconf 83' lang='lat' dir='ltr'>Matrice</span> <span class='ocrx_word' id='word_1_360' title='bbox 724 4229 849 4312; x_wconf 86' lang='lat' dir='ltr'>coiisse,</span> <span class='ocrx_word' id='word_1_361' title='bbox 878 4243 907 4296; x_wconf 90' lang='lat' dir='ltr'>et</span> <span class='ocrx_word' id='word_1_362' title='bbox 924 4233 960 4297; x_wconf 90' lang='lat' dir='ltr'>ab</span> <span class='ocrx_word' id='word_1_363' title='bbox 979 4245 1099 4321; x_wconf 88' lang='lat' dir='ltr'>utroque</span> <span class='ocrx_word' id='word_1_364' title='bbox 1117 4237 1291 4319; x_wconf 80' lang='lat' dir='ltr'>deceatque</span> 
     </span>
    </p>
   </div>
   <div class='ocr_carea' id='block_1_3' title="bbox 149 4379 1291 4520">
    <p class='ocr_par' dir='ltr' id='par_1_4' title="bbox 149 4379 1291 4520">
     <span class='ocr_line' id='line_1_40' title="bbox 149 4379 1291 4452; baseline 0.007 -16"><span class='ocrx_word' id='word_1_365' title='bbox 149 4386 216 4436; x_wconf 78' lang='lat' dir='ltr'>Abest</span> <span class='ocrx_word' id='word_1_366' title='bbox 230 4398 248 4434; x_wconf 82' lang='lat' dir='ltr'>a</span> <span class='ocrx_word' id='word_1_367' title='bbox 262 4386 314 4436; x_wconf 82' lang='lat' dir='ltr'>scd.</span> <span class='ocrx_word' id='word_1_368' title='bbox 330 4385 427 4449; x_wconf 69' lang='lat' dir='ltr'>umam.</span> <span class='ocrx_word' id='word_1_369' title='bbox 445 4391 466 4435; x_wconf 83' lang='lat' dir='ltr'>et</span> <span class='ocrx_word' id='word_1_370' title='bbox 482 4387 519 4436; x_wconf 85' lang='lat' dir='ltr'>cd.</span> <span class='ocrx_word' id='word_1_371' title='bbox 529 4387 606 4448; x_wconf 68' lang='lat' dir='ltr'>princ.</span> <span class='ocrx_word' id='word_1_372' title='bbox 773 4383 797 4435; x_wconf 79' lang='lat'>2.</span> <span class='ocrx_word' id='word_1_373' title='bbox 814 4379 934 4452; x_wconf 74' lang='grc' dir='ltr'>ἀγγέλους</span> <span class='ocrx_word' id='word_1_374' title='bbox 949 4389 1000 4439; x_wconf 89' lang='lat' dir='ltr'>cod.</span> <span class='ocrx_word' id='word_1_375' title='bbox 1013 4392 1084 4441; x_wconf 79' lang='lat' dir='ltr'>Vetto.</span> <span class='ocrx_word' id='word_1_376' title='bbox 1102 4391 1199 4452; x_wconf 77' lang='lat' dir='ltr'>Rbedip.</span> <span class='ocrx_word' id='word_1_377' title='bbox 1233 4385 1291 4445; x_wconf 75' lang='grc' dir='ltr'>τοὺς</span> 
     </span>
     <span class='ocr_line' id='line_1_41' title="bbox 183 4448 1005 4520; baseline 0.01 -20"><span class='ocrx_word' id='word_1_378' title='bbox 183 4451 242 4501; x_wconf 83' lang='lat' dir='ltr'>car.</span> <span class='ocrx_word' id='word_1_379' title='bbox 252 4452 284 4503; x_wconf 78' lang='lat' dir='ltr'>V.</span> <span class='ocrx_word' id='word_1_380' title='bbox 301 4480 335 4492; x_wconf 91' lang='lat'>-</span> <span class='ocrx_word' id='word_1_381' title='bbox 353 4455 376 4504; x_wconf 88' lang='lat'>1.</span> <span class='ocrx_word' id='word_1_382' title='bbox 395 4455 460 4505; x_wconf 71' lang='lat' dir='ltr'>Libri</span> <span class='ocrx_word' id='word_1_383' title='bbox 475 4456 546 4517; x_wconf 76' lang='lat' dir='ltr'>calpa</span> <span class='ocrx_word' id='word_1_384' title='bbox 561 4467 635 4520; x_wconf 77' lang='lat' dir='ltr'>quque</span> <span class='ocrx_word' id='word_1_385' title='bbox 740 4448 860 4519; x_wconf 78' lang='grc' dir='ltr'>ἀγγέλους</span> <span class='ocrx_word' id='word_1_386' title='bbox 875 4457 927 4506; x_wconf 76' lang='lat' dir='ltr'>tibet</span> <span class='ocrx_word' id='word_1_387' title='bbox 942 4458 1005 4508; x_wconf 76' lang='lat' dir='ltr'>editt.</span> 
     </span>
    </p>
   </div>
   <div class='ocr_carea' id='block_1_4' title="bbox 0 0 1528 5084">
    <p class='ocr_par' dir='ltr' id='par_1_5' title="bbox 0 0 1528 5084">
     <span class='ocr_line' id='line_1_42' title="bbox 0 0 1528 5084; baseline 0 5"><span class='ocrx_word' id='word_1_388' title='bbox 0 0 1528 5084; x_wconf 95' lang='lat' dir='ltr'> </span> 
     </span>
    </p>
   </div>
  </div>
 </body>
</html>
