3046 5084
417 359 552 411 Passutt
569 360 632 412 utu.
645 362 665 412 l.
681 362 762 416 uolt.
777 366 808 416 ll.
831 364 929 416 naeu.
946 366 1045 418 XXXl.
1238 357 1299 418 345

156 478 320 544 vobementi
334 478 424 543 animi
438 498 550 564 angm
563 500 598 543 ao
611 480 724 547 consilii
740 482 839 568 iuopia
853 484 1012 568 praeditam
1027 486 1134 551 sudore
1147 507 1293 551 manasse.

157 581 206 646 Ex
222 605 279 667 quo
294 602 478 665 consequens
493 591 541 645 cst
556 583 676 646 lentium
692 584 885 648 acduminum
902 585 1042 669 liquores,
1058 607 1092 650 ac
1104 589 1129 650 si
1141 589 1207 672 quid
1224 588 1299 653 aliud

156 695 202 751 est
214 686 353 750 dulcioris
369 704 475 769 aquae,
494 683 612 747 minime
627 705 667 747 ex
682 685 746 749 eius
760 686 897 770 lacrymis
911 687 1043 751 llusisse.
1076 686 1131 751 Est
1144 689 1220 752 enim
1237 711 1301 774 per·

155 788 323 866 absurdum,
347 810 413 851 cnm
430 807 487 850 una
500 786 683 872 simplexque
697 788 736 850 sit
752 788 944 873 lacrymarum
962 789 1096 872 qualitas,
1121 791 1228 853 salsum
1244 813 1300 854 non

155 891 251 956 minus
266 892 415 954 humorem
431 909 517 974 quam
529 889 641 955 duluem
655 891 691 954 ad
704 891 824 954 eandem
839 890 980 975 originem
993 893 1117 972 reterre,
1134 914 1198 957 oum
1213 893 1302 958 multu

155 993 195 1055 sit
207 992 403 1076 probabilius,
426 993 565 1076 quasdam
580 1013 597 1056 e
611 993 748 1078 lacrymis
763 1013 871 1076 aquas,
896 1014 912 1056 e
930 995 1037 1058 sudore
1053 995 1124 1059 alias
1141 995 1300 1059 excitatas.

156 1094 195 1158 Et
212 1094 348 1178 quoniam
366 1093 474 1159 calidae
492 1116 607 1180 quoque
624 1094 728 1159 alicubi
747 1105 832 1172 sunt,
856 1106 887 1157 et
899 1096 1017 1175 acidae,
1042 1098 1194 1161 ridendum
1213 1118 1300 1183 porro

156 1197 223 1281 quid
241 1217 332 1280 agens
346 1196 405 1276 illa,
429 1217 522 1281 quave
537 1218 576 1261 ex
591 1208 684 1283 parte,
708 1197 870 1262 istiusmodi
885 1218 975 1282 aquas
991 1199 1162 1282 profuderit.
1208 1198 1301 1263 Tales

157 1299 233 1362 enim
252 1299 453 1382 quaestionum
471 1319 583 1383 nugae,
616 1300 696 1365 velut
717 1300 877 1384 dignissimi
901 1301 1012 1365 fructus
1034 1300 1149 1365 illorum
1171 1301 1301 1366 inventis

158 1402 392 1487 argumentisque
414 1413 587 1487 congruunt.

240 1501 300 1569 Sed
316 1515 348 1569 ut
364 1505 401 1569 nd
417 1502 543 1569 Matrem
562 1504 653 1590 ipsam
670 1506 799 1585 redeam,
824 1507 920 1570 lerunt
936 1507 1026 1585 illam,
1051 1528 1115 1570 cum
1130 1507 1186 1570 iam
1202 1511 1298 1571 omniu
1311 1525 1451 1593 copxtx.

157 1606 401 1691 perturbationum
416 1628 527 1692 genera
542 1608 754 1692 percurrisset,
778 1630 867 1692 aegre
887 1609 1000 1673 taudem
1017 1629 1160 1674 emersam
1177 1610 1212 1673 ud
1231 1611 1299 1674 illud

155 1709 268 1787 lunen,
292 1731 382 1794 aquo
399 1710 537 1775 destituta
556 1712 668 1789 iuerat,
692 1712 872 1775 exorandum
890 1732 956 1776 sese
973 1714 1173 1792 convertisse,
1197 1714 1298 1778 videli-

82 1840 88 1857 ·
155 1822 202 1875 cet
218 1808 379 1877 Cbristom.
424 1811 453 1877 ls
471 1814 501 1877 iu
518 1810 653 1879 Pleroma
671 1815 889 1892 conscendens,
920 1835 955 1877 ac
974 1816 1151 1879 descenderc
1170 1816 1230 1901 ipse
1248 1817 1298 1880 de·

154 1936 213 1979 nuo
232 1926 388 1999 gravatus,
412 1916 554 1981 vicarium
571 1916 626 1980 sibi
642 1913 827 1979 Paracletum
845 1917 994 1994 submisit,
1018 1938 1102 2000 quem
1119 1928 1150 1980 et
1165 1915 1300 1982 Salvato-
1342 1984 1348 1991 ,

152 2038 215 2082 rem
236 2030 360 2096 vocant,
393 2040 458 2082 curn
480 2018 574 2083 omnis
596 2018 625 2082 iu
643 2019 736 2102 ipsum
754 2019 800 2080 vis
817 2029 896 2081 esset
914 2030 1072 2102 congesta,
1104 2020 1300 2105 anniversaque

154 2121 284 2185 eiusdem
300 2123 438 2206 potestati
457 2131 515 2185 tam
535 2143 552 2186 a
568 2119 658 2185 Patre
675 2140 760 2204 quam
777 2119 813 2184 ab
829 2119 980 2184 Aeonibus
997 2121 1170 2201 commissa,
1202 2132 1234 2185 ut
1249 2143 1301 2208 per

153 2223 246 2308 ipsum
260 2234 318 2288 tam
334 2245 408 2308 quae
423 2224 515 2287 videri
530 2223 621 2287 oculis
636 2232 756 2308 possent
769 2244 853 2307 quoru
867 2243 942 2306 quae
957 2224 1049 2286 aciem
1062 2224 1225 2308 effugerent
1237 2224 1301 2288 uni-

153 2346 241 2391 vorsa
258 2327 455 2391 conderentur
469 2326 601 2391 nimirum
618 2316 745 2404 l'bruoi,
765 2323 954 2401 Divinitates,
973 2323 1207 2390 Dominatioues.
1238 2326 1299 2391 Ao·
1313 2352 1401 2397 coroa.

153 2439 307 2494 cesserunt
325 2439 355 2493 et
370 2426 523 2492 Paracleto
542 2429 664 2493 comites
678 2429 813 2513 aequales
831 2429 908 2492 illius
925 2428 1044 2512 Angeli.
1089 2429 1137 2491 Ad
1152 2429 1234 2492 cuius
1250 2431 1300 2492 ad·
1326 2405 1346 2463 ¹‘
1360 2406 1391 2448 η’

154 2542 273 2596 rentum
291 2530 456 2596 Achamoth
478 2533 587 2616 pudore
608 2533 726 2617 perlusa
751 2531 836 2617 capiti
858 2531 953 2595 velum
977 2530 1110 2594 obduxit.
1156 2530 1235 2595 Tum
1253 2533 1302 2595 ubi

153 2633 233 2698 illum
252 2656 316 2698 eum
335 2635 412 2698 omni
429 2654 484 2697 suo
501 2645 644 2719 proventu
662 2637 832 2719 conspexit,
857 2654 896 2697 ex
913 2635 997 2699 buius
1013 2633 1178 2719 praesentia
1197 2637 1301 2698 confic-

154 2747 231 2800 mota
247 2738 282 2801 ad
297 2759 363 2801 eum
378 2736 514 2802 accurrit.
553 2738 653 2821 Aque
669 2737 818 2801 elaborata
834 2748 863 2800 et
877 2738 968 2800 efficta
985 2758 1048 2799 conr
1063 2738 1185 2800 formam
1202 2739 1302 2823 cogni·

154 2840 259 2920 tionis,
292 2849 351 2904 tum
368 2841 455 2904 animi
473 2840 640 2905 morborum
660 2840 785 2904 omniurn
805 2840 933 2903 remedia
953 2840 1092 2924 percepit.
1139 2839 1222 2924 Quos
1239 2841 1301 2926 qui·

153 2943 218 3006 dem
234 2942 352 3006 morbos
365 2942 407 3007 ita
421 2943 469 3008 ille
485 2944 624 3023 secrevit,
643 2954 745 3008 utnon
761 2943 876 3028 penitus
892 2943 1064 3026 negligeret.
1102 2940 1207 3027 Neque
1224 2945 1300 3008 enim

152 3045 232 3108 velut
247 3046 356 3130 prioris
372 3045 449 3109 illius
465 3045 556 3110 deleri
574 3045 701 3109 ineditus
718 3055 868 3131 poterant,
893 3045 967 3128 qood
986 3065 1042 3107 usu
1057 3046 1217 3108 confirmati
1236 3067 1301 3109 cor·

152 3148 340 3233 roboratique
358 3150 415 3213 iam
434 3149 652 3213 occubuissent.
697 3146 779 3232 Ergo
798 3148 863 3211 illos
880 3157 1011 3211 secretos
1031 3148 1162 3210 confodit
1179 3169 1213 3212 ao
1230 3149 1301 3211 den·

152 3251 230 3314 sarit
251 3261 282 3314 et
302 3252 338 3314 ab
358 3262 481 3336 experte
498 3250 630 3337 corporis
648 3251 804 3314 allectione
826 3250 855 3313 in
874 3271 1044 3336 corpoream
1062 3250 1214 3313 materiam
1231 3271 1301 3312 con·

151 3353 250 3417 vertit.
296 3351 411 3418 Deinde
431 3364 563 3417 naturam
583 3353 687 3417 indidit
704 3353 896 3437 idoneamque
915 3355 1001 3431 lecit,
1014 3397 1019 3408 .
1032 3363 1063 3415 ut
1079 3353 1198 3416 conllari
1214 3365 1301 3436 atque

151 3457 302 3542 corporari
323 3468 422 3542 posset
445 3465 621 3541 naturasque
638 3458 710 3521 duas
727 3457 871 3535 efficeret,
900 3456 1019 3519 altorum
1038 3455 1222 3518 affectionum
1241 3477 1300 3518 ma-

151 3559 220 3639 lem,
244 3560 448 3625 conversionis
464 3560 598 3637 alteram,
621 3580 743 3644 eamque
759 3557 974 3644 perturbatione
991 3557 1162 3641 praeditam.
1204 3556 1299 3641 Quam

151 3661 188 3725 ob
205 3682 340 3727 caussam
356 3658 521 3741 Salvatoii,
545 3662 571 3725 si
588 3662 645 3725 vim
664 3662 822 3726 tonationis
834 3662 912 3725 illius
928 3661 1116 3737 consideres,
1141 3660 1299 3727 conditoris

150 3775 247 3850 partes
262 3764 435 3829 attribuunt.
480 3762 541 3829 lam
557 3764 720 3830 Acbamotb
735 3765 772 3829 ab
787 3765 864 3828 omni
880 3763 1097 3848 perturbatione
1110 3762 1213 3843 libera,
1234 3786 1297 3828 cnm

148 3867 306 3948 luminum,
336 3888 412 3952 qaue
428 3888 495 3931 oum
511 3868 575 3954 ipso
592 3880 694 3948 erant,
718 3868 773 3932 boc
789 3880 833 3932 est
852 3867 988 3931 comitum
1006 3865 1204 3949 Angelorum,
1229 3889 1298 3930 con·

150 3969 365 4058 templatioucm
382 3992 445 4035 oum
463 3970 574 4056 ingenti
590 3971 697 4056 gaudio
716 3970 917 4056 concepisset,
941 3979 1027 4054 atque
1045 3970 1081 4032 ad
1095 3968 1209 4033 illorum
1229 3991 1298 4034 cou-

146 4210 179 4248 τα
192 4186 217 4249 δ’
231 4186 297 4247 oded
309 4187 400 4260 αὐτῆς,
415 4198 441 4243 ut
455 4198 518 4244 estut
530 4196 556 4245 s'n
567 4198 618 4246 cett.
631 4208 708 4246 mern·
742 4201 769 4242 et
791 4192 940 4259 coagulasse.
973 4192 1018 4247 τοῦ
1042 4192 1162 4263 συγχέαι,
1188 4196 1210 4244 le
1226 4209 1244 4244 e.
1265 4197 1298 4245 od

146 4266 202 4326 plia.
741 4263 942 4313 commiscendum.

179 4328 207 4381 o.
223 4333 262 4384 ltu
273 4334 381 4395 ascripsi·
393 4344 443 4382 meo
452 4330 562 4394 periculo.
587 4332 653 4381 tort
664 4333 707 4382 bu·
775 4329 798 4382 7.
817 4329 1013 4397 ιίςιιεποιηκέιαι
1029 4335 1079 4383 cod.
1096 4335 1150 4382 Vens

147 4396 327 4469 bentgmpnlusc
340 4399 385 4453 τοῦ
402 4396 513 4468 συγχέαι
547 4400 646 4461 statos,
661 4402 706 4450 Pe·
773 4398 798 4449 8.
817 4400 860 4451 τοῦ
877 4397 974 4460 πάθους
989 4403 1041 4451 cod.
1058 4402 1110 4451 Vere

146 4470 224 4520 taetus
243 4470 329 4531 utttque
349 4469 506 4532 reponendam
524 4468 640 4517 duxerunt
655 4484 706 4536 χω-
772 4464 797 4517 9.
815 4462 860 4519 ode
874 4460 943 4537 edepl
957 4472 1049 4531 sittim,
1064 4471 1296 4535 llossuetusuttr'quc,

147 4532 187 4600 etr
209 4534 328 4605 συγχέαι,
354 4538 479 4601 constet.
501 4537 599 4598 lnterpr.
622 4536 707 4587 bobsut
738 4538 865 4587 metandum
883 4538 928 4587 Vel.
946 4539 1041 4600 tmerpr.

145 4600 704 4673 sedsegreguutemseparatimcummiacuiase
