3046 5084
179 362 240 421 404
602 363 723 414 SANCTI
743 364 910 413 EPIPHANH

182 486 324 563 μοθεσίαν
348 485 540 566 2διαιρεῖται·
571 484 725 562 διαιρεῖται
746 481 778 544 δὲ
800 482 851 544 καί
872 483 913 556 είς
933 479 986 546 τύν
1002 483 1133 561 Μωσέα,
1164 479 1203 547 οῦ
1230 481 1348 550 8καθά

180 581 270 659 αύτδς
289 581 325 648 δι’
344 580 436 648 αῦτοῦ
455 592 612 665 νομοθετεῖ
629 579 647 647 oP
664 581 751 662 θεύς,
782 581 852 647 άλλολ
869 580 953 648 καθά
976 579 1034 648 άπύ
1057 591 1110 665 τῆς
1128 587 1206 660 ίδίας
1223 587 1348 663 ἐννοίας

181 684 355 769 ὁρμώμενος
369 687 418 750 καὶ
435 683 453 750 ύ
467 693 585 768 Μωσῆς
603 687 798 768 ἕνομοθέτησέ
813 712 890 750 τινα·
913 687 964 750 καὶ
981 688 1022 761 είς
1036 685 1106 762 τοῦς
1117 689 1346 774 πρεσβυτέρους

179 796 233 853 τοῦ
254 795 326 852 λαοῦ
348 793 517 872 διαιρεῖται,
551 793 608 853 40‘?
629 796 739 872 πρῶτοι
761 786 945 873 εύρίσκονται
965 787 1083 863 ἐντολάς
1100 815 1182 865 τινας
1200 792 1345 868 ἐνθέντες

180 893 264 965 ίδίας.
311 898 384 966 Πιῦς
403 884 458 955 οῦν
474 899 561 956 τοῦτο
573 889 674 970 Ιούτως
691 893 757 973 έχον
773 894 806 955 ἐκ
822 898 882 955 τῶν
899 895 952 954 τοῦ
970 897 1104 975 σωτῆρος
1120 895 1274 957 δείκνυται
1291 892 1344 959 λύ-

180 1020 240 1078 γων
254 992 365 1076 μάθοις
381 991 406 1057 δ’
421 993 457 1058 άν
470 994 537 1076 ἥδη.
577 991 789 1078 Διαλεγύμενύς
805 1020 864 1058 που
879 990 897 1058 ύ
910 990 1005 1077 σωτὴρ
1023 991 1098 1077 πρύς
1112 991 1182 1069 τοῦς
1196 995 1268 1080 περὶ
1285 1002 1345 1061 τοῦ

180 1094 359 1161 α’ποστασίου
377 1102 574 1177 συζητοῦντας
591 1094 685 1183 αύτῷ,
716 1095 733 1160 δ
753 1095 790 1178 δη
809 1093 988 1161 ἀποστάσιον
1007 1098 1112 1172 ἐξεῖναι
1134 1098 1345 1179 ε’ίνενομοθέ

179 1225 265 1280 τητο,
296 1201 353 1280 ἔφη
376 1197 476 1274 αύτοῖς
498 1197 558 1274 ὅτι,
589 1205 728 1280 Μωυσῆς
750 1195 826 1279 πρὸς
844 1197 897 1280 τήν
915 1203 1149 1283 σκληροκαρδίαν
1165 1195 1252 1280 ῦμῦν
1273 1202 1345 1266 ἐπί-

180 1319 269 1385 τρεψε
297 1299 329 1364 τύ
358 1297 496 1365 άπολύειν
522 1299 576 1382 την
604 1309 729 1385 γυναῖκα
755 1298 862 1365 αὐτοῦ’
896 1298 947 1365 εἶπ’
969 1298 1060 1385 ῦρχῆς
1080 1300 1136 1387 γάρ
1159 1298 1196 1368 οῦ
1218 1303 1347 1387 γέγονεν

60 1425 111 1471 σοι·
124 1413 169 1457 ²¹⁸·
184 1402 286 1480 ούτως.
334 1402 408 1477 Θεὸς
423 1402 494 1488 γάρ,
517 1405 607 1485 φησί,
629 1405 778 1480 συνέζευξε
796 1403 905 1485 ταύτην
922 1402 975 1486 την
992 1408 1143 1489 συζυγίαν,
1164 1406 1216 1470 καί
1233 1402 1252 1470 δ
1270 1427 1344 1471 συν-

181 1507 292 1584 έζευξεν
315 1503 332 1572 ύ
353 1504 473 1590 κύριος,
505 1503 665 1590 άνθρωπος
690 1503 753 1588 ὓμη
772 1506 927 1590 χωριζέτω,
959 1508 1025 1589 ἔφη.
1069 1504 1219 1572 Ἐνταῦθα
1237 1509 1346 1593 ἕτερον

181 1609 234 1691 μὲν
262 1616 316 1673 τοῦ
343 1615 419 1672 θεοῦ
450 1612 602 1672 7δείκνυσι
625 1606 733 1688 νόμον,
766 1606 817 1672 τύν
840 1607 991 1674 κωλύοντα
1012 1614 1184 1693 χωρίζεσθαι
1208 1620 1346 1695 γυναῖκα

184 1709 265 1775 8αἰιύ
282 1709 390 1794 άνδρύς
407 1709 513 1793 αὐτῆς,
537 1712 634 1795 ἕτερον
648 1711 680 1774 δέ
694 1709 745 1775 τδν
759 1717 811 1775 τοῦ
825 1712 992 1791 Μωυσέως,
1014 1711 1066 1776 τύν
1080 1710 1130 1777 διά
1145 1710 1197 1794 την
1213 1721 1344 1800 σκληρο-

180 1817 306 1899 καρδίαν
322 1815 515 1896 ἐπιτρέποντα
531 1818 702 1897 χωρίζεσθαι
719 1820 806 1878 τοῦτο
823 1811 856 1879 τῦ
872 1820 979 1898 ζεῦγος.
1025 1816 1086 1879 Καί
1102 1812 1140 1897 δὴ
1156 1813 1233 1880 κατά
1249 1822 1345 1883 τοῦτο

182 1920 298 1982 ἐναντία
320 1923 360 2004 τῷ
381 1923 445 2003 θεῷ
463 1925 620 1998 νομοθετεῖ
639 1913 657 1981 o‘
676 1923 801 1998 Μωσῆς.
843 1913 993 1981 Ἐναντίον
1010 1915 1066 2003 γάρ
1085 1920 1144 1983 ἐστι
1158 1923 1198 2006 τῷ
1217 1914 1258 2000 μὴ
1275 1921 1345 1984 δια·

181 2019 340 2105 ζευγνύναι.
382 2015 451 2082 Ἐάν
466 2020 565 2099 μέντοι
578 2021 628 2083 καί
642 2017 696 2101 την
711 2027 765 2084 τοῦ
780 2020 937 2095 Μωῦσέως
951 2018 1085 2104 γνοίμηυ,
1108 2016 1179 2086 καθ’
1193 2017 1234 2102 ἣν
1249 2028 1346 2089 τοῦτο

182 2124 413 2204 ἐνομοθέτησεν,
447 2122 640 2204 ἐξετάσωμεν,
673 2118 864 2206 εὑρεθήσεται
887 2128 974 2186 τοῦτο
1000 2119 1038 2187 οῦ
1063 2120 1138 2187 κατά
1163 2127 1344 2208 προαίρεσιν

185 2224 334 2308 9ποιησας
351 2222 404 2307 τήν
421 2227 544 2303 ἑαυτοῦ,
567 2221 637 2288 άλλά
654 2223 727 2288 κατά
744 2221 876 2308 άνάγκην
892 2222 942 2288 διά
958 2221 1012 2306 την
1026 2231 1086 2289 τῶν
1101 2227 1342 2308 νενομοθετημέ-

181 2355 241 2393 νων
260 2325 423 2392 οἷσθένειαν.
464 2325 547 2391 Ἐπεὶ
562 2324 619 2411 γάρ
638 2326 692 2408 την
710 2333 763 2390 τοῦ
780 2331 856 2391 θεοῦ
875 2325 995 2411 γνοίμην
1012 2325 1168 2409 φυλάττειν
1186 2325 1245 2394 οῦκ
1263 2325 1341 2411 ἤδῦ·

182 2457 270 2495 ναυτο
290 2422 388 2508 οὗτοι,
420 2432 452 2494 έν
473 2436 514 2516 τῷ
532 2426 573 2510 μή
591 2431 697 2505 ἐξεῖναι
716 2425 817 2504 αῦτοῖς
835 2427 984 2510 ἐκβάλλειν
1000 2428 1052 2505 τάς
1066 2438 1209 2515 γυναῖκας
1224 2428 1342 2512 αύτιῦν,

187 2530 278 2608 ιοαίς
290 2558 365 2607 τινες
381 2529 479 2596 αὐτῶν
493 2528 592 2611 άηδῶς
604 2529 776 2619 συνῴκουν,
798 2532 849 2595 καὶ
864 2530 1051 2598 ἐκινδύνευον
1069 2534 1102 2598 ἐκ
1117 2531 1226 2600 τοῦτον
1240 2535 1342 2620 έκερέ·

182 2645 290 2700 πεσθαι
304 2636 393 2699 πλέον
410 2636 452 2709 είς
468 2630 595 2708 οίδικίαν,
616 2634 667 2697 καί
683 2635 715 2698 ἐκ
732 2632 840 2714 ταύτης
858 2636 899 2709 είς
916 2631 1073 2713 άπάλειαν,
1095 2633 1128 2701 τῦ
1145 2632 1235 2719 αἠδές
1248 2642 1343 2704 τοῦτο

181 2736 360 2819 βουλόμενος
376 2733 505 2815 ἐκκόψαι
522 2733 618 2799 αῦτοῦν
636 2732 653 2799 ύ
673 2742 864 2819 11Μωῦσῆς,
886 2733 923 2801 δι’
939 2730 976 2801 οὗ
990 2740 1041 2802 καί
1058 2734 1247 2804 άπάλλυσθαι
1263 2741 1343 2807 ἐκιν-

182 2838 321 2918 δύνευον,
346 2836 482 2921 δεύτερόν
497 2864 561 2901 τινα
580 2834 620 2913 τίς
635 2835 711 2902 κατά
726 2844 896 2923 περίστασιν
910 2831 999 2922 ἧττον
1012 2838 1106 2906 κολκδν
1122 2837 1186 2906 άντλ
1204 2845 1345 2923 μείζονος

181 2939 527 3023 ἀντικαταλλασσόμενος,
549 2939 601 3005 τδν
618 2948 671 3005 τοῦ
689 2938 870 3007 ολποσταοίου
887 2941 982 3024 νόμον
1000 2940 1051 3024 (ἔφ’
1069 2944 1176 3009 ἑαυτοῦ
1193 2944 1343 3028 ένομσθέ·

180 3066 266 3127 τησεν
284 3040 400 3123 αῦτοῖς,
427 3047 477 3108 ίνα
493 3041 545 3107 έάν
559 3046 672 3109 ἐκεῖνον
688 3042 728 3127 μὴ
747 3041 894 3109 δύνωνται
916 3044 1130 3127 ιἐφυλάττειν,
1159 3044 1217 3111 κάν
1230 3046 1345 3116 τοῦτόν

181 3173 212 3234 γε
230 3146 397 3229 φυλάξωσι,
427 3147 477 3212 καί
495 3144 535 3228 μή
551 3149 593 3222 είς
607 3143 724 3222 άδικίας
740 3149 791 3212 καί
807 3151 914 3223 κακίας
933 3151 1111 3234 ἐκτραπιῦσι,
1141 3145 1179 3215 δι’
1195 3139 1239 3215 οἷν
1256 3147 1343 3217 dud·

180 3258 242 3315 λεια
266 3246 366 3325 αύτοῖς
391 3252 485 3331 έμελλε
504 3251 667 3332 τελειοτάτη
689 3249 952 3333 ἐπακολουθήσειν.
1001 3250 1088 3334 Αῦτη
1112 3252 1164 3335 μέν
1185 3247 1207 3335 ἦ
1227 3250 1345 3321 τούτου

181 3352 293 3439 γνύμη,
315 3351 386 3448 καθ’
401 3352 439 3434 ἣν
454 3350 693 3434 άντινομοθετιῦν
710 3350 872 3438 εῦρίσκεται
884 3361 925 3442 τῷ
942 3360 1012 3442 θεῷ.
1051 3352 1139 3437 Πλὴν
1153 3353 1200 3420 ῦτι
1213 3378 1248 3441 γε
1261 3362 1343 3425 Μω-

182 3459 255 3533 σέως
277 3455 370 3522 αῦτοῦ
393 3459 540 3520 δείκνυται
562 3458 694 3520 ἐνταῦθα
716 3457 813 3541 ἕτερος
835 3454 877 3521 σίν
898 3453 980 3542 παρά
1000 3454 1053 3522 τάν
1069 3462 1124 3522 τοῦ
1141 3463 1218 3523 θεοῦ
1233 3455 1344 3543 νόμον,

182 3556 444 3642 άναμφισβήτητόν
466 3561 541 3638 ἐστι,
570 3555 627 3622 κάν
649 3557 685 3623 δι’
707 3556 774 3634 ἓνδς
792 3558 828 3623 τοί
846 3567 900 3625 νῦν
919 3550 997 3642 ιῦμεν
1015 3557 1181 3643 δεδειχύτες.
1215 3558 1290 3629 Ὅτε
1307 3562 1345 3631 δέ

182 3664 233 3725 καὶ
250 3670 308 3726 τῶν
324 3663 530 3747 πρεσβυτέρων
548 3663 603 3725 ελσί
619 3686 696 3737 τινες
711 3663 963 3746 συμπεπλεγμέναι
981 3660 1161 3746 παραδύσεις
1179 3663 1212 3728 ἐν
1225 3670 1271 3755 τῷ
1288 3664 1342 3734 νῦ·

183 3789 245 3850 μμ,
275 3766 361 3844 δηλοῖ
371 3766 421 3829 καί
438 3761 558 3830 τοῦτοῦ
573 3762 678 3847 σωτήρ.
722 3760 755 3828 ‘0
770 3762 825 3849 γάρ
840 3763 928 3845 θεδς,
955 3766 1064 3847 φησίν,
1094 3761 1172 3845 είπε,
1200 3766 1345 3849 τίματὸν

184 3865 294 3947 πατέρα
309 3887 363 3930 σου
378 3868 428 3930 καὶ
442 3865 495 3949 τήν
511 3868 621 3949 μητέρα
635 3889 700 3947 σου,
722 3869 771 3930 ίνα
785 3859 819 3932 εῦ
834 3889 879 3933 σοι
893 3870 1017 3953 γένηται.
1056 3864 1154 3952 Ὑμεῖς
1168 3868 1211 3950 δέ,
1232 3872 1343 3955 φησίν,

186 3965 380 4050 18εἰρήκατε,
408 3978 470 4045 τοῖς
491 3972 698 4054 πρεσβυτέροις
719 3971 826 4054 λέγων,
855 3974 953 4056 δῶρον
972 3977 1013 4059 τῷ
1034 3977 1098 4060 θεῷ
1120 3967 1208 4037 Mdv
1224 3969 1345 4061 ω’φελη-

182 4074 242 4156 θῇς
257 4072 287 4145 ἐξ
303 4071 391 4151 έμοῦ,
413 4073 463 4134 καί
479 4070 651 4158 ήκυριάσατε
666 4070 719 4139 τύν
733 4070 825 4156 νόμον
841 4080 894 4139 τοῦ
910 4081 1004 4155 θεοῦ,
1027 4073 1077 4139 διά
1091 4071 1145 4157 τήν
1164 4075 1344 4161 “milo-

215 4205 241 4257 2.
257 4210 306 4257 Ηοο
322 4211 388 4269 μήτε
406 4212 552 4274 διαιρεῖται,
569 4215 632 4275 quod
648 4215 740 4265 ετολδι·
808 4207 832 4264 4.
850 4210 874 4266 οἳ
889 4217 1032 4277 παρείχετο
1048 4217 1143 4278 υαλμυλο
1159 4210 1220 4274 καλ,
1247 4216 1343 4269 Om-

182 4279 235 4335 εολ,
251 4279 341 4325 resumi
356 4291 385 4325 ex
400 4281 480 4328 ολλινο.
773 4285 837 4332 rium
850 4288 955 4344 τετυλω,
972 4286 1013 4346 qui
1027 4286 1109 4333 venit:
1125 4280 1168 4348 qni
1182 4280 1255 4347 μτίιιιὶ
1269 4300 1343 4337 σοι·

216 4343 240 4391 3.
257 4342 325 4396 καθὰ
341 4340 418 4404 αὐτὸς
439 4350 547 4408 rescripsi
568 4363 621 4398 cum
638 4352 742 4401 Ριλονλο.
775 4351 967 4417 μειίυοιιιτοιλλ.
994 4350 1343 4418 Ρτοτρῶταωδλληὼ-

183 4406 252 4461 καθά
269 4405 302 4464 δι’
316 4408 393 4464 αύτοῦ
412 4415 462 4463 cod.
479 4416 554 4464 ίίυιλ.
590 4418 663 4480 Vulgo
678 4423 743 4468 ετλολ
775 4421 811 4469 δελ
827 4419 931 4485 πρῶτον.

183 4471 241 4529 καθ’
258 4475 320 4531 οῦτό
339 4482 402 4540 (cod.
418 4483 515 4545 Βλιλλρ.
532 4475 616 4547 οῦτό),
654 4487 743 4535 Cornu·
810 4488 834 4536 ὁ.
850 4490 888 4538 lm
901 4490 982 4539 Ριλον.
998 4488 1179 4539 demm-
1210 4489 1342 4543 m

183 4549 247 4596 rius:
265 4562 313 4594 non
329 4548 535 4612 quemadmodum
552 4550 690 4618 peripsum
703 4552 744 4603 le-
777 4555 883 4605 εδλδετσλ
899 4550 1087 4622 νενομοθέτὴτο.

182 4629 240 4680 gem
260 4613 390 4666 datdeus.
810 4621 836 4675 6.
853 4618 921 4690 ἐφη,
938 4618 976 4691 μή
992 4622 1123 4692 Muto
1138 4624 1191 4677 td·
1206 4626 1284 4679 m
