3046 5084
263 360 322 425 102
681 368 801 421 εειιαιι
818 364 988 421 τειεειιιιιι

263 488 395 574 ῦστερον,
410 484 481 552 ὅταν
493 487 559 571 περί
574 483 672 550 αῦτῶν
684 491 854 570 μονομερῶς
864 486 955 569 λέγειν
967 482 1202 566 έπιβαλλάμεθα,
1218 483 1293 549 κατά
1306 485 1409 552 λεπτά-

263 616 335 672 ιητα
352 585 553 673 ῦφηγήσομαι,
575 583 630 652 οῦκ
647 589 688 662 εἰς
702 584 735 652 τδ
752 593 853 671 χρῦυαι
869 583 961 661 ιίκοάς
973 593 1033 651 τῶν
1048 583 1220 650 ἀκουόντων
1236 584 1255 668 ἢ
1271 589 1407 672 ἐντυγγα·

264 689 391 769 νάντωυ,
420 685 477 753 ἀλλ’
497 690 539 764 είς
558 687 590 753 τά
611 697 674 762 τοῖς
690 697 821 764 συνετοῖς
837 685 998 769 άπέγθειαν
1012 693 1120 768 μᾶλλον
1134 685 1316 771 ἐργάσασθαι
1331 688 1409 773 πρδς

265 790 372 867 αῦτοῦς
388 792 439 855 καὶ
455 786 628 874 άποτροιιὴν
643 796 694 871 τῆς
708 796 767 853 τῶν
782 796 880 853 κακῶν
896 792 1045 874 ἐργασίας,
1076 785 1112 852 οῦ
1127 797 1323 868 συκοφαντῶν
1338 790 1409 867 τοῦς

264 890 445 977 άλιτηρίους,
466 888 536 956 άλλά
551 888 614 956 κατ’
630 888 771 972 ἀλήθειαν
786 889 821 954 τά
838 887 905 974 παρ’
922 888 1019 953 αῦτῶν
1034 887 1171 974 γινόμενα
1187 892 1228 965 εἰς
1243 889 1410 973 τούμφανές

265 992 467 1079 θριαμβεύων.
485 991 604 1075 Ἕτερον
620 992 651 1054 δέ
665 999 723 1055 τῶν
739 992 959 1074 προειρημένων
972 987 1157 1072 Ἰαλδαβαῶθ
1169 990 1333 1071 δοξάζουσι,
1351 991 1409 1073 φά-

268 1117 383 1169 σκοντες
403 1089 493 1157 αάτδν
513 1089 585 1156 εἶναι
602 1098 720 1175 πρῶτον
738 1090 821 1170 υίδν,
851 1089 891 1166 ῶς
908 1094 1000 1172 έφην,
1028 1100 1080 1173 τῆς
1100 1090 1259 1175 Βαρβηλοί·
1290 1095 1341 1158 καλ
1358 1092 1408 1157 διά

267 1192 354 1261 τοῦτό
371 1213 444 1274 φησι
460 1197 522 1256 δεῖν
536 1191 616 1276 άγειν
633 1189 728 1279 ἀὐτῷ
741 1191 795 1274 τήν
806 1191 902 1274 τιμὴν,
925 1191 970 1257 δτι
984 1191 1076 1256 πολλοὶ
1090 1190 1288 1275 άπεκάλυψεν.
1310 1193 1410 1259 Ὅθεν

268 1297 320 1362 καί
338 1298 436 1378 βιβλία
452 1292 516 1357 τινά
537 1296 591 1370 ⁴3}
608 1289 751 1374 ὀνόματος
767 1301 820 1357 τοῦ
834 1291 1018 1376 Ἰαλδαβαῶθ
1034 1293 1239 1375 ποιητεῦονται
1253 1298 1410 1361 έκτυτιοῦν·

268 1422 330 1476 τες,
362 1397 412 1460 καλ
430 1393 587 1477 ὀνομασίας
602 1397 708 1478 μυρίας
726 1393 909 1479 βαρβαρικάς
926 1393 1074 1478 άργόνιωυ
1094 1397 1186 1475 ὅφασλ
1202 1398 1253 1461 καὶ
1271 1399 1411 1474 ἐξουσιῶν

269 1495 339 1563 καθ’
362 1499 483 1562 ἕκαστον
504 1493 631 1580 οῦρανδν
652 1497 880 1577 ἐναντιουμένων
898 1503 934 1584 τῇ
950 1501 1008 1560 τῶν
1025 1494 1196 1582 άνθριάπων
1214 1505 1306 1587 ψυχῇ.
1351 1500 1410 1562 Καί

269 1596 360 1680 πολλὴ
379 1595 479 1672 άπλῦς
494 1594 514 1680 ἡ
531 1595 580 1662 διά
596 1604 647 1679 τῆς
664 1595 777 1678 πλάνης
794 1594 890 1661 αῦιῶν
907 1599 1042 1681 γινομένη
1061 1605 1103 1685 τῷ
1121 1601 1197 1683 γένει
1216 1607 1276 1664 τῶν
1292 1597 1411 1684 άνθροί·

269 1724 335 1765 πων
353 1697 502 1781 έπιβουλή.
537 1696 634 1763 ’Ἁλλοι
651 1699 683 1762 δέ
699 1696 751 1763 τδν
770 1697 983 1780 6Καυλαυκαῦγ
1002 1696 1139 1775 ῶςαάτως
1156 1698 1338 1780 δοξάζουσιν,
1361 1699 1413 1785 άρ-

270 1799 357 1884 γοντά
375 1827 438 1865 τινα
455 1807 558 1865 τοῦτον
576 1798 653 1865 οῦτω
668 1807 836 1879 καλοῦντες,
866 1800 1070 1880 φαντασιάζειν
1088 1800 1325 1884 φιλοτιμούμενοι
1342 1799 1415 1879 τοῦς

271 1898 411 1988 άπείρους
423 1897 475 1966 διά
484 1908 538 1984 τῆς
548 1908 606 1967 τῶν
620 1899 773 1983 ὀνομάτων
788 1900 949 1983 ἐκπλήξεως
961 1903 1012 1965 καὶ
1026 1901 1204 1968 έπιπλάστου
1216 1911 1269 1985 τῆς
1280 1909 1332 1967 τοῦ
1344 1899 1413 1967 άνά·

272 2030 363 2086 ματος
383 2007 636 2088 βαρβαρωυυμίας.
682 2011 751 2079 Τοῖς
773 2005 805 2068 δέ
827 2005 974 2089 ἐμπείροις
994 2005 1044 2068 καλ
1065 2005 1097 2068 έκ
1118 2011 1193 2069 θεοῦ
1207 2009 1329 2086 λαβοῦσι
1344 2005 1414 2088 περὶ

272 2103 396 2188 ἑκάστης
411 2103 569 2187 ὀνομασίας
582 2107 632 2170 καλ
645 2102 882 2189 ῦποθέσεωςζτῆς
896 2103 1038 2186 ἀληθινῆς
1054 2112 1107 2170 τοῦ
1125 2113 1201 2172 θεοῦ
1214 2105 1349 2192 γνωσιως
1363 2105 1413 2190 γά-

273 2234 320 2294 ριν
340 2214 406 2282 πῶς
426 2205 481 2272 οῦκ
498 2204 690 2291 εῦθυέλεγιιτα
707 2204 743 2271 τά
760 2213 813 2289 τῆς
831 2205 992 2288 μυθώδους
1008 2204 1105 2272 αῦτῶν
1123 2206 1236 2290 πλάνης
1250 2207 1415 2294 διδάγματα

277 2310 430 2394 ’ἕιὲιιυᾱι

119 2518 126 2532 ”
143 2515 209 2582 Κεφ·
227 2511 258 2570 δ’·
362 2510 552 2597 1Προῦνινον
565 2510 615 2577 έάν
628 2514 739 2591 είπωσι,
753 2509 786 2577 τά
801 2510 868 2576 δλσν
883 2513 961 2577 ἐστίν
974 2509 1162 2594 ἡδυπαθείας
1174 2514 1225 2578 καλ
1240 2514 1415 2597 ’έκκαρδίας

276 2611 426 2698 έξεάρεσις.
471 2618 540 2677 Πᾶν
561 2611 616 2697 γάρ
637 2612 670 2678 τά
687 2612 952 2698 προυνικευάμενον
968 2618 1099 2699 λαγνείας
1114 2611 1273 2697 ῦποφαίνει
1290 2611 1323 2677 τδ
1338 2613 1415 2677 ἕποι’·

276 2740 385 2796 νυμον,
416 2721 538 2799 φθορᾶς
553 2715 585 2778 δὲ
601 2711 634 2779 τῦ
651 2717 826 2800 ἐπιχείρημα.
867 2711 941 2779 Ἐπί
961 2723 1045 2792 8τοῖς
1058 2715 1114 2802 γάρ
1131 2715 1167 2781 τά
1181 2714 1299 2799 νάματα
1315 2718 1414 2778 διακο·

278 2813 414 2900 ρεῦουσιν
426 2812 576 2898 Ἑλληνική
598 2820 641 2891 τίς
656 2819 732 2881 ἔστιν
746 2815 767 2899 ἡ
783 2819 857 2894 λέξις
874 2814 917 2894 τά,
940 2814 1185 2901 4Ἑπρουνίκευσε
1200 2816 1320 2900 ταύτην·
1341 2813 1416 2881 δθεν

278 2916 330 2981 καὶ
346 2917 378 2979 έν
395 2913 504 2998 μάθοις
520 2915 741 3004 άναγράφουσιν
759 2921 789 2982 οἱ
805 2915 841 2982 τά
855 2915 1004 3000 Ἑλληνικά
1019 2918 1260 3005 συγγραψάμενοι
1274 2916 1417 3001 Ἑλλήνων

278 3014 445 3093 άπαιεῶνες
459 3021 526 3104 περλ
542 3018 664 3095 κάλλους
677 3022 807 3103 λέγοντες
822 3018 916 3096 οῦτως
931 3021 986 3100 ὅτι,
1010 3019 1125 3096 Κάλλος
1138 3020 1307 3106 ιιρσάνινον.Ι
1335 3017 1419 3085 ’And

279 3121 331 3185 καλ
346 3121 414 3204 περί
427 3127 481 3185 τοῦ
498 3118 694 3203 Καυλαυκαῦγ
710 3125 754 3195 τίς
768 3128 827 3186 τῶν
841 3121 1044 3206 γινωσκόντων
1060 3119 1097 3187 οῦ
1114 3118 1345 3207 καταγελάσειεν,
1374 3120 1421 3186 δτι

177 3253 227 3298 m.
239 3241 272 3285 τε.
283 3216 336 3297 τάς
351 3217 500 3306 Ἐβραϊστὶ
519 3229 615 3297 καλῶς
634 3225 786 3306 εἰρημένας
806 3225 907 3302 λέξεις,
935 3225 986 3288 καὶ
999 3220 1158 3305 Ἑλληνιστί
1173 3229 1268 3297 καλῶς
1283 3224 1420 3307 έρμηνεν-

279 3327 394 3404 δείσας,
409 3326 459 3389 καλ
471 3330 526 3388 νῦν
538 3322 620 3408 παρά
629 3333 690 3399 τοῖς
701 3321 858 3406 Ἑλληνιστί
869 3322 1101 3410 α’ναγινῶσκσυσι
1113 3320 1242 3408 φανεράς
1255 3321 1355 3399 οὔσας,
1367 3325 1421 3388 καλ

281 3423 368 3492 οῦδὲν
385 3423 504 3491 σκολιδν
520 3424 655 3508 έγοάσας,
688 3423 772 3490 υῦτολ
788 3429 829 3502 είς
846 3429 1050 3502 εἰδωλοποιίας
1063 3450 1093 3491 τε
1109 3427 1160 3491 καλ
1179 3426 1220 3500 είς
1235 3421 1352 3509 μορφάς
1367 3424 1421 3488 καλ

283 3531 325 3602 ελς
342 3525 595 3603 ὕδνυποστατικῦς
607 3524 712 3612 άργάς,
733 3530 784 3592 καὶ
801 3526 842 3603 ῶς
858 3531 950 3593 εἰπεῖν
965 3527 1252 3613 άνδριαντοιιλασίας,
1272 3534 1335 3600 τοῖς
1346 3521 1419 3606 άφε-

283 3629 343 3692 λίσι
357 3628 408 3693 διά
422 3634 583 3712 φαντασίας
597 3627 651 3712 τὴν
665 3627 778 3713 πλάνην
793 3627 1021 3716 ῦπσσπείρονιες
1034 3628 1232 3695 άνατνποῦσιν
1247 3629 1288 3704 είς
1300 3625 1354 3710 τὴν
1368 3634 1422 3710 τῆς

285 3730 404 3813 αἰσχροῖς
419 3732 517 3798 αῦτῶν
529 3734 579 3799 καὶ
593 3731 757 3814 μυθώδους
769 3733 868 3815 τέχνης
881 3729 1072 3817 ῦποσποράν;
1106 3727 1304 3814 Καυλαυκοιῦγ
1320 3727 1375 3816 γάρ
1390 3732 1423 3795 έν

284 3835 324 3917 τῷ
336 3826 440 3919 Ἠσαίᾳ
451 3836 624 3920 γέγραπται,
645 3837 720 3912 λέξις
734 3856 778 3911 τις
794 3826 869 3899 οῦσα
885 3836 918 3899 δν
932 3840 968 3923 τῇ
984 3831 1136 3924 δωδεκάτη
1152 3829 1266 3921 δράσει,
1288 3834 1363 3898 ἔνθα
1379 3833 1423 3896 λέ-

284 3953 343 4015 γει,
374 3934 480 4014 Θλίψιν
499 3939 548 4002 έπλ
567 3940 685 4017 θλίψει,
715 3939 817 4002 ἐλπίδα
839 3932 884 4002 ἐπ’
907 3938 1016 4001 έλπίδι·
1045 3937 1088 4001 ἔτι
1107 3932 1228 4023 μικράν,
1255 3936 1297 4001 ἔτι
1318 3929 1425 4017 μικράν

319 4146 432 4221 διαβιῷ
445 4158 579 4210 ωιλναιέι.
594 4162 768 4211 πεδίλΡιισν.
792 4155 838 4211 αῦ-
904 4158 928 4212 ’λ
945 4155 1054 4226 ἐχέγγυα
1073 4158 1125 4210 ωδ
1144 4162 1216 4209 Vaut„
1249 4152 1293 4209 καλ
1315 4150 1425 4222 ίγίγγνα

286 4222 320 4289 τῇ
338 4225 388 4272 cod.
403 4223 500 4285 λλλιδίρ.
514 4232 535 4275 τί
549 4229 602 4276 edit.
613 4231 687 4288 γιίηο.
870 4230 923 4278 cod.
937 4228 1034 4289 δλιδίρ.
1049 4231 1070 4276 τί
1083 4229 1140 4277 auu
1152 4227 1213 4276 um

319 4285 344 4339 4.
360 4287 388 4351 έξ
405 4284 526 4353 διάματος
548 4294 599 4343 cod.
616 4296 688 4343 λἀιίο,
722 4288 760 4348 ἐπ’
781 4287 838 4348 άνά-
906 4295 964 4344 (λιν.
975 4295 1016 4344 lv.
1028 4321 1062 4332 -
1079 4293 1099 4344 1.
1114 4294 1150 4356 Cf.
1159 4304 1213 4342 ταιιι
1225 4292 1268 4341 λοι
1278 4290 1354 4352 capilo
1365 4304 1426 4354 φασι

287 4373 365 4421 ματος
380 4359 431 4407 ωδ.
444 4359 540 4422 Βλιδιρ.
555 4366 576 4409 ιι
588 4361 641 4409 αλιι.
652 4365 728 4423 μήνιε.
870 4364 975 4426 disputat
987 4363 1050 4424 infra
1065 4363 1128 4410 λου.
1141 4358 1184 4420 37,
1203 4356 1229 4409 6.

320 4425 344 4475 5.
363 4427 478 4487 asscripsi
493 4426 557 4492 φασὶ
570 4441 615 4489 μιν
631 4426 710 4495 φησί,
734 4431 797 4495 quod
813 4434 839 4482 λιι
904 4432 929 4480 2.
947 4427 977 4482 ἐκ
990 4427 1096 4495 καρδίας
1110 4428 1161 4476 ⁰⁰¹1·
1172 4427 1270 4489 δίων·
1299 4427 1427 4477 ΟΜΝ

285 4494 350 4542 libris
364 4495 434 4556 νυλρο
449 4495 571 4545 invonitur.
869 4502 937 4548 υειιιι
954 4496 998 4559 „id
1010 4505 1093 4547 totum
1104 4502 1143 4543 est
1156 4491 1293 4561 voluptatis
1305 4510 1337 4545 ex
1350 4492 1426 4546 οσιδο

319 4556 344 4611 6.
362 4557 524 4614 καυλαυιιαδκ
538 4564 589 4614 ωδ.
608 4564 679 4613 Vaut.
872 4563 1049 4631 excogitatio.u
