3046 5084
182 313 242 374 532
600 321 718 372 οκαοτι
738 321 906 371 οειοακαιι

180 439 327 525 στροφήν,
359 438 475 516 ύνοίξας
492 438 525 503 τό
544 436 635 520 στόμα
653 436 727 502 κατό
743 444 794 501 τοῦ
811 440 889 502 ίδίου
907 434 1054 501 δεσπότου
1071 434 1127 520 τήν
1141 440 1340 523 βλασφημίαν

181 545 314 624 έξήμεσε,
336 550 397 617 τοῖς
415 540 588 626 α’νθριόποις
604 537 749 605 ύπόνοιαν
766 538 915 622 έμβαλοίν,
938 536 1095 624 όρνεῑσθαι
1113 540 1168 623 μέν
1185 539 1239 606 τόν
1256 538 1339 622 ὄντα,

181 643 233 709 τόν
248 646 279 708 δέ
294 644 334 727 μή
347 642 417 708 όντα
431 652 531 725 ζητεῖν.
579 642 682 719 Οὕτως
694 648 793 708 τοίνυν
806 644 857 706 καί
871 634 955 706 οὗτοι
970 643 1132 726 ἐλέγχονται
1144 641 1225 708 κατὰ
1238 641 1339 709 κιόντα

180 745 291 830 τρόπον
311 743 501 828 ἠπατημένοι.
544 742 577 808 ‘0
598 743 653 830 γόρ
669 743 741 826 Σήθ
756 746 897 827 τέθνηκε,
927 746 978 808 καί
995 743 1031 808 τό
1047 746 1098 827 ἔτη
1116 742 1214 813 αύτυῦ
1231 744 1336 833 τίναγέ·

180 875 313 934 γραπται.
359 847 475 923 Βιιόσας
489 847 543 934 γύρ
559 850 608 928 έτη
626 846 779 912 ἐννακόσια
796 845 921 911 δεκαδύο
936 844 970 911 τό
986 844 1079 929 χρεοδν
1094 844 1250 928 ύπέδωκε,
1273 874 1336 934 γεν-

179 950 271 1032 νήσας
283 950 369 1027 υίούς
386 953 435 1015 καλ
451 952 631 1036 θυγατέρας,
654 948 695 1024 ιός
709 971 798 1030 φησιν
813 947 834 1031 ή
847 953 919 1013 θεία
933 948 1043 1034 γραφή.
1088 948 1175 1015 Κατοί
1191 950 1336 1035 διαδοχήν

60 1085 111 1130 ρας.
122 1072 168 1117 2⁹⁰-
182 1055 214 1118 δέ
233 1051 252 1118 ό
270 1052 374 1119 τούτου
392 1063 475 1131 παῖς,
504 1050 595 1126 Ἐνιύς
616 1052 647 1116 δέ
664 1044 701 1133 ἦν
719 1050 812 1139 τούτῳ
830 1049 940 1132 όνομα,
970 1053 1021 1117 καί
1041 1048 1133 1129 αύτός
1148 1052 1265 1136 βιούσας
1285 1056 1336 1137 ἔτη

181 1155 335 1221 ἐννακόσια
353 1158 452 1233 πέντε,
483 1152 625 1236 ύπήλλαξε
643 1152 695 1218 τόν
714 1150 784 1218 καθ’
803 1150 882 1235 ήμᾶς
902 1158 984 1235 βίον,
1012 1153 1156 1239 γεννήσας
1176 1154 1267 1232 υίούς
1284 1158 1336 1221 καλ

180 1260 360 1345 θυγατέρας,
383 1255 424 1333 ιός
446 1260 502 1339 έχει
523 1254 543 1339 ή
565 1254 640 1339 αύτή
662 1260 762 1339 βίβλος
782 1263 835 1338 τής
856 1253 1002 1338 ύληθείας.

63 1474 129 1543 Κεφ.
143 1472 167 1528 ι’.
268 1460 374 1527 Πόθεν
389 1466 489 1527 τοίνυν
506 1459 523 1526 ό
539 1460 611 1544 Σήθ
627 1459 644 1526 ό
660 1459 723 1524 τότε
739 1460 923 1542 τελευτήσας,
945 1452 982 1526 ού
994 1463 1044 1526 καί
1060 1462 1123 1526 υίολ
1138 1460 1216 1527 κατὰ
1233 1466 1334 1529 διαδο·

180 1563 236 1648 χήν
250 1562 410 1651 βιόσαντες
424 1570 477 1628 τοῦ
490 1568 559 1645 βίον
575 1563 754 1642 ἐπαύσαντο,
777 1560 966 1647 εύρεθήσεται
979 1562 1082 1647 κύριος
1097 1560 1116 1628 ό
1131 1560 1194 1630 οίπό
1210 1570 1334 1651 Μαρίας

180 1668 330 1751 γεννηθείς
351 1674 403 1749 της
426 1665 639 1751 αἐιπαρθένου,
672 1663 832 1747 εὐδοκήσας
856 1668 905 1730 έπί
926 1673 985 1755 ζωή
1010 1672 1069 1731 τῶν
1091 1662 1286 1753 ἀνθρώπων,
1316 1664 1334 1733 ό

181 1772 333 1854 γεννηθεὶς
349 1767 494 1853 όχρόνως,
518 1767 535 1833 ό
549 1767 591 1834 σόν
605 1768 680 1853 πρός
695 1766 746 1834 τόν
761 1769 871 1854 πατέρα
886 1766 946 1847 ύεί,
969 1766 1167 1846 ένυπόστατος
1178 1768 1258 1845 θεός
1270 1768 1334 1835 Λό-

180 1897 248 1957 γος,
279 1870 374 1936 έλθιόν
392 1873 423 1936 δὲ
439 1869 483 1936 ἐπ’
503 1870 651 1953 1έσχύτων
667 1868 799 1956 ήμερολν,
829 1872 880 1936 καὶ
898 1873 938 1945 είς
954 1867 1059 1936 έαυτόν
1073 1871 1106 1936 δέ
1124 1868 1332 1955 όναπλασόμε-

181 2000 233 2048 νος
252 1970 312 2038 όπό
335 1973 446 2058 μήτρας
466 1982 649 2058 παρθενικῆς
671 1971 764 2058 σόρκα
787 1975 837 2037 καί
859 1970 960 2055 ψυχήν
977 1970 1031 2054 τήν
1047 1970 1245 2058 υίνθρωπείαυ
1261 1976 1335 2059 είλη-

180 2074 245 2157 φοίς
262 2074 358 2151 οὕτως
373 2076 582 2160 ἐνηνθρόπησε
598 2074 773 2153 τελειότατα,
796 2074 925 2160 κηρύξας
940 2072 1011 2158 ήμῖν
1027 2082 1102 2158 ζωῆς
1117 2074 1156 2141 τό
1170 2076 1334 2163 μυστήρια,

181 2177 368 2261 δικαιοσύνης
383 2205 411 2243 τε
426 2177 548 2263 έργύτας
560 2177 630 2253 τούς
644 2176 737 2243 αύτοῦ
750 2176 887 2261 μαθητὰς
900 2176 1090 2260 καταστήσας,
1103 2180 1156 2243 καλ
1168 2178 1227 2263 τήν
1241 2177 1335 2249 αύτσῦ

181 2284 369 2345 διδασκαλίαν
384 2279 419 2345 δι’
434 2283 539 2345 ἑαυτοῦ
553 2307 582 2345 τε
597 2283 646 2345 καί
660 2279 697 2345 δι’
710 2278 808 2345 αὐτῶν
820 2280 981 2356 παιδεύσας
993 2277 1026 2347 τό
1039 2282 1124 2365 γένος
1135 2288 1199 2346 τῶν
1213 2279 1333 2369 α’νθρὸ·

181 2410 261 2463 παν,
285 2381 321 2448 ού
337 2382 372 2447 τό
388 2390 447 2448 τῶν
460 2390 624 2465 Σηθιανοίν
640 2381 851 2465 οίποκαλύψας,
873 2379 942 2449 ου’δὲ
959 2380 1031 2465 Σήθ
1045 2380 1152 2448 έαυτύν
1167 2380 1333 2469 όνομόσας,

180 2484 220 2561 οός
235 2478 317 2552 οὗτοι
330 2491 486 2570 ληροῦντες
502 2488 550 2551 καί
569 2487 649 2575 μέθη
667 2488 721 2550 τινί
738 2485 924 2569 συνεχόμενοι
941 2481 1000 2551 ύπό
1018 2491 1072 2569 τῆς
1087 2482 1236 2567 ἆληθείας
1248 2490 1332 2555 ἔκπε-

178 2610 324 2666 πτωκασις

267 2894 310 2959 Τό
325 2896 356 2959 δέ
369 2903 425 2961 νύν
442 2894 592 2976 συντόμως
608 2893 700 2976 ούσης
711 2903 765 2977 τῆς
782 2897 935 2981 αἱρέσεως,
956 2890 1012 2961 ούιι
1028 2896 1185 2977 ένδεηθελς
1200 2898 1331 2965 ίττετιτιῖ·

179 3023 228 3061 ναι
244 2994 295 3060 τόν
312 2994 374 3061 κατ’
393 2995 484 3080 αὐτῆς
503 3001 632 3083 έλιγχον,
663 2996 812 3083 α’ρκοῦμαι
829 3007 891 3075 τοῖς
906 3004 1034 3085 παροῦσι
1050 2994 1163 3079 μόνοις.
1207 2996 1332 3087 Εὔτρη-

178 3125 228 3174 τος
243 3096 299 3183 γύρ
314 3096 334 3182 ή
348 3098 459 3165 τούτων
472 3098 572 3180 όίνοια,
594 3102 643 3164 καί
659 3098 766 3181 έαυτήν
781 3102 930 3183 δυναμένη
946 3124 975 3165 τε
991 3100 1101 3185 έλέγξαι
1113 3101 1166 3165 παλ
1179 3100 1331 3187 φωρόσαι,

179 3198 216 3266 ού
239 3199 330 3282 μόνον
350 3205 415 3287 περί
437 3211 490 3285 τῆς
510 3210 562 3267 τοῦ
583 3208 713 3287 Χριστοῦ
729 3200 846 3288 ύγωγῆς
864 3204 914 3269 καλ
931 3204 1233 3287 σεσυκοφαντημέυης
1248 3206 1331 3271 δεδι·

177 3309 297 3381 σκαλίας
313 3312 365 3369 τοῦ
382 3304 432 3370 τόν
449 3304 521 3388 Σήθ
534 3302 624 3371 αύτδν
637 3309 760 3386 νομίζειν
776 3330 806 3369 τε
821 3306 872 3370 καί
886 3307 1135 3388 διαβεβαιοῦσθαι
1147 3302 1236 3387 εἶναι,
1259 3303 1332 3373 ἄλλο’

176 3410 228 3470 καί
248 3410 289 3483 είς
308 3406 361 3490 τήν
379 3409 447 3492 περὶ
464 3416 523 3472 τῶν
542 3404 597 3471 δύο
614 3404 786 3493 οίνθροίπων
801 3405 956 3473 ύπόθεστν.
1000 3408 1044 3471 Et
1057 3404 1114 3491 γόρ
1129 3408 1164 3471 αί
1175 3408 1331 3493 Δυνάμεις

178 3506 295 3574 όνωθεν
313 3509 450 3592 ἐσχήκασι
466 3508 519 3591 τήν
535 3506 641 3592 ύρχήν,
671 3507 728 3576 ούκ
746 3508 784 3575 όν
802 3508 871 3574 όνευ
889 3516 942 3591 τῆς
959 3514 1044 3589 μιᾶς,
1071 3507 1112 3591 ἣν
1130 3506 1169 3593 δή
1186 3512 1240 3577 καλ
1257 3518 1329 3597 Mu

178 3612 245 3694 τέρα
264 3610 412 3692 φάσκουσι
433 3618 491 3676 τῶν
513 3610 589 3676 ὅλων
610 3607 700 3690 εἶναι,
731 3610 842 3696 έγένετό
864 3636 894 3676 τε
915 3611 967 3676 καί
982 3608 1121 3694 έπρόχθη
1136 3608 1174 3677 τό
1187 3608 1252 3681 uuo*
1268 3620 1330 3681 τὸτ

177 3712 232 3778 δύο
249 3718 425 3797 πραχθέντα.
470 3711 644 3798 Εύρίσκεται
659 3711 715 3799 γόρ
733 3710 754 3795 ή
770 3719 822 3796 μία
839 3716 918 3779 αίτία
933 3720 992 3779 τῶν
1007 3710 1063 3779 δύο
1078 3710 1255 3797 Δυνόμεαν,
1276 3718 1330 3783 καλ

175 3811 246 3880 δίνευ
265 3814 357 3898 αὐτῆς
374 3818 463 3900 μηδὲν
480 3824 539 3882 τῶν
554 3818 717 3901 γενομέναν
732 3818 887 3901 γεγονέναι.
932 3817 994 3881 Καί
1012 3811 1254 3901 τίναδραμοῢνται
1269 3816 1327 3885 ια’-

175 3926 221 3982 λιν
239 3921 288 3984 ἐπὶ
304 3917 337 3985 τό
353 3916 503 4003 ὁμολογεῖν
522 3922 573 3985 ἕνα
591 3916 666 3983 εἶναι
680 3917 825 4001 δεσπότην
840 3924 900 3983 τῶν
913 3916 1049 3998 πόντων,
1075 3918 1128 3983 καί
1141 3918 1329 4007 δημιουργόν

175 4022 226 4084 καὶ
243 4021 361 4104 κτιστήν
377 4029 436 4086 τῶν
451 4021 541 4100 ὅλων,
563 4020 641 4099 δίπαξ
658 4028 727 4104 μιᾶς
744 4023 934 4103 δακνομένης
947 4017 1046 4106 ἆρχῆς.
1087 4016 1173 4087 Ἀλλδ
1189 4024 1243 4087 τιαλ
1256 4024 1328 4111 περὶ

176 4120 284 4205 ταύτης
300 4131 353 4207 τῆς
371 4125 508 4209 αἱρέσεως
521 4131 610 4189 ταῦτα
627 4122 791 4207 φήσαντες,
817 4126 869 4190 καί
880 4120 1127 4207 όποκαλύγαντες
1141 4119 1195 4191 τόν
1211 4122 1328 4211 lunis

217 4378 273 4430 cuv.
290 4382 325 4432 X.
343 4411 375 4420 —
400 4385 422 4433 1.
440 4384 555 4445 θειαὶγει·
577 4378 616 4436 ἐπ’
632 4376 747 4451 ἐσχάτων
761 4378 865 4451 ήμτρῶν
885 4399 930 4448 μευ
953 4378 993 4438 ἐπ’
1008 4380 1117 4455 ἐσχάτου
1138 4382 1191 4439 ταῖν
1209 4380 1324 4455 *W*

174 4450 237 4499 ίιίιπι
254 4453 336 4500 uitium
351 4454 488 4502 sustulimus
503 4466 576 4514 ταμτα
594 4455 657 4504 haer.
674 4454 723 4513 ὅθ,
738 4450 765 4505 6.
