3046 5084
387 339 728 395 euumurnunsou.
747 343 778 393 u.
795 341 1009 393 uneuuxm.
1209 327 1270 395 38³

121 453 200 523 Nem
216 456 244 521 si
260 457 378 523 veritati
395 458 445 523 illa
461 467 662 523 consautsnsn
678 460 792 537 torsus,
815 472 896 525 certe
913 462 1065 541 dominus,
1088 463 1137 546 qui
1156 462 1192 525 sd
1207 460 1273 525 illu·

122 559 287 625 minandum
310 559 412 625 orbem
433 570 575 640 venerat,
604 570 724 625 stante
745 560 825 623 illum
847 561 1023 646 munitatae,
1052 573 1115 625 tnnr
1133 562 1270 648 apostoli,

123 662 171 747 qui
187 662 327 727 falsorum
343 663 462 727 deorum
478 662 717 746 superstitionem
729 683 765 725 ac
777 661 953 745 flagitiorum
967 663 1167 748 scelerumque
1180 684 1273 747 genus

122 786 209 829 omne
234 766 467 848 redarguerunt,
500 785 557 827 neo
579 763 695 848 implens
718 784 834 827 omnem
858 763 1091 849 contrariamque
1115 762 1274 827 doctrinam

121 867 238 953 scriptis
254 866 316 931 suis
332 867 489 952 prodigere
504 877 574 931 sunt
587 865 693 945 veriti,
717 864 758 931 illi
772 865 888 949 inquam
904 877 1006 951 aperte
1022 866 1108 930 nobis
1122 865 1171 930 ills
1184 864 1275 950 signi·

122 969 278 1047 deessentq
308 969 481 1053 praesertim
499 988 564 1033 eum
582 968 712 1032 salvator
728 967 769 1033 ita
786 968 850 1053 ipse
866 968 1007 1033 dixisset:
1040 972 1148 1031 Ceteris
1165 972 1274 1050 qutiens
1287 976 1411 1033 suessa

121 1077 150 1135 in
159 1072 318 1153 parabolis,
339 1072 416 1133 vobis
427 1082 519 1133 autern
528 1071 684 1152 parabolae
696 1074 736 1133 ad
746 1076 833 1150 regni
842 1074 969 1133 coelestis
982 1076 1188 1134 enarrationem
1201 1074 1275 1141 oii's-

119 1178 255 1235 serendne
275 1185 352 1235 sunt.
399 1169 545 1255 Quocirca
567 1193 764 1257 quaecumque
787 1172 815 1235 iu
834 1173 988 1256 evangelio
1007 1173 1164 1258 parabolae
1183 1172 1219 1237 ab
1237 1193 1273 1236 eo

121 1275 286 1359 propositae
304 1286 390 1355 suut,
421 1275 519 1339 statim
537 1275 650 1339 illarum
667 1295 786 1339 sensum
806 1276 957 1360 aperuisse
976 1276 1102 1339 videtur.
1147 1272 1225 1339 Nam
1244 1286 1274 1338 et

121 1396 245 1461 graurrm
265 1378 375 1463 sinapis
397 1377 465 1462 quid
482 1377 538 1440 sibi
556 1377 646 1443 vellet
661 1378 815 1463 exposuit,
848 1378 916 1461 quid
935 1379 1126 1456 termentum,
1157 1396 1270 1461 quaeve

122 1478 227 1543 mulier
241 1490 322 1545 esset
336 1480 385 1543 illa
400 1500 474 1564 qnae
489 1481 520 1543 in
536 1479 592 1543 tria
609 1479 721 1545 inrinae
739 1489 802 1543 sati
819 1481 993 1545 termentum
1009 1479 1179 1560 immiserit,
1203 1480 1270 1565 quid

120 1579 171 1645 illa
193 1581 261 1646 ritis
281 1603 317 1646 sc
338 1582 427 1661 liene,
463 1583 528 1667 qnis
549 1583 598 1647 ills
619 1582 668 1666 qui
685 1582 829 1661 seminat,
863 1602 976 1666 quaeve
995 1582 1103 1668 optimu
1123 1583 1162 1646 sit
1179 1593 1270 1646 torre.

121 1679 224 1767 ltaque
243 1684 353 1749 irnstrn
371 1685 411 1748 illi
430 1705 520 1748 caeco
538 1684 688 1747 daemonis
703 1683 812 1769 impetu
831 1684 938 1747 conciti
956 1686 1125 1770 rapiunturq
1156 1687 1192 1749 de
1210 1686 1273 1773 qui·

118 1784 174 1849 bns
192 1785 296 1851 merito
313 1798 434 1851 sanctus
452 1783 562 1851 Paulus
580 1785 619 1848 ita
638 1785 781 1870 loquitur:
812 1788 978 1848 cincinnis
999 1789 1168 1869 temporibus
1185 1810 1267 1850 cuer·
1282 1796 1299 1839 ¹·
1308 1796 1395 1847 Tim-t.
1405 1800 1422 1842 1.

121 1899 180 1951 tent
191 1910 224 1951 se
237 1892 350 1971 quatiam
365 1911 384 1951 a
398 1893 547 1962 mobiba,
572 1882 882 1971 circumamiciatur,
907 1901 935 1949 et
946 1894 1083 1953 dormiiu's
1097 1894 1269 1954 daemonum.

120 1986 177 2055 cst
197 2000 226 2055 et
249 1987 374 2057 lacobus
396 1991 605 2076 adstipulatur,
640 1989 676 2053 de
698 1989 840 2054 eiusmodi
863 1991 1046 2074 dogmatibus
1067 1992 1108 2054 itn
1129 1992 1270 2077 loquens:

120 2094 186 2155 Non
199 2104 245 2155 est
258 2099 331 2157 enim
347 2099 405 2157 rita
421 2098 560 2175 sapientia
575 2098 723 2155 danicum
740 2095 924 2167 descendens,
947 2098 998 2155 sed
1014 2106 1143 2168 termeno,
1166 2100 1273 2157 wabin-
1286 2101 1330 2145 tae.
1344 2103 1365 2156 Ι,
1380 2104 1411 2148 ¹⁵·

120 2198 172 2270 lis,
204 2197 354 2259 dabbolica.
402 2200 479 2277 Quae
499 2208 591 2259 autent
612 2199 758 2259 mium
781 2200 995 2276 sumpsistis,
1023 2201 1147 2276 mum
1164 2201 1272 2277 quidem

114 2301 221 2380 pudiea
241 2310 299 2374 ert,
332 2302 431 2361 desinis
447 2301 587 2381 ponqflaa,
620 2302 760 2371 modesta,
791 2299 954 2372 suadibilis,
987 2299 1066 2359 bonis
1086 2304 1270 2374 consentibus,

115 2404 202 2483 plena
217 2406 411 2465 munitorum
426 2404 611 2486 etfimubus
625 2402 705 2463 bonai
721 2410 780 2463 eto.
799 2399 883 2463 cuius
902 2420 939 2463 ne
956 2399 1091 2465 minimus
1109 2400 1223 2484 quidem
1240 2402 1271 2466 ia

120 2503 166 2567 bis
187 2525 261 2589 quos
282 2503 575 2569 commemoravimus
598 2505 711 2567 tructus
731 2501 873 2566 renuitur.
919 2499 1033 2587 Quippe
1053 2503 1128 2587 spud
1144 2503 1212 2569 illos
1228 2503 1273 2570 in·

120 2606 283 2671 constantia
297 2627 332 2671 so
348 2607 461 2672 nefaria
479 2607 577 2671 omnis
594 2606 742 2684 leoinnra,
765 2606 996 2690 daemonumque
1013 2606 1090 2670 lctus
1107 2617 1137 2670 et
1151 2626 1272 2692 serpan-

121 2718 181 2772 tum
202 2707 279 2772 sibili
301 2711 498 2793 reperiuntur.
542 2708 641 2773 Aliter
661 2707 726 2773 aliis
748 2707 945 2792 temporibus,
974 2718 1063 2792 etque
1083 2708 1160 2772 aliud
1183 2729 1273 2773 unus·

119 2810 242 2895 quisque
264 2812 422 2897 praedicat.
467 2808 558 2875 Nulla
579 2810 639 2875 illic
656 2809 858 2875 misericordia
877 2810 923 2874 vel
940 2810 1112 2891 clementia,
1143 2813 1196 2876 sed
1214 2811 1273 2877 dis·

120 2913 276 2979 abusiones
290 2934 325 2979 nc
340 2913 521 2993 discordiae,
545 2913 759 2997 nullumquam
775 2913 959 2993 castimonie,
984 2913 1062 2979 nulls
1079 2935 1149 2999 pas,
1173 2915 1272 3001 nequi·

121 3027 168 3081 tes
189 3015 278 3081 enimi
300 3016 391 3081 nulls.

203 3120 251 3184 Ao
272 3119 340 3185 mibi
362 3140 435 3185 sane
456 3118 544 3198 libet,
573 3117 709 3203 quonism
731 3119 767 3182 sd
790 3118 817 3182 id
835 3119 979 3183 sermonis
1001 3130 1032 3183 et
1044 3119 1208 3205 argumenti
1225 3140 1272 3183 me
1326 3127 1384 3195 cap.

120 3223 283 3289 necessitas
298 3222 430 3308 impellit,
455 3221 569 3286 tametsi
583 3221 670 3285 linem
687 3221 785 3286 iacere
801 3221 1021 3303 constitueram,
1045 3243 1136 3308 pauca
1152 3242 1192 3285 ex
1207 3220 1272 3285 illo·
1289 3195 1423 3248 mvn·

124 3346 189 3391 rum
204 3323 331 3389 decretis
347 3325 383 3388 ed
395 3324 579 3390 relatandnm
593 3321 732 3408 seligere.
770 3320 876 3408 Neque
890 3324 967 3389 enim
982 3323 1125 3389 sindonis
1138 3322 1273 3404 artificio,

121 3429 175 3493 sod
189 3427 331 3492 lectorum
349 3427 464 3492 utilitati
480 3425 550 3491 mibi
563 3425 751 3492 serviendum
767 3426 905 3491 arbitror.
950 3427 1043 3490 Aiunt
1058 3427 1148 3511 igitur
1164 3425 1272 3490 duode-

121 3531 227 3597 cimum
242 3531 396 3610 Aeonem,
428 3551 494 3595 enm
514 3529 688 3608 deiecisset,
720 3529 933 3594 aduodenario
952 3530 1002 3594 illo
1019 3550 1142 3593 numero
1157 3529 1272 3615 penitus

120 3631 281 3712 excidisse,
305 3645 393 3721 etque
405 3634 446 3698 ita
461 3632 661 3697 duodecimum
677 3632 753 3697 hunc
768 3653 919 3696 numerum
935 3652 1002 3696 esse
1016 3632 1174 3696 sublatum.
1209 3630 1273 3697 lloc

120 3747 219 3803 auten
238 3748 298 3801 tum
314 3736 492 3822 contigisse,
526 3757 591 3801 cum
610 3732 697 3801 ludas
712 3735 911 3821 apostolorum
930 3735 1118 3800 duodecimus
1135 3734 1273 3800 exclusus

121 3850 184 3922 est,
208 3838 310 3924 sieque
326 3839 515 3905 duodecimus
533 3859 672 3905 uumerus
691 3839 740 3903 ille
757 3839 854 3923 periit.
901 3833 1046 3902 Similiter
1061 3848 1092 3902 ct
1105 3838 1135 3902 in
1152 3838 1273 3902 muliere

119 3941 187 4023 ills,
211 3962 285 4027 quae
303 3942 454 4024 sanguinis
470 3941 613 4028 profluvio
631 3940 798 4018 laborabat,
823 3949 853 4002 et
872 3940 901 4001 in
918 3938 992 4019 olis,
1024 3961 1097 4026 quae
1115 3942 1216 4005 decem
1234 3961 1274 4006 ex

121 4044 265 4109 drachmis
283 4066 368 4109 unam
386 4045 562 4128 perdiderat.
602 4044 691 4129 Atqui
707 4041 901 4106 demonstrari
917 4041 986 4106 illud
1000 4055 1114 4129 potest,
1140 4045 1273 4107 Aeonem

120 4146 202 4211 illum
218 4146 420 4212 duodecimam
434 4144 526 4213 ludeo
543 4168 696 4235 personum
711 4144 829 4209 minime
845 4166 932 4230 posse
950 4146 1109 4212 sustinere.
1154 4144 1273 4212 Etenim

122 4246 211 4315 ludas
232 4251 359 4315 funditus
381 4249 484 4336 periit,
515 4250 703 4315 duodecimus
724 4257 821 4311 autem
839 4249 926 4312 Aeon
946 4248 1013 4330 ille,
1045 4250 1092 4315 rel
1109 4260 1141 4314 at
1159 4250 1274 4336 ipsimet

121 4352 197 4417 lictis
218 4351 292 4418 iisne
314 4354 417 4418 labnlis
439 4354 561 4430 dorent,
595 4374 653 4416 noa
670 4351 785 4437 penitus
801 4351 949 4418 extinctus
968 4364 1024 4417 est.
1071 4349 1162 4417 Stetit
1181 4352 1270 4432 enim,

122 4453 220 4535 aiunt,
245 4476 286 4521 ex
300 4457 364 4522 eius
380 4457 504 4521 aduerso
518 4452 731 4540 Metngogeus‚
757 4454 811 4518 boc
826 4465 873 4520 est
885 4457 1045 4536 traductor,
1070 4457 1162 4541 quiet
1177 4454 1273 4520 lloro-

173 4594 232 4646 Car.
246 4592 382 4647 XXXVll.
396 4620 431 4635 -
454 4593 475 4647 l.
492 4596 584 4658 Reponi
601 4586 616 4647 ὅ
633 4589 663 4648 bl
679 4590 837 4656 δωδέκατος,
854 4596 891 4645 uel
909 4589 923 4646 d
941 4590 1139 4654 istiusmodi.
