3046 5084
168 334 229 395 574
590 344 709 395 ειυστι
727 344 896 394 τειετιιυιι

167 466 265 543 βαλεῖν
281 464 322 535 είς
340 462 466 545 γεένναν.
514 457 576 524 Ούκ
595 457 650 542 εἶχε
671 462 718 533 δὲ,
742 458 815 542 Ούχλ
834 461 918 524 πέντε
935 464 1081 543 στρουθία
1098 458 1252 545 νίσσαρίων
1269 460 1324 529 δύο

169 570 344 640 πωλοῦνται,
359 565 408 626 καὶ
420 567 454 627 ἓν
469 565 498 639 ἐξ
512 559 610 626 αύτοῦν
622 559 676 626 οῦκ
692 564 770 626 ἔστιν
785 563 1008 644 ἐπιλελησμένον
1022 561 1152 629 ἐντόπιον
1162 572 1219 629 τοῦ
1232 572 1324 642 θεοῦς

251 664 282 728 λ’.
313 663 391 727 Ἀντὶ
409 671 470 743 τοῦ,
492 661 680 750 Ὁμολογήσει
696 663 823 729 ἐντόπιον
839 671 899 729 τῶν
916 661 1046 749 ἄγγε’λιον
1060 672 1113 729 τοῦ
1130 674 1218 743 θεοῦ,
1239 666 1322 733 Ἐννό·

167 794 235 832 πιον
256 774 309 831 τοῦ
332 775 423 845 θεοῦ,
445 768 527 851 λέγει.

250 868 303 933 λα’.
337 867 400 932 Ούκ
422 871 476 951 ἔχει
500 868 548 946 τό,
569 866 603 931 ‘O
624 866 704 943 θεός.
719 867 896 951 ἆμφιίννυσι
917 866 969 933 τόν
990 867 1105 954 χόρτον.

252 970 304 1053 λβ.
335 968 431 1053 Ὑμῦν
446 971 477 1034 δὲ
490 967 507 1035 ό
520 969 614 1055 πατήρ
630 968 709 1035 οἶδεν
723 969 768 1035 ὅτι
781 968 896 1059 χρήζετε
907 968 1031 1049 τούτων,
1044 978 1104 1037 τῶν
1117 977 1268 1055 σαρκικῶν
1278 969 1323 1055 δή.

252 1175 301 1262 λγ’.
335 1183 451 1257 Ζητεῐτε
468 1177 499 1240 δὲ
518 1174 570 1258 τήν
588 1180 735 1258 βασιλείαν
751 1184 804 1240 τοῦ
823 1182 914 1253 θεοῦ,
943 1178 994 1239 καλ
1014 1182 1106 1240 ταῦτα
1123 1174 1223 1242 πάντα
1239 1202 1323 1262 προς-

169 1278 322 1360 τεθήσεται
344 1275 423 1358 ύμῖν.

255 1379 304 1444 λδ.
337 1378 414 1444 'Ani
436 1388 504 1458 τοῦ,
526 1377 559 1443 ‘0
581 1379 676 1465 πατήρ
699 1377 797 1460 ῦμεῦν,
822 1377 855 1442 Ὁ
877 1378 975 1466 πατήρ
997 1376 1078 1463 εἶχεν.

259 1490 291 1527 ¹⁴
302 1480 346 1546 λε’.
380 1480 455 1546 Ἀντί
471 1490 539 1559 τοῦ,
564 1484 694 1570 Δευτίρμ
709 1480 729 1566 ἢ
743 1486 824 1571 τρίτη
842 1489 971 1571 φυλακή,
993 1480 1255 1569 είχενἙσπερινήν
1268 1510 1321 1565 φυ-

170 1583 272 1666 λακήν.

261 1685 351 1762 16λς’.
375 1687 457 1765 Ἥξει
474 1686 492 1753 ό
506 1686 610 1771 κύριος
624 1694 677 1751 τοῦ
692 1684 800 1750 δούλου
817 1689 940 1764 ἐκείνου,
960 1688 1008 1751 καί
1025 1688 1212 1772 διχοτομήσει
1227 1687 1323 1767 ιιῦτῦν,

171 1792 220 1853 καί
243 1787 276 1853 τό
299 1792 387 1874 μέρος
409 1788 501 1855 αύτοῦ
523 1787 594 1870 μετύ
615 1796 674 1853 τιῦν
697 1786 827 1853 ύπίστων
849 1786 945 1871 θήσει.

260 1890 351 1969 ¹⁶2?-
381 1892 439 1974 Μή
454 1918 524 1957 ποτε
535 1890 686 1979 κατασύρῃ
701 1913 732 1955 σε
745 1888 820 1975 πρός
831 1888 884 1956 τόν
894 1888 1007 1975 κριτήν,
1021 1888 1103 1957 καλό
1115 1892 1221 1977 κριτής
1234 1920 1324 1981 παρτ-

171 1991 256 2058 δεόσει
279 2016 310 2058 σε
331 2002 372 2082 τῷ
395 1994 546 2080 πράκτορι,

262 2096 353 2179 ’7ληῖ
381 2090 435 2161 Ἦν
451 2097 711 2178 παρακεκομμίνον
725 2093 784 2159 ιίπό
800 2102 868 2173 τοῦ,
886 2088 1002 2161 Ἦλθόν
1014 2122 1090 2172 τινες
1104 2094 1325 2183 ἀναγγέλλοντες

172 2198 251 2289 αύτῷ
273 2202 341 2284 περὶ
364 2208 423 2264 τῶν
446 2203 620 2277 Γαλιλαίων,
652 2190 694 2261 τόν
718 2196 749 2262 τό
775 2195 848 2279 αἷμα
869 2200 1000 2281 συνέμιξε
1021 2206 1154 2275 Πιλᾶτος
1175 2198 1250 2283 μετύ
1270 2204 1325 2265 τῦν

172 2310 287 2369 θυσιῶν
304 2300 412 2379 αὐτῶν,
435 2304 489 2376 ἕως
507 2301 585 2366 ὅπου
601 2302 674 2384 λέγει
690 2302 757 2383 περὶ
772 2306 829 2365 τῶν
844 2303 875 2365 ἐν
891 2307 931 2388 τῷ
948 2300 1068 2384 Σιλωολμ
1084 2301 1239 2367 δεκαοκτολ
1255 2300 1322 2367 dm·

172 2405 328 2469 θανόντων
346 2407 376 2469 ε’ν
392 2411 432 2492 τῷ
446 2403 559 2492 πύργῳ.
605 2404 664 2466 Καὶ
683 2400 744 2480 ότι,
766 2399 836 2466 Ἐύν
851 2402 891 2485 μή
905 2402 1117 2487 μετανοήσητε,
1139 2405 1191 2469 καλ
1206 2406 1265 2481 ἕως
1275 2410 1324 2487 τῆς

174 2512 344 2590 παραβολῆς
358 2514 410 2589 τῆς
423 2514 528 2587 συκῆς,
557 2506 624 2587 περὶ
640 2497 678 2586 ής
693 2500 773 2569 εἶπεν
790 2501 808 2570 ό
823 2504 951 2591 γεωργός
974 2504 1075 2585 Ιδότι,
1105 2504 1256 2587 Σκόπτιο,
1276 2508 1326 2573 ιτσλ

172 2608 269 2691 βόλλω
292 2612 416 2692 κόπρια,
439 2611 490 2673 καὶ
512 2606 562 2672 ίύν
584 2604 624 2688 μή
646 2605 774 2695 ποιήση,
796 2608 936 2688 ἔκκοψον.

255 2710 311 2776 λθ’.
346 2709 463 2794 Ταύτην
484 2710 515 2774 δὲ
537 2711 688 2793 θυγατέρα
708 2706 840 2792 Ἀβρααμ
862 2712 965 2792 ἔδησεν
986 2708 1004 2777 ό
1025 2718 1175 2789 Σατανᾶς.

257 2812 293 2896 μ’.
325 2815 486 2897 Παρίκοψε
501 2812 599 2889 πόλιν,
619 2810 690 2876 Τότε
705 2809 820 2891 όψεσθε
833 2808 966 2897 Ἀβραύμ
979 2816 1029 2879 καλ
1040 2812 1139 2879 Ἰσαῦιι
1151 2816 1205 2881 καλ
1216 2810 1326 2897 Ἰστιῦβ

173 2917 222 2980 καί
239 2914 353 2989 πάντας
365 2913 436 2989 τούς
450 2912 613 2997 προφήτας,
635 2916 666 2979 ἐν
683 2922 718 3003 τῇ
734 2918 865 3002 βασιλείᾳ
879 2922 933 2981 τοῦ
948 2920 1033 2981 θεοῦ.
1075 2913 1154 2981 Ἀντλ
1169 2918 1203 2983 ῦλ
1218 2914 1326 2983 τοῦτον

173 3021 322 3099 ἐποίησεν,
342 3016 413 3081 Ὅτε
431 3016 544 3091 πάντας
565 3014 635 3091 τοῦς
651 3020 785 3092 δικαίους
804 3020 883 3099 ίδητε
905 3021 937 3084 ἒν
958 3026 994 3107 τῇ
1011 3022 1144 3107 βασιλείᾳ
1165 3026 1221 3086 τοῦ
1238 3026 1325 3097 θεοῦ,

172 3117 250 3202 ύμῦς
263 3120 295 3184 δὲ
309 3122 546 3202 ἐκβαλλομένους.
581 3116 759 3201 19Ἐποίησε
774 3120 816 3199 δὲ,
839 3123 1069 3204 Κρατουμένους
1082 3124 1149 3201 ἔξω,
1171 3124 1234 3203 καλ,
1251 3120 1329 3189 'Emi

174 3225 251 3288 ἐστιν
273 3219 291 3287 ό
312 3220 467 3303 κλαυθμός
488 3224 538 3286 καὶ
561 3218 578 3286 ό
601 3220 731 3308 βρυγμδς
750 3230 811 3286 τῶν
833 3219 972 3289 όδόντοον.

259 3323 315 3406 μα’.
348 3326 508 3410 Παρίκοψε
530 3322 619 3388 πόλιν
639 3322 689 3401 τό,
710 3324 853 3402 Ἥξουσιν
873 3322 932 3391 dno*
954 3323 1105 3393 όνατσλῦν
1125 3328 1179 3393 καλ
1195 3331 1326 3411 δυσμὸν,

124 3496 129 3511 ,
174 3431 223 3494 καί
240 3427 489 3511 ύνακλιθήσονται
505 3428 536 3490 ἒν
552 3434 586 3516 τῇ
604 3430 747 3514 βασιλείᾳ·
777 3429 829 3493 καλ
845 3426 894 3506 τό,
928 3431 966 3493 Οἱ
980 3431 1096 3511 ἔσχατοι
1113 3432 1230 3495 ἔσονται
1246 3434 1324 3515 πρό·

175 3558 231 3595 τοι·
254 3534 302 3596 καί
321 3528 369 3607 τό,
395 3537 572 3613 Προςήλθον
589 3534 620 3594 σί
636 3536 794 3615 Φαρισαῖοι
810 3531 953 3615 λέγοντες,
976 3530 1099 3609 Ἔξελθε
1115 3534 1166 3597 καλ
1185 3530 1327 3617 πορεύου,

173 3632 219 3698 ὅτι
235 3630 368 3717 Ἡρώδης
386 3655 417 3698 σε
435 3636 516 3697 θέλει
533 3630 715 3698 οίποκτεῖναι·
747 3635 798 3696 καὶ
815 3630 864 3711 τό,
887 3628 981 3710 Είπε,
1006 3635 1214 3718 Πορευθέντες
1230 3638 1328 3701 εἴπατε

52 3764 103 3809 μσς.
117 3751 161 3796 τισ.
176 3742 212 3824 τῇ
229 3732 355 3799 ύλύπεκι
374 3734 481 3824 ταύτη,
514 3738 568 3809 ἕως
586 3734 657 3800 ὅτου
677 3732 772 3812 εἶπεν,
805 3732 867 3798 Οῦκ
885 3737 1029 3817 ἐνδέχεται
1044 3734 1208 3821 προφήτην
1223 3734 1326 3805 ῦπσλό·

174 3848 245 3902 σθαι
264 3834 532 3922 ίξωἹερουσαλήμ·
562 3840 657 3901 20καλ
674 3836 724 3916 τό,
752 3834 955 3921 Ἰερουσαλήμ,
982 3835 1191 3923 Ἰερουσαλήμ,
1219 3836 1328 3923 ήόπσ·

173 3944 326 4005 κτείνουσα
344 3939 414 4015 τοῦς
430 3940 600 4024 προφήτας,
629 3941 679 4005 καὶ
695 3943 892 4021 λιθοβολοῦσα
909 3938 979 4016 τοῦς
995 3938 1247 4025 αίπεσταλμίνους·
1276 3942 1327 4009 ul

175 4041 224 4120 τό,
257 4041 405 4118 Πολλύτιις
426 4041 558 4125 ήθίλησα
580 4041 753 4120 ἒπισυνύξαι
776 4039 818 4117 τίς
838 4040 920 4129 όρνις
941 4042 978 4107 τοί
1000 4044 1088 4109 τίκνα
1110 4064 1179 4109 σου·
1210 4046 1263 4111 καλ
1283 4040 1327 4127 νδ,

174 4141 303 4224 Ἀφίεται
329 4142 400 4227 ύμῖν
420 4143 438 4211 ό
460 4142 542 4221 οἶκος
563 4143 660 4228 ύμτῦν·
689 4147 740 4211 καλ
759 4143 809 4225 τό,
843 4142 889 4210 Οῦ
904 4144 946 4229 μή
963 4148 1044 4229 ίδητί
1060 4170 1112 4231 με,
1143 4148 1201 4223 ἕως
1218 4152 1328 4231 τλῆτε,

175 4243 391 4331 Εύλογημίνος.

209 4432 249 4487 14.
264 4440 416 4488 θιελδιτολυτ
430 4450 539 4488 numerus
553 4439 579 4487 λα
594 4442 647 4490 edit.
656 4444 732 4501 μτίιιο.
801 4438 840 4491 15.
858 4434 895 4503 λζ’
911 4444 961 4492 cod.
977 4442 1052 4491 λὀλίο.

174 4507 246 4557 Andr.
263 4506 370 4557 Schouus
385 4521 428 4556 εαο
442 4506 547 4567 exemplo
563 4508 689 4569 adscripsit
704 4510 733 4557 de
802 4506 840 4558 λθ.
856 4506 896 4574 λη’
912 4512 964 4559 cod.
982 4509 1055 4559 Vane.

174 4576 225 4625 οοδ.
240 4574 368 4625 Vaticano:
384 4572 530 4635 „Invenitur
543 4589 657 4625 numerus
671 4572 732 4627 3ῦέ*
801 4572 839 4626 17.
857 4572 897 4629 λὲί
913 4578 964 4629 σοῦ.
980 4578 1056 4629 rene.
