3046 5084
411 320 546 372 rancun
562 321 626 373 nte.
634 323 655 373 1.
671 322 753 375 nott.
769 324 801 375 ιι.
819 323 916 374 naua.
931 323 1032 373 xxxt.
1241 311 1301 373 305

156 461 193 505 eo
209 440 274 526 ipso
289 441 413 526 quadam
428 449 530 524 posset
550 440 711 525 sapientiae
726 441 791 506 luce
808 443 958 526 pertundi,
981 463 1018 506 ue
1035 453 1163 506 aetnam
1181 443 1217 507 ad
1235 443 1302 507 sab-

155 542 214 607 bati
233 542 468 609 observationem
486 542 735 621 accommodaret,
758 564 793 606 ae
809 563 863 628 per
878 544 941 607 eins
957 565 974 607 a
993 566 1049 628 quo
1072 555 1152 607 esset
1167 554 1299 624 sanatus,

156 666 262 711 nomeu
281 646 336 710 boc
354 645 498 709 disceret:
533 647 611 706 Tolle
632 645 785 724 podatum
806 656 898 718 mum,
923 659 951 705 et
966 650 1034 706 nude
1052 651 1081 707 r'n
1099 650 1208 707 domem
1226 659 1452 727 terminumque.

155 750 280 810 subbato.
315 743 455 812 Ceterum
471 745 558 810 bona
575 745 660 810 uobis
674 755 763 809 autea
781 757 1037 810 commemoratum
1054 758 1111 825 est,
1136 748 1184 830 qui
1199 767 1239 810 ex
1252 748 1302 811 illa

156 860 236 914 secta
253 860 338 927 snut,
369 868 422 913 eos
439 850 520 911 varie
544 849 580 913 de
600 843 719 912 Cbriato
737 849 860 913 sentire.
904 846 982 912 Nam
1008 850 1083 934 qnod
1105 849 1141 912 ad
1159 846 1302 912 Ebiouem

155 951 250 1037 ipsum
266 951 408 1037 pertinet,
432 972 543 1015 merum
560 951 639 1015 illum
663 949 807 1015 bominem
833 973 874 1014 ex
898 950 1022 1014 bumauo
1046 950 1201 1014 concubitu
1225 961 1304 1035 putat

157 1074 225 1117 osse
243 1063 426 1138 prognatum.
471 1051 513 1117 At
527 1053 576 1137 qui
590 1051 734 1117 Ebionaei
751 1053 786 1116 de
805 1053 855 1116 illo
871 1054 967 1117 vocati
985 1065 1068 1131 snut,
1093 1053 1194 1117 nescio
1217 1075 1301 1136 qnam

156 1155 187 1219 in
203 1155 286 1219 coelo
303 1155 440 1220 virtutem
454 1155 594 1220 divinitus
610 1156 772 1220 obtinuisse
790 1155 891 1235 lilium,
916 1157 1096 1240 eundemque
1113 1177 1168 1219 suo
1183 1176 1215 1218 se
1230 1166 1302 1218 tem·

158 1276 229 1342 pore
244 1257 274 1321 iu
291 1258 437 1323 adamum
456 1257 640 1337 insinuasse,
664 1257 841 1342 exuisseqne
858 1269 973 1344 postea.
1020 1256 1152 1340 Quorum
1175 1259 1301 1322 omnium

159 1358 356 1444 discrepantes
377 1360 536 1425 sententias
558 1360 657 1425 diviua
679 1382 734 1444 ope
756 1361 822 1424 lreti
844 1360 985 1425 hacteuus
1007 1362 1178 1425 evertimus.

242 1460 439 1545 Quamobrem
455 1463 521 1548 qnid
544 1484 599 1548 ego
616 1462 724 1527 diutius
740 1463 928 1548 importuosis
953 1463 1011 1528 illis
1028 1464 1057 1527 iu
1077 1464 1150 1528 locis
1167 1485 1201 1526 ac
1222 1465 1303 1528 velut

159 1564 312 1628 aestuariis
328 1585 509 1642 commoror,
533 1586 608 1649 qnae
624 1565 758 1629 inundari
777 1566 860 1646 olias,
885 1567 958 1631 alias
976 1566 1121 1631 exsiccari
1139 1568 1246 1645 solent,
1266 1590 1301 1631 ae

157 1666 275 1751 piscium
292 1667 404 1753 copiam
420 1668 537 1753 saepius
550 1668 580 1730 in
596 1666 665 1730 litus
682 1667 810 1732 eiicere?
832 1668 909 1732 inter
924 1691 997 1752 quos
1012 1672 1148 1734 venenati
1171 1671 1299 1753 quidam,

156 1768 315 1833 cuiusmodi
339 1781 408 1833 snut
423 1769 609 1854 pastinacae,
633 1769 794 1833 dracaeuae
813 1771 978 1849 caniculae,
1001 1792 1175 1851 muraenae,
1200 1794 1300 1835 eornm

156 1871 204 1956 qui
223 1873 259 1936 ad
275 1893 357 1936 oram
375 1872 454 1937 illam
471 1871 617 1935 ambulant
637 1872 726 1957 pedes
743 1871 856 1935 exitiali
871 1893 1004 1953 veneno,
1027 1875 1068 1937 nti
1087 1875 1231 1954 diximus,
1256 1874 1301 1937 in·

155 1975 275 2038 testam.
319 1972 407 2038 Hunc
427 1972 517 2058 igitur
536 1973 633 2038 locum
656 1975 791 2057 ingentes
816 1975 995 2058 deogratias
1014 1997 1104 2059 agens
1122 1976 1298 2060 praeteribo,

157 2077 232 2160 qood
247 2075 320 2140 baec
336 2076 486 2162 insupera
507 2075 590 2139 nobis
607 2076 773 2161 propulsata
796 2075 835 2138 sit
851 2075 1000 2155 haeresis,
1024 2099 1110 2160 qnaur
1126 2099 1184 2141 uon
1208 2078 1302 2141 obiter

157 2179 266 2258 solnm,
291 2178 343 2242 sed
362 2199 474 2242 summa
489 2199 554 2242 com
568 2178 717 2263 diligentia
736 2178 905 2242 refellimus.
928 2176 1017 2242 Nunc
1032 2179 1066 2241 ad
1082 2178 1154 2250 alias
1171 2190 1302 2242 transea-

157 2302 238 2360 mus,
269 2303 304 2345 ae
326 2280 371 2344 dei
394 2280 568 2367 praesidium
597 2281 801 2366 imploremus,
832 2291 864 2344 ut
886 2281 960 2364 quod
984 2279 1039 2343 hoc
1061 2301 1150 2366 opere
1172 2282 1301 2366 suscepi-

157 2405 221 2448 mus
240 2383 387 2449 enmnlate
408 2404 461 2468 per
481 2404 536 2449 nos
557 2383 593 2448 ad
615 2383 726 2448 exitum
748 2383 892 2467 finemque
914 2383 1065 2469 perducat.

414 2607 640 2684 conrad
664 2606 1043 2699 VALENTINOS,

360 2726 556 2823 linostima,
592 2752 674 2824 quae
710 2735 761 2803 est
791 2728 939 2802 haeresia
964 2727 1093 2802 XXXI.

238 2877 434 2975 Posteaquam
455 2879 660 2947 Ebionitarum
682 2880 839 2967 nequitiam
860 2879 1132 2966 improbitatemque
1157 2880 1302 2965 percurri·
1331 2891 1390 2960 Gap.
1403 2896 1421 2945 t.

158 3003 238 3062 nnus,
270 3004 336 3046 cnm
359 2995 472 3048 ceteras
494 2984 617 3049 aliorum
639 2984 816 3069 serpentium
834 2985 944 3048 formas
963 3005 997 3047 ac
1013 3004 1126 3047 venena
1146 2984 1303 3048 tradituros

158 3106 213 3150 uos
227 3106 293 3150 esse
310 3085 401 3150 simos
419 3086 554 3173 polliciti,
568 3074 701 3171 'quorum
716 3097 747 3151 et
762 3085 897 3151 exitiales
915 3097 984 3151 sont
1002 3108 1135 3166 morsus,
1161 3097 1191 3149 ut
1213 3107 1252 3149 ex
1269 3087 1303 3149 il-

158 3188 251 3252 lorum
263 3188 447 3273 dogmatibus
462 3189 542 3253 velut
555 3188 632 3252 rictu
642 3189 764 3273 quodam
780 3210 921 3275 apparere
936 3201 1045 3274 potest,
1064 3202 1094 3253 et
1106 3189 1189 3272 igniti
1207 3189 1303 3252 coins-

158 3291 222 3354 dam
239 3291 438 3377 teterrimique
459 3291 563 3376 anguis
582 3301 633 3354 aut
646 3290 774 3357 basilisci
798 3296 893 3356 instar
913 3292 981 3355 editi
1005 3302 1090 3370 sunt,
1120 3292 1154 3353 ad
1171 3288 1303 3354 Valenti-

55 3415 69 3439 ·
159 3415 260 3458 norum
282 3394 330 3478 qni
353 3415 386 3458 ae
403 3392 562 3459 Gnostieos
576 3394 738 3480 appellant,
771 3395 952 3459 refutandam
979 3394 1115 3458 haeresin
1136 3413 1182 3455 me
1205 3394 1304 3456 coule-

45 3525 50 3531 ·
159 3518 237 3578 ram,
249 3497 336 3582 -qnod
352 3496 467 3581 quidem
484 3519 537 3583 pro
552 3495 632 3560 virili
652 3507 735 3582 parte
755 3498 884 3563 conabor
899 3498 1025 3561 efficere.
1071 3494 1184 3557 Horum
1206 3496 1303 3580 itaque

158 3601 257 3664 decem
273 3599 391 3663 omuino
411 3600 535 3664 divortia
550 3611 630 3665 suut.
675 3597 736 3666 Sed
753 3621 856 3665 omnes
879 3611 975 3663 tamen
990 3620 1048 3661 uno
1065 3596 1145 3661 velut
1161 3597 1220 3661 icto
1237 3620 1304 3682 pro·

157 3702 263 3788 {ligatis
281 3703 381 3768 nescio
399 3703 503 3788 quibus
520 3699 627 3767 Parum
651 3713 681 3768 et
698 3699 888 3788 Ogdoadem,
921 3711 1007 3785 atque
1028 3699 1151 3763 marium
1173 3711 1203 3764 et
1222 3702 1304 3764 lemi-

158 3826 260 3870 uarnm
275 3805 542 3889 Aeonumftemere
564 3807 695 3871 condictis
716 3807 839 3870 somniis
862 3803 1023 3888 aequaliter
1043 3802 1197 3867 landatur.
1242 3802 1306 3867 Ne-

158 3928 213 3992 que
235 3927 307 3973 aero
332 3908 363 3971 in
382 3907 497 3972 illorum
519 3909 701 3974 confutandis
726 3907 877 3973 erroribus
901 3917 1063 3991 temporum
1088 3916 1134 3970 est
1154 3906 1305 3970 retinenda

158 4011 324 4094 successio,
357 4010 408 4074 sed
432 4008 468 4074 ab
491 4032 548 4075 nna
570 4011 706 4097 progredi
729 4012 765 4074 ad
787 4010 908 4073 alteram
933 4009 1069 4073 haeresin
1095 4029 1218 4073 neeesse
1242 4019 1304 4087 est,

159 4113 294 4198 quoniam
313 4113 414 4177 eodem
436 4122 551 4176 eterra
572 4123 701 4199 tempore
720 4133 821 4177 omnes
844 4114 996 4196 longarum
1019 4112 1112 4176 instar
1133 4122 1303 4196 eruperunt.

159 4217 258 4300 Atque
273 4226 306 4280 nt
320 4215 410 4281 noxia
425 4214 590 4299 loetidaque
604 4217 744 4301 quaedam
763 4214 916 4313 barbarum
931 4215 1075 4301 germina,
1099 4214 1146 4278 vel
1163 4214 1256 4278 domis
1271 4235 1305 4277 ac

160 4419 306 4474 lemicensi.
781 4421 807 4473 6.
824 4424 861 4473 dtu
875 4424 944 4473 codd.
962 4425 1038 4472 Venet.
1053 4425 1074 4472 et
1087 4421 1184 4485 llbedip.
1216 4423 1243 4472 ln
1256 4422 1306 4470 edi-

193 4490 218 4542 ὁ.
242 4481 438 4556 deportentur
463 4485 560 4543 αἰώνων
585 4491 636 4540 eod.
662 4492 716 4542 Vm.
749 4493 779 4543 tta
795 4493 878 4554 tegitur
893 4487 1037 4559 πρόςβασιν.

159 4557 225 4608 toas
238 4558 321 4609 babeat
338 4551 534 4626 dppemtntnc'rs
552 4555 665 4614 adustos.
784 4558 808 4614 7.
826 4555 985 4627 ἐβλάστησαν
1000 4559 1051 4610 cod.
1068 4558 1123 4609 Van

211 4635 299 4696 Οοηαι
312 4637 447 4688 Haemasi.
460 4639 489 4687 u.
1063 4648 1103 4711 20
