<?xml version="1.0" encoding="UTF-8"?>
<!DOCTYPE html PUBLIC "-//W3C//DTD XHTML 1.0 Transitional//EN"
    "http://www.w3.org/TR/xhtml1/DTD/xhtml1-transitional.dtd">
<html xmlns="http://www.w3.org/1999/xhtml" xml:lang="en" lang="en">
 <head>
  <title>
</title>
<meta http-equiv="Content-Type" content="text/html;charset=utf-8" />
  <meta name='ocr-system' content='tesseract 3.04.00' />
  <meta name='ocr-capabilities' content='ocr_page ocr_carea ocr_par ocr_line ocrx_word'/>
</head>
<body>
  <div class='ocr_page' id='page_1' title='image "./corporishaerese01unkngoog_0530.png"; bbox 0 0 3046 5084; ppageno 0'>
   <div class='ocr_carea' id='block_1_1' title="bbox 392 341 1487 418">
    <p class='ocr_par' dir='ltr' id='par_1_1' title="bbox 392 341 1487 418">
     <span class='ocr_line' id='line_1_1' title="bbox 392 341 1487 418; baseline 0.002 -4"><span class='ocrx_word' id='word_1_1' title='bbox 392 363 639 416; x_wconf 73' lang='lat' dir='ltr'><strong>renutrimus.</strong></span> <span class='ocrx_word' id='word_1_2' title='bbox 656 365 1046 418; x_wconf 66' lang='lat' dir='ltr'><strong>uomttrnnsnxxxrx.</strong></span> <span class='ocrx_word' id='word_1_3' title='bbox 1233 354 1293 416; x_wconf 80' lang='lat'><strong>525</strong></span> <span class='ocrx_word' id='word_1_4' title='bbox 1370 341 1371 344; x_wconf 68' lang='grc'>’</span> <span class='ocrx_word' id='word_1_5' title='bbox 1482 377 1487 387; x_wconf 88' lang='lat'>·</span> 
     </span>
    </p>
   </div>
   <div class='ocr_carea' id='block_1_2' title="bbox 128 480 1424 3542">
    <p class='ocr_par' dir='ltr' id='par_1_2' title="bbox 136 480 1424 2002">
     <span class='ocr_line' id='line_1_2' title="bbox 141 480 1293 571; baseline 0.006 -30"><span class='ocrx_word' id='word_1_6' title='bbox 141 480 329 565; x_wconf 76' lang='lat' dir='ltr'>procuravit,</span> <span class='ocrx_word' id='word_1_7' title='bbox 364 483 450 567; x_wconf 90' lang='lat' dir='ltr'><strong>eique</strong></span> <span class='ocrx_word' id='word_1_8' title='bbox 475 484 536 548; x_wconf 81' lang='lat' dir='ltr'><strong>nim</strong></span> <span class='ocrx_word' id='word_1_9' title='bbox 563 505 647 550; x_wconf 80' lang='lat' dir='ltr'><strong>snam</strong></span> <span class='ocrx_word' id='word_1_10' title='bbox 673 483 786 548; x_wconf 75' lang='lat' dir='ltr'><strong>indidit.</strong></span> <span class='ocrx_word' id='word_1_11' title='bbox 838 482 965 549; x_wconf 79' lang='lat' dir='ltr'><strong>Proinde</strong></span> <span class='ocrx_word' id='word_1_12' title='bbox 992 486 1040 549; x_wconf 90' lang='lat' dir='ltr'><strong>vis</strong></span> <span class='ocrx_word' id='word_1_13' title='bbox 1062 485 1139 550; x_wconf 90' lang='lat' dir='ltr'><strong>illius</strong></span> <span class='ocrx_word' id='word_1_14' title='bbox 1161 484 1293 571; x_wconf 88' lang='lat' dir='ltr'><strong>saperiu-</strong></span> 
     </span>
     <span class='ocr_line' id='line_1_3' title="bbox 141 583 1293 672; baseline 0.003 -26"><span class='ocrx_word' id='word_1_15' title='bbox 141 583 184 646; x_wconf 88' lang='lat' dir='ltr'><strong>ris</strong></span> <span class='ocrx_word' id='word_1_16' title='bbox 210 583 322 647; x_wconf 87' lang='lat' dir='ltr'><strong>semina</strong></span> <span class='ocrx_word' id='word_1_17' title='bbox 347 585 486 670; x_wconf 78' lang='lat' dir='ltr'><strong>quaedam</strong></span> <span class='ocrx_word' id='word_1_18' title='bbox 508 587 651 672; x_wconf 86' lang='lat' dir='ltr'><strong>aspersit,</strong></span> <span class='ocrx_word' id='word_1_19' title='bbox 684 608 719 651; x_wconf 88' lang='lat' dir='ltr'><strong>ac</strong></span> <span class='ocrx_word' id='word_1_20' title='bbox 741 586 896 651; x_wconf 89' lang='lat' dir='ltr'><strong>scintillam</strong></span> <span class='ocrx_word' id='word_1_21' title='bbox 918 587 1053 666; x_wconf 91' lang='lat' dir='ltr'><strong>immisit,</strong></span> <span class='ocrx_word' id='word_1_22' title='bbox 1085 608 1158 672; x_wconf 88' lang='lat' dir='ltr'><strong>quae</strong></span> <span class='ocrx_word' id='word_1_23' title='bbox 1180 589 1214 650; x_wconf 90' lang='lat' dir='ltr'><strong>ad</strong></span> <span class='ocrx_word' id='word_1_24' title='bbox 1236 587 1293 671; x_wconf 90' lang='lat' dir='ltr'><strong>pri-</strong></span> 
     </span>
     <span class='ocr_line' id='line_1_4' title="bbox 143 686 1293 774; baseline 0.003 -27"><span class='ocrx_word' id='word_1_25' title='bbox 143 706 218 748; x_wconf 86' lang='lat' dir='ltr'><strong>mam</strong></span> <span class='ocrx_word' id='word_1_26' title='bbox 239 686 316 750; x_wconf 81' lang='lat' dir='ltr'><strong>illam</strong></span> <span class='ocrx_word' id='word_1_27' title='bbox 336 687 457 752; x_wconf 84' lang='lat' dir='ltr'><strong>seminis</strong></span> <span class='ocrx_word' id='word_1_28' title='bbox 477 689 713 774; x_wconf 71' lang='lat' dir='ltr'><strong>propagationem</strong></span> <span class='ocrx_word' id='word_1_29' title='bbox 733 689 1028 773; x_wconf 68' lang='lat' dir='ltr'><strong>constitutionemque</strong></span> <span class='ocrx_word' id='word_1_30' title='bbox 1050 690 1131 774; x_wconf 89' lang='lat' dir='ltr'><strong>lapsa</strong></span> <span class='ocrx_word' id='word_1_31' title='bbox 1152 690 1188 753; x_wconf 88' lang='lat' dir='ltr'><strong>de</strong></span> <span class='ocrx_word' id='word_1_32' title='bbox 1210 689 1293 753; x_wconf 87' lang='lat' dir='ltr'><strong>coelo</strong></span> 
     </span>
     <span class='ocr_line' id='line_1_5' title="bbox 141 786 1293 875; baseline 0.003 -25"><span class='ocrx_word' id='word_1_33' title='bbox 141 788 249 852; x_wconf 86' lang='lat' dir='ltr'><strong>iuerat.</strong></span> <span class='ocrx_word' id='word_1_34' title='bbox 303 786 397 872; x_wconf 79' lang='lat' dir='ltr'><strong>Quam</strong></span> <span class='ocrx_word' id='word_1_35' title='bbox 422 791 537 875; x_wconf 87' lang='lat' dir='ltr'><strong>quidem</strong></span> <span class='ocrx_word' id='word_1_36' title='bbox 561 786 949 856; x_wconf 80' lang='lat' dir='ltr'><strong>iustitiae&#39;coostnnionem</strong></span> <span class='ocrx_word' id='word_1_37' title='bbox 974 813 1008 855; x_wconf 89' lang='lat' dir='ltr'><strong>ao</strong></span> <span class='ocrx_word' id='word_1_38' title='bbox 1031 791 1151 855; x_wconf 89' lang='lat' dir='ltr'><strong>seminis</strong></span> <span class='ocrx_word' id='word_1_39' title='bbox 1175 791 1293 854; x_wconf 87' lang='lat' dir='ltr'><strong>electio-</strong></span> 
     </span>
     <span class='ocr_line' id='line_1_6' title="bbox 141 891 1293 978; baseline 0.001 -23"><span class='ocrx_word' id='word_1_40' title='bbox 141 910 206 955; x_wconf 89' lang='lat' dir='ltr'><strong>nem</strong></span> <span class='ocrx_word' id='word_1_41' title='bbox 227 891 319 955; x_wconf 88' lang='lat' dir='ltr'><strong>luissa</strong></span> <span class='ocrx_word' id='word_1_42' title='bbox 337 891 464 971; x_wconf 87' lang='lat' dir='ltr'><strong>iactant,</strong></span> <span class='ocrx_word' id='word_1_43' title='bbox 494 915 552 977; x_wconf 92' lang='lat' dir='ltr'><strong>quo</strong></span> <span class='ocrx_word' id='word_1_44' title='bbox 569 895 719 978; x_wconf 89' lang='lat' dir='ltr'><strong>utriusque</strong></span> <span class='ocrx_word' id='word_1_45' title='bbox 735 894 878 958; x_wconf 85' lang='lat' dir='ltr'><strong>beneficio</strong></span> <span class='ocrx_word' id='word_1_46' title='bbox 893 895 1063 977; x_wconf 80' lang='lat' dir='ltr'><strong>angelorum</strong></span> <span class='ocrx_word' id='word_1_47' title='bbox 1082 893 1162 958; x_wconf 85' lang='lat' dir='ltr'><strong>vires</strong></span> <span class='ocrx_word' id='word_1_48' title='bbox 1178 903 1293 957; x_wconf 87' lang='lat' dir='ltr'><strong>everte·</strong></span> 
     </span>
     <span class='ocr_line' id='line_1_7' title="bbox 139 994 1292 1081; baseline 0.003 -25"><span class='ocrx_word' id='word_1_49' title='bbox 139 1003 258 1074; x_wconf 89' lang='lat' dir='ltr'><strong>rentur,</strong></span> <span class='ocrx_word' id='word_1_50' title='bbox 282 994 377 1078; x_wconf 91' lang='lat' dir='ltr'><strong>quiet</strong></span> <span class='ocrx_word' id='word_1_51' title='bbox 394 997 528 1059; x_wconf 88' lang='lat' dir='ltr'><strong>muudum</strong></span> <span class='ocrx_word' id='word_1_52' title='bbox 545 995 778 1075; x_wconf 78' lang='lat' dir='ltr'><strong>fabricaverant,</strong></span> <span class='ocrx_word' id='word_1_53' title='bbox 802 1006 833 1060; x_wconf 91' lang='lat' dir='ltr'><strong>et</strong></span> <span class='ocrx_word' id='word_1_54' title='bbox 848 997 921 1059; x_wconf 89' lang='lat' dir='ltr'><strong>duos</strong></span> <span class='ocrx_word' id='word_1_55' title='bbox 938 996 1069 1059; x_wconf 80' lang='lat' dir='ltr'><strong>bonaincs</strong></span> <span class='ocrx_word' id='word_1_56' title='bbox 1086 995 1170 1059; x_wconf 91' lang='lat' dir='ltr'><strong>initio</strong></span> <span class='ocrx_word' id='word_1_57' title='bbox 1187 996 1292 1081; x_wconf 88' lang='lat' dir='ltr'><strong>produ·</strong></span> 
     </span>
     <span class='ocr_line' id='line_1_8' title="bbox 138 1093 1291 1183; baseline 0 -23"><span class='ocrx_word' id='word_1_58' title='bbox 138 1105 256 1160; x_wconf 76' lang='lat' dir='ltr'><strong>serant.</strong></span> <span class='ocrx_word' id='word_1_59' title='bbox 303 1093 386 1179; x_wconf 79' lang='lat' dir='ltr'><strong>Quas</strong></span> <span class='ocrx_word' id='word_1_60' title='bbox 408 1098 445 1161; x_wconf 94' lang='lat' dir='ltr'><strong>ob</strong></span> <span class='ocrx_word' id='word_1_61' title='bbox 462 1119 583 1163; x_wconf 90' lang='lat' dir='ltr'><strong>caussas</strong></span> <span class='ocrx_word' id='word_1_62' title='bbox 600 1096 683 1165; x_wconf 87' lang='lat' dir='ltr'><strong>Setbi</strong></span> <span class='ocrx_word' id='word_1_63' title='bbox 702 1119 796 1183; x_wconf 82' lang='lat' dir='ltr'><strong>genus</strong></span> <span class='ocrx_word' id='word_1_64' title='bbox 812 1098 969 1183; x_wconf 89' lang='lat' dir='ltr'><strong>separatim</strong></span> <span class='ocrx_word' id='word_1_65' title='bbox 988 1099 1023 1160; x_wconf 89' lang='lat' dir='ltr'><strong>ab</strong></span> <span class='ocrx_word' id='word_1_66' title='bbox 1042 1099 1091 1161; x_wconf 91' lang='lat' dir='ltr'><strong>illa</strong></span> <span class='ocrx_word' id='word_1_67' title='bbox 1109 1098 1223 1182; x_wconf 82' lang='lat' dir='ltr'><strong>origine</strong></span> <span class='ocrx_word' id='word_1_68' title='bbox 1242 1099 1291 1161; x_wconf 90' lang='lat' dir='ltr'><strong>da-</strong></span> 
     </span>
     <span class='ocr_line' id='line_1_9' title="bbox 139 1197 1291 1286; baseline 0.003 -25"><span class='ocrx_word' id='word_1_69' title='bbox 139 1197 255 1262; x_wconf 89' lang='lat' dir='ltr'><strong>ductom</strong></span> <span class='ocrx_word' id='word_1_70' title='bbox 272 1210 334 1280; x_wconf 93' lang='lat' dir='ltr'><strong>cst,</strong></span> <span class='ocrx_word' id='word_1_71' title='bbox 358 1211 458 1286; x_wconf 89' lang='lat' dir='ltr'><strong>utpote</strong></span> <span class='ocrx_word' id='word_1_72' title='bbox 473 1202 597 1265; x_wconf 88' lang='lat' dir='ltr'><strong>electum</strong></span> <span class='ocrx_word' id='word_1_73' title='bbox 615 1211 645 1265; x_wconf 91' lang='lat' dir='ltr'><strong>et</strong></span> <span class='ocrx_word' id='word_1_74' title='bbox 660 1201 696 1264; x_wconf 91' lang='lat' dir='ltr'><strong>ab</strong></span> <span class='ocrx_word' id='word_1_75' title='bbox 713 1202 822 1286; x_wconf 89' lang='lat' dir='ltr'><strong>reliqua</strong></span> <span class='ocrx_word' id='word_1_76' title='bbox 838 1201 930 1286; x_wconf 87' lang='lat' dir='ltr'><strong>stirpe</strong></span> <span class='ocrx_word' id='word_1_77' title='bbox 944 1203 1118 1265; x_wconf 88' lang='lat' dir='ltr'><strong>seiunctum.</strong></span> <span class='ocrx_word' id='word_1_78' title='bbox 1165 1198 1291 1283; x_wconf 85' lang='lat' dir='ltr'><strong>Progre-</strong></span> 
     </span>
     <span class='ocr_line' id='line_1_10' title="bbox 139 1301 1287 1389; baseline 0.001 -25"><span class='ocrx_word' id='word_1_79' title='bbox 139 1301 283 1365; x_wconf 87' lang='lat' dir='ltr'><strong>dicntibus</strong></span> <span class='ocrx_word' id='word_1_80' title='bbox 304 1302 441 1389; x_wconf 83' lang='lat' dir='ltr'><strong>deinceps</strong></span> <span class='ocrx_word' id='word_1_81' title='bbox 463 1303 658 1389; x_wconf 79' lang='lat' dir='ltr'><strong>temporibus,</strong></span> <span class='ocrx_word' id='word_1_82' title='bbox 690 1314 721 1366; x_wconf 93' lang='lat' dir='ltr'><strong>et</strong></span> <span class='ocrx_word' id='word_1_83' title='bbox 739 1313 862 1387; x_wconf 89' lang='lat' dir='ltr'><strong>utraque</strong></span> <span class='ocrx_word' id='word_1_84' title='bbox 880 1303 980 1366; x_wconf 90' lang='lat' dir='ltr'><strong>sobole</strong></span> <span class='ocrx_word' id='word_1_85' title='bbox 999 1304 1027 1366; x_wconf 93' lang='lat' dir='ltr'><strong>in</strong></span> <span class='ocrx_word' id='word_1_86' title='bbox 1046 1327 1135 1367; x_wconf 89' lang='lat' dir='ltr'><strong>nuum</strong></span> <span class='ocrx_word' id='word_1_87' title='bbox 1152 1304 1287 1379; x_wconf 85' lang='lat' dir='ltr'><strong>conlata,</strong></span> 
     </span>
     <span class='ocr_line' id='line_1_11' title="bbox 138 1401 1288 1491; baseline 0.003 -25"><span class='ocrx_word' id='word_1_88' title='bbox 138 1403 193 1466; x_wconf 90' lang='lat' dir='ltr'><strong>bno</strong></span> <span class='ocrx_word' id='word_1_89' title='bbox 207 1415 253 1468; x_wconf 90' lang='lat' dir='ltr'><strong>est</strong></span> <span class='ocrx_word' id='word_1_90' title='bbox 268 1401 362 1469; x_wconf 86' lang='lat' dir='ltr'><strong>Caino</strong></span> <span class='ocrx_word' id='word_1_91' title='bbox 378 1416 409 1470; x_wconf 91' lang='lat' dir='ltr'><strong>et</strong></span> <span class='ocrx_word' id='word_1_92' title='bbox 422 1405 518 1470; x_wconf 75' lang='lat' dir='ltr'><strong>Abelo</strong></span> <span class='ocrx_word' id='word_1_93' title='bbox 533 1405 775 1471; x_wconf 89' lang='lat' dir='ltr'><strong>convenientibus</strong></span> <span class='ocrx_word' id='word_1_94' title='bbox 789 1406 973 1489; x_wconf 79' lang='lat' dir='ltr'><strong>invicemque</strong></span> <span class='ocrx_word' id='word_1_95' title='bbox 987 1408 1144 1491; x_wconf 84' lang='lat' dir='ltr'><strong>permistis,</strong></span> <span class='ocrx_word' id='word_1_96' title='bbox 1162 1406 1288 1470; x_wconf 91' lang='lat' dir='ltr'><strong>omnium</strong></span> 
     </span>
     <span class='ocr_line' id='line_1_12' title="bbox 136 1503 1288 1593; baseline 0.002 -23"><span class='ocrx_word' id='word_1_97' title='bbox 136 1503 290 1571; x_wconf 83' lang='lat' dir='ltr'><strong>Materea</strong></span> <span class='ocrx_word' id='word_1_98' title='bbox 309 1529 342 1572; x_wconf 92' lang='lat' dir='ltr'><strong>re</strong></span> <span class='ocrx_word' id='word_1_99' title='bbox 362 1508 564 1573; x_wconf 85' lang='lat' dir='ltr'><strong>animadversa</strong></span> <span class='ocrx_word' id='word_1_100' title='bbox 584 1509 703 1592; x_wconf 80' lang='lat' dir='ltr'><strong>generis</strong></span> <span class='ocrx_word' id='word_1_101' title='bbox 723 1508 839 1572; x_wconf 88' lang='lat' dir='ltr'><strong>bomani</strong></span> <span class='ocrx_word' id='word_1_102' title='bbox 858 1508 969 1572; x_wconf 88' lang='lat' dir='ltr'><strong>semina</strong></span> <span class='ocrx_word' id='word_1_103' title='bbox 989 1509 1103 1593; x_wconf 83' lang='lat' dir='ltr'><strong>integra</strong></span> <span class='ocrx_word' id='word_1_104' title='bbox 1122 1531 1156 1572; x_wconf 89' lang='lat' dir='ltr'><strong>ac</strong></span> <span class='ocrx_word' id='word_1_105' title='bbox 1174 1509 1288 1573; x_wconf 87' lang='lat' dir='ltr'><strong>sincera</strong></span> 
     </span>
     <span class='ocr_line' id='line_1_13' title="bbox 138 1609 1287 1694; baseline 0.001 -22"><span class='ocrx_word' id='word_1_106' title='bbox 138 1621 363 1694; x_wconf 87' lang='lat' dir='ltr'><strong>repraesentare</strong></span> <span class='ocrx_word' id='word_1_107' title='bbox 379 1611 547 1690; x_wconf 88' lang='lat' dir='ltr'><strong>constituit,</strong></span> <span class='ocrx_word' id='word_1_108' title='bbox 571 1632 654 1690; x_wconf 87' lang='lat' dir='ltr'><strong>cnm,</strong></span> <span class='ocrx_word' id='word_1_109' title='bbox 679 1613 720 1674; x_wconf 88' lang='lat' dir='ltr'><strong>uti</strong></span> <span class='ocrx_word' id='word_1_110' title='bbox 738 1611 876 1689; x_wconf 86' lang='lat' dir='ltr'><strong>diximus,</strong></span> <span class='ocrx_word' id='word_1_111' title='bbox 900 1611 978 1674; x_wconf 78' lang='lat' dir='ltr'><strong>atet</strong></span> <span class='ocrx_word' id='word_1_112' title='bbox 995 1622 1076 1675; x_wconf 88' lang='lat' dir='ltr'><strong>esset</strong></span> <span class='ocrx_word' id='word_1_113' title='bbox 1091 1611 1217 1675; x_wconf 89' lang='lat' dir='ltr'><strong>occisus.</strong></span> <span class='ocrx_word' id='word_1_114' title='bbox 1254 1609 1287 1674; x_wconf 90' lang='lat' dir='ltr'><strong>ln</strong></span> 
     </span>
     <span class='ocr_line' id='line_1_14' title="bbox 138 1706 1288 1799; baseline 0.001 -24"><span class='ocrx_word' id='word_1_115' title='bbox 138 1706 262 1775; x_wconf 88' lang='lat' dir='ltr'><strong>Setlnrm</strong></span> <span class='ocrx_word' id='word_1_116' title='bbox 279 1713 348 1776; x_wconf 93' lang='lat' dir='ltr'><strong>illud</strong></span> <span class='ocrx_word' id='word_1_117' title='bbox 367 1713 491 1797; x_wconf 82' lang='lat' dir='ltr'><strong>delegit,</strong></span> <span class='ocrx_word' id='word_1_118' title='bbox 524 1722 555 1776; x_wconf 87' lang='lat' dir='ltr'><strong>et</strong></span> <span class='ocrx_word' id='word_1_119' title='bbox 572 1712 608 1775; x_wconf 88' lang='lat' dir='ltr'><strong>ab</strong></span> <span class='ocrx_word' id='word_1_120' title='bbox 628 1712 707 1776; x_wconf 92' lang='lat' dir='ltr'><strong>omni</strong></span> <span class='ocrx_word' id='word_1_121' title='bbox 726 1712 790 1776; x_wconf 87' lang='lat' dir='ltr'><strong>labe</strong></span> <span class='ocrx_word' id='word_1_122' title='bbox 811 1735 910 1799; x_wconf 87' lang='lat' dir='ltr'><strong>purum</strong></span> <span class='ocrx_word' id='word_1_123' title='bbox 929 1715 1066 1776; x_wconf 90' lang='lat' dir='ltr'><strong>ostendit.</strong></span> <span class='ocrx_word' id='word_1_124' title='bbox 1113 1712 1147 1777; x_wconf 94' lang='lat' dir='ltr'><strong>ln</strong></span> <span class='ocrx_word' id='word_1_125' title='bbox 1167 1736 1288 1798; x_wconf 91' lang='lat' dir='ltr'><strong>eumque</strong></span> 
     </span>
     <span class='ocr_line' id='line_1_15' title="bbox 138 1814 1176 1899; baseline 0.002 -23"><span class='ocrx_word' id='word_1_126' title='bbox 138 1814 231 1877; x_wconf 88' lang='lat' dir='ltr'><strong>solum</strong></span> <span class='ocrx_word' id='word_1_127' title='bbox 255 1816 393 1880; x_wconf 89' lang='lat' dir='ltr'><strong>coelestis</strong></span> <span class='ocrx_word' id='word_1_128' title='bbox 414 1815 492 1878; x_wconf 93' lang='lat' dir='ltr'><strong>illius</strong></span> <span class='ocrx_word' id='word_1_129' title='bbox 513 1816 560 1878; x_wconf 88' lang='lat' dir='ltr'><strong>vis</strong></span> <span class='ocrx_word' id='word_1_130' title='bbox 582 1836 654 1879; x_wconf 91' lang='lat' dir='ltr'><strong>auae</strong></span> <span class='ocrx_word' id='word_1_131' title='bbox 676 1836 712 1878; x_wconf 93' lang='lat' dir='ltr'><strong>ac</strong></span> <span class='ocrx_word' id='word_1_132' title='bbox 732 1814 910 1880; x_wconf 84' lang='lat' dir='ltr'><strong>sinceritatis</strong></span> <span class='ocrx_word' id='word_1_133' title='bbox 932 1836 1026 1899; x_wconf 82' lang='lat' dir='ltr'><strong>genus</strong></span> <span class='ocrx_word' id='word_1_134' title='bbox 1048 1815 1176 1880; x_wconf 86' lang='lat' dir='ltr'><strong>immisit.</strong></span> 
     </span>
     <span class='ocr_line' id='line_1_16' title="bbox 218 1915 1424 2002; baseline -0.001 -21"><span class='ocrx_word' id='word_1_135' title='bbox 218 1915 349 1982; x_wconf 85' lang='lat' dir='ltr'><strong>Rursum</strong></span> <span class='ocrx_word' id='word_1_136' title='bbox 363 1939 435 1982; x_wconf 90' lang='lat' dir='ltr'><strong>vero</strong></span> <span class='ocrx_word' id='word_1_137' title='bbox 453 1939 516 1982; x_wconf 91' lang='lat' dir='ltr'><strong>cnm</strong></span> <span class='ocrx_word' id='word_1_138' title='bbox 534 1917 727 2002; x_wconf 88' lang='lat' dir='ltr'><strong>promiscuam</strong></span> <span class='ocrx_word' id='word_1_139' title='bbox 744 1917 990 2002; x_wconf 86' lang='lat' dir='ltr'><strong>perturbationem</strong></span> <span class='ocrx_word' id='word_1_140' title='bbox 1008 1928 1038 1981; x_wconf 90' lang='lat' dir='ltr'><strong>et</strong></span> <span class='ocrx_word' id='word_1_141' title='bbox 1052 1918 1221 2000; x_wconf 83' lang='lat' dir='ltr'><strong>ortgelornm</strong></span> <span class='ocrx_word' id='word_1_142' title='bbox 1238 1918 1287 1980; x_wconf 92' lang='lat' dir='ltr'><strong>bo·</strong></span> <span class='ocrx_word' id='word_1_143' title='bbox 1308 1922 1367 1989; x_wconf 78' lang='lat' dir='ltr'><strong>Cap.</strong></span> <span class='ocrx_word' id='word_1_144' title='bbox 1382 1925 1424 1975; x_wconf 89' lang='lat' dir='ltr'><strong>ttt.</strong></span> 
     </span>
    </p>

    <p class='ocr_par' dir='ltr' id='par_1_3' title="bbox 128 2019 1287 3542">
     <span class='ocr_line' id='line_1_17' title="bbox 134 2019 1287 2105; baseline 0 -23"><span class='ocrx_word' id='word_1_145' title='bbox 134 2019 301 2105; x_wconf 82' lang='lat' dir='ltr'><strong>minumtque</strong></span> <span class='ocrx_word' id='word_1_146' title='bbox 317 2021 491 2086; x_wconf 89' lang='lat' dir='ltr'><strong>temerarios</strong></span> <span class='ocrx_word' id='word_1_147' title='bbox 505 2021 628 2105; x_wconf 85' lang='lat' dir='ltr'><strong>impetus</strong></span> <span class='ocrx_word' id='word_1_148' title='bbox 643 2030 796 2099; x_wconf 88' lang='lat' dir='ltr'><strong>cerneret,</strong></span> <span class='ocrx_word' id='word_1_149' title='bbox 821 2021 896 2104; x_wconf 91' lang='lat' dir='ltr'><strong>quod</strong></span> <span class='ocrx_word' id='word_1_150' title='bbox 913 2019 1064 2083; x_wconf 88' lang='lat' dir='ltr'><strong>commista</strong></span> <span class='ocrx_word' id='word_1_151' title='bbox 1079 2019 1164 2084; x_wconf 90' lang='lat' dir='ltr'><strong>simul</strong></span> <span class='ocrx_word' id='word_1_152' title='bbox 1179 2041 1287 2104; x_wconf 83' lang='lat' dir='ltr'><strong>genera</strong></span> 
     </span>
     <span class='ocr_line' id='line_1_18' title="bbox 133 2121 1286 2208; baseline 0 -23"><span class='ocrx_word' id='word_1_153' title='bbox 133 2121 183 2186; x_wconf 89' lang='lat' dir='ltr'><strong>illa</strong></span> <span class='ocrx_word' id='word_1_154' title='bbox 205 2123 262 2186; x_wconf 91' lang='lat' dir='ltr'><strong>duo</strong></span> <span class='ocrx_word' id='word_1_155' title='bbox 286 2123 426 2202; x_wconf 88' lang='lat' dir='ltr'><strong>luissent,</strong></span> <span class='ocrx_word' id='word_1_156' title='bbox 458 2144 515 2208; x_wconf 89' lang='lat' dir='ltr'><strong>qua</strong></span> <span class='ocrx_word' id='word_1_157' title='bbox 537 2143 579 2185; x_wconf 88' lang='lat' dir='ltr'><strong>ex</strong></span> <span class='ocrx_word' id='word_1_158' title='bbox 600 2123 773 2187; x_wconf 72' lang='lat' dir='ltr'><strong>conluuione</strong></span> <span class='ocrx_word' id='word_1_159' title='bbox 795 2143 871 2185; x_wconf 86' lang='lat' dir='ltr'><strong>nova</strong></span> <span class='ocrx_word' id='word_1_160' title='bbox 893 2123 1032 2206; x_wconf 88' lang='lat' dir='ltr'><strong>quaedam</strong></span> <span class='ocrx_word' id='word_1_161' title='bbox 1056 2132 1157 2185; x_wconf 90' lang='lat' dir='ltr'><strong>essent</strong></span> <span class='ocrx_word' id='word_1_162' title='bbox 1178 2143 1286 2206; x_wconf 81' lang='lat' dir='ltr'><strong>genera</strong></span> 
     </span>
     <span class='ocr_line' id='line_1_19' title="bbox 133 2223 1286 2310; baseline 0 -22"><span class='ocrx_word' id='word_1_163' title='bbox 133 2227 306 2306; x_wconf 86' lang='lat' dir='ltr'><strong>constituta,</strong></span> <span class='ocrx_word' id='word_1_164' title='bbox 339 2228 439 2291; x_wconf 91' lang='lat' dir='ltr'><strong>eadem</strong></span> <span class='ocrx_word' id='word_1_165' title='bbox 458 2226 507 2290; x_wconf 89' lang='lat' dir='ltr'><strong>illa</strong></span> <span class='ocrx_word' id='word_1_166' title='bbox 525 2223 639 2288; x_wconf 82' lang='lat' dir='ltr'><strong>Parcus</strong></span> <span class='ocrx_word' id='word_1_167' title='bbox 657 2224 766 2288; x_wconf 80' lang='lat' dir='ltr'><strong>lentina</strong></span> <span class='ocrx_word' id='word_1_168' title='bbox 782 2223 973 2310; x_wconf 85' lang='lat' dir='ltr'><strong>progrediens</strong></span> <span class='ocrx_word' id='word_1_169' title='bbox 992 2245 1131 2307; x_wconf 86' lang='lat' dir='ltr'><strong>aquarum</strong></span> <span class='ocrx_word' id='word_1_170' title='bbox 1152 2225 1286 2288; x_wconf 83' lang='lat' dir='ltr'><strong>eluvione</strong></span> 
     </span>
     <span class='ocr_line' id='line_1_20' title="bbox 133 2327 1286 2412; baseline -0.001 -21"><span class='ocrx_word' id='word_1_171' title='bbox 133 2327 309 2393; x_wconf 87' lang='lat' dir='ltr'><strong>contrariam</strong></span> <span class='ocrx_word' id='word_1_172' title='bbox 338 2349 453 2392; x_wconf 88' lang='lat' dir='ltr'><strong>omnem</strong></span> <span class='ocrx_word' id='word_1_173' title='bbox 479 2328 635 2392; x_wconf 82' lang='lat' dir='ltr'><strong>factionem</strong></span> <span class='ocrx_word' id='word_1_174' title='bbox 663 2327 791 2391; x_wconf 75' lang='lat' dir='ltr'><strong>funditus</strong></span> <span class='ocrx_word' id='word_1_175' title='bbox 819 2327 965 2404; x_wconf 86' lang='lat' dir='ltr'><strong>extinxit,</strong></span> <span class='ocrx_word' id='word_1_176' title='bbox 1002 2337 1032 2388; x_wconf 92' lang='lat' dir='ltr'><strong>ut</strong></span> <span class='ocrx_word' id='word_1_177' title='bbox 1058 2327 1224 2412; x_wconf 88' lang='lat' dir='ltr'><strong>incorrupta</strong></span> <span class='ocrx_word' id='word_1_178' title='bbox 1251 2349 1286 2390; x_wconf 88' lang='lat' dir='ltr'><strong>ao</strong></span> 
     </span>
     <span class='ocr_line' id='line_1_21' title="bbox 132 2427 1286 2516; baseline 0.001 -24"><span class='ocrx_word' id='word_1_179' title='bbox 132 2429 210 2495; x_wconf 89' lang='lat' dir='ltr'><strong>iusta</strong></span> <span class='ocrx_word' id='word_1_180' title='bbox 231 2427 314 2495; x_wconf 77' lang='lat' dir='ltr'><strong>Setini</strong></span> <span class='ocrx_word' id='word_1_181' title='bbox 337 2431 425 2516; x_wconf 90' lang='lat' dir='ltr'><strong>stirps</strong></span> <span class='ocrx_word' id='word_1_182' title='bbox 448 2430 483 2494; x_wconf 91' lang='lat' dir='ltr'><strong>ad</strong></span> <span class='ocrx_word' id='word_1_183' title='bbox 507 2430 636 2494; x_wconf 85' lang='lat' dir='ltr'><strong>coeleste</strong></span> <span class='ocrx_word' id='word_1_184' title='bbox 657 2449 751 2513; x_wconf 81' lang='lat' dir='ltr'><strong>genus</strong></span> <span class='ocrx_word' id='word_1_185' title='bbox 772 2428 986 2512; x_wconf 82' lang='lat' dir='ltr'><strong>scintillamque</strong></span> <span class='ocrx_word' id='word_1_186' title='bbox 1008 2429 1135 2492; x_wconf 88' lang='lat' dir='ltr'><strong>iustitiae</strong></span> <span class='ocrx_word' id='word_1_187' title='bbox 1158 2430 1286 2493; x_wconf 77' lang='lat' dir='ltr'><strong>catillan-</strong></span> 
     </span>
     <span class='ocr_line' id='line_1_22' title="bbox 132 2528 1286 2616; baseline 0 -20"><span class='ocrx_word' id='word_1_188' title='bbox 132 2533 198 2597; x_wconf 87' lang='lat' dir='ltr'><strong>dam</strong></span> <span class='ocrx_word' id='word_1_189' title='bbox 214 2532 243 2596; x_wconf 93' lang='lat' dir='ltr'><strong>iu</strong></span> <span class='ocrx_word' id='word_1_190' title='bbox 261 2532 349 2597; x_wconf 89' lang='lat' dir='ltr'><strong>terris</strong></span> <span class='ocrx_word' id='word_1_191' title='bbox 365 2533 427 2596; x_wconf 87' lang='lat' dir='ltr'><strong>sola</strong></span> <span class='ocrx_word' id='word_1_192' title='bbox 444 2533 633 2597; x_wconf 84' lang='lat' dir='ltr'><strong>retineretur.</strong></span> <span class='ocrx_word' id='word_1_193' title='bbox 678 2528 790 2595; x_wconf 88' lang='lat' dir='ltr'><strong>Verum</strong></span> <span class='ocrx_word' id='word_1_194' title='bbox 810 2531 882 2594; x_wconf 92' lang='lat' dir='ltr'><strong>clam</strong></span> <span class='ocrx_word' id='word_1_195' title='bbox 900 2532 962 2616; x_wconf 91' lang='lat' dir='ltr'><strong>ipsa</strong></span> <span class='ocrx_word' id='word_1_196' title='bbox 977 2553 1080 2596; x_wconf 84' lang='lat' dir='ltr'><strong>rursus</strong></span> <span class='ocrx_word' id='word_1_197' title='bbox 1094 2533 1189 2616; x_wconf 85' lang='lat' dir='ltr'><strong>angeli</strong></span> <span class='ocrx_word' id='word_1_198' title='bbox 1209 2530 1286 2597; x_wconf 80' lang='lat' dir='ltr'><strong>Clan-</strong></span> 
     </span>
     <span class='ocr_line' id='line_1_23' title="bbox 133 2632 1285 2720; baseline 0 -22"><span class='ocrx_word' id='word_1_199' title='bbox 133 2656 211 2698; x_wconf 90' lang='lat' dir='ltr'><strong>mum</strong></span> <span class='ocrx_word' id='word_1_200' title='bbox 231 2656 249 2698; x_wconf 90' lang='lat' dir='ltr'><strong>e</strong></span> <span class='ocrx_word' id='word_1_201' title='bbox 268 2656 378 2720; x_wconf 86' lang='lat' dir='ltr'><strong>genere</strong></span> <span class='ocrx_word' id='word_1_202' title='bbox 398 2657 452 2700; x_wconf 89' lang='lat' dir='ltr'><strong>suo</strong></span> <span class='ocrx_word' id='word_1_203' title='bbox 470 2646 641 2720; x_wconf 86' lang='lat' dir='ltr'><strong>prognatum</strong></span> <span class='ocrx_word' id='word_1_204' title='bbox 659 2633 689 2697; x_wconf 92' lang='lat' dir='ltr'><strong>iu</strong></span> <span class='ocrx_word' id='word_1_205' title='bbox 707 2655 805 2698; x_wconf 87' lang='lat' dir='ltr'><strong>arcam</strong></span> <span class='ocrx_word' id='word_1_206' title='bbox 824 2635 1023 2697; x_wconf 86' lang='lat' dir='ltr'><strong>introducunt.</strong></span> <span class='ocrx_word' id='word_1_207' title='bbox 1069 2632 1146 2698; x_wconf 87' lang='lat' dir='ltr'><strong>Nam</strong></span> <span class='ocrx_word' id='word_1_208' title='bbox 1164 2657 1204 2698; x_wconf 87' lang='lat' dir='ltr'><strong>ex</strong></span> <span class='ocrx_word' id='word_1_209' title='bbox 1219 2647 1285 2698; x_wconf 90' lang='lat' dir='ltr'><strong>octo</strong></span> 
     </span>
     <span class='ocr_line' id='line_1_24' title="bbox 132 2735 1286 2822; baseline 0.001 -22"><span class='ocrx_word' id='word_1_210' title='bbox 132 2737 275 2822; x_wconf 82' lang='lat' dir='ltr'><strong>capitibus</strong></span> <span class='ocrx_word' id='word_1_211' title='bbox 299 2739 373 2818; x_wconf 86' lang='lat' dir='ltr'><strong>illia,</strong></span> <span class='ocrx_word' id='word_1_212' title='bbox 407 2738 535 2822; x_wconf 89' lang='lat' dir='ltr'><strong>quaein</strong></span> <span class='ocrx_word' id='word_1_213' title='bbox 558 2735 668 2802; x_wconf 80' lang='lat' dir='ltr'><strong>Noiimi</strong></span> <span class='ocrx_word' id='word_1_214' title='bbox 694 2758 763 2801; x_wconf 88' lang='lat' dir='ltr'><strong>arca</strong></span> <span class='ocrx_word' id='word_1_215' title='bbox 788 2747 905 2800; x_wconf 84' lang='lat' dir='ltr'><strong>serrata</strong></span> <span class='ocrx_word' id='word_1_216' title='bbox 930 2738 1082 2822; x_wconf 85' lang='lat' dir='ltr'><strong>leguntur,</strong></span> <span class='ocrx_word' id='word_1_217' title='bbox 1115 2737 1286 2802; x_wconf 83' lang='lat' dir='ltr'><strong>sincerioris</strong></span> 
     </span>
     <span class='ocr_line' id='line_1_25' title="bbox 130 2837 1284 2926; baseline 0.001 -23"><span class='ocrx_word' id='word_1_218' title='bbox 130 2841 249 2925; x_wconf 77' lang='lat' dir='ltr'><strong>generis</strong></span> <span class='ocrx_word' id='word_1_219' title='bbox 272 2852 392 2926; x_wconf 88' lang='lat' dir='ltr'><strong>septena</strong></span> <span class='ocrx_word' id='word_1_220' title='bbox 414 2840 506 2905; x_wconf 87' lang='lat' dir='ltr'><strong>luisse</strong></span> <span class='ocrx_word' id='word_1_221' title='bbox 528 2839 714 2926; x_wconf 89' lang='lat' dir='ltr'><strong>praedicant,</strong></span> <span class='ocrx_word' id='word_1_222' title='bbox 747 2850 882 2904; x_wconf 84' lang='lat' dir='ltr'><strong>octavum</strong></span> <span class='ocrx_word' id='word_1_223' title='bbox 906 2861 978 2905; x_wconf 84' lang='lat' dir='ltr'><strong>vcro</strong></span> <span class='ocrx_word' id='word_1_224' title='bbox 1001 2842 1119 2904; x_wconf 90' lang='lat' dir='ltr'><strong>nomine</strong></span> <span class='ocrx_word' id='word_1_225' title='bbox 1142 2837 1284 2906; x_wconf 84' lang='lat' dir='ltr'><strong>Clramum</strong></span> 
     </span>
     <span class='ocr_line' id='line_1_26' title="bbox 130 2940 1284 3028; baseline 0.002 -23"><span class='ocrx_word' id='word_1_226' title='bbox 130 2941 167 3006; x_wconf 91' lang='lat' dir='ltr'><strong>ab</strong></span> <span class='ocrx_word' id='word_1_227' title='bbox 185 2943 281 3007; x_wconf 90' lang='lat' dir='ltr'><strong>aliena</strong></span> <span class='ocrx_word' id='word_1_228' title='bbox 302 2944 334 3008; x_wconf 89' lang='lat' dir='ltr'><strong>vi</strong></span> <span class='ocrx_word' id='word_1_229' title='bbox 351 2944 521 3028; x_wconf 89' lang='lat' dir='ltr'><strong>productum</strong></span> <span class='ocrx_word' id='word_1_230' title='bbox 540 2942 660 3007; x_wconf 88' lang='lat' dir='ltr'><strong>latuisse</strong></span> <span class='ocrx_word' id='word_1_231' title='bbox 679 2941 836 3007; x_wconf 84' lang='lat' dir='ltr'><strong>coelestem</strong></span> <span class='ocrx_word' id='word_1_232' title='bbox 853 2940 1000 3022; x_wconf 88' lang='lat' dir='ltr'><strong>Matrem,</strong></span> <span class='ocrx_word' id='word_1_233' title='bbox 1036 2954 1065 3007; x_wconf 89' lang='lat' dir='ltr'><strong>et</strong></span> <span class='ocrx_word' id='word_1_234' title='bbox 1082 2943 1111 3007; x_wconf 92' lang='lat' dir='ltr'><strong>in</strong></span> <span class='ocrx_word' id='word_1_235' title='bbox 1130 2945 1284 3008; x_wconf 82' lang='lat' dir='ltr'><strong>arramir-</strong></span> 
     </span>
     <span class='ocr_line' id='line_1_27' title="bbox 128 3045 1281 3131; baseline 0.001 -22"><span class='ocrx_word' id='word_1_236' title='bbox 128 3045 275 3131; x_wconf 87' lang='lat' dir='ltr'><strong>repsissc,</strong></span> <span class='ocrx_word' id='word_1_237' title='bbox 308 3056 337 3109; x_wconf 91' lang='lat' dir='ltr'><strong>et</strong></span> <span class='ocrx_word' id='word_1_238' title='bbox 355 3047 383 3110; x_wconf 93' lang='lat' dir='ltr'><strong>id</strong></span> <span class='ocrx_word' id='word_1_239' title='bbox 401 3046 496 3130; x_wconf 89' lang='lat' dir='ltr'><strong>ipsum</strong></span> <span class='ocrx_word' id='word_1_240' title='bbox 517 3045 686 3130; x_wconf 82' lang='lat' dir='ltr'><strong>angelorum</strong></span> <span class='ocrx_word' id='word_1_241' title='bbox 705 3045 807 3109; x_wconf 88' lang='lat' dir='ltr'><strong>irande</strong></span> <span class='ocrx_word' id='word_1_242' title='bbox 827 3060 862 3109; x_wconf 89' lang='lat' dir='ltr'><strong>ao</strong></span> <span class='ocrx_word' id='word_1_243' title='bbox 881 3045 1005 3109; x_wconf 90' lang='lat' dir='ltr'><strong>consilio</strong></span> <span class='ocrx_word' id='word_1_244' title='bbox 1023 3067 1090 3110; x_wconf 86' lang='lat' dir='ltr'><strong>csse</strong></span> <span class='ocrx_word' id='word_1_245' title='bbox 1109 3049 1281 3131; x_wconf 89' lang='lat' dir='ltr'><strong>perlectum.</strong></span> 
     </span>
     <span class='ocr_line' id='line_1_28' title="bbox 131 3143 1282 3233; baseline -0.001 -21"><span class='ocrx_word' id='word_1_246' title='bbox 131 3143 205 3212; x_wconf 89' lang='lat' dir='ltr'><strong>Cum</strong></span> <span class='ocrx_word' id='word_1_247' title='bbox 222 3148 317 3226; x_wconf 88' lang='lat' dir='ltr'><strong>enirn,</strong></span> <span class='ocrx_word' id='word_1_248' title='bbox 347 3158 380 3212; x_wconf 92' lang='lat' dir='ltr'><strong>ut</strong></span> <span class='ocrx_word' id='word_1_249' title='bbox 394 3147 493 3226; x_wconf 90' lang='lat' dir='ltr'><strong>aiunt,</strong></span> <span class='ocrx_word' id='word_1_250' title='bbox 524 3147 694 3212; x_wconf 89' lang='lat' dir='ltr'><strong>didicissent</strong></span> <span class='ocrx_word' id='word_1_251' title='bbox 710 3147 750 3211; x_wconf 88' lang='lat' dir='ltr'><strong>illi</strong></span> <span class='ocrx_word' id='word_1_252' title='bbox 767 3169 861 3232; x_wconf 81' lang='lat' dir='ltr'><strong>genus</strong></span> <span class='ocrx_word' id='word_1_253' title='bbox 877 3169 963 3211; x_wconf 91' lang='lat' dir='ltr'><strong>omne</strong></span> <span class='ocrx_word' id='word_1_254' title='bbox 978 3168 1063 3212; x_wconf 91' lang='lat' dir='ltr'><strong>snum</strong></span> <span class='ocrx_word' id='word_1_255' title='bbox 1080 3149 1179 3214; x_wconf 89' lang='lat' dir='ltr'><strong>diluvii</strong></span> <span class='ocrx_word' id='word_1_256' title='bbox 1199 3149 1282 3233; x_wconf 85' lang='lat' dir='ltr'><strong>aquis</strong></span> 
     </span>
     <span class='ocr_line' id='line_1_29' title="bbox 129 3250 1282 3335; baseline -0.001 -21"><span class='ocrx_word' id='word_1_257' title='bbox 129 3251 401 3329; x_wconf 83' lang='lat' dir='ltr'><strong>exterminandum,</strong></span> <span class='ocrx_word' id='word_1_258' title='bbox 426 3251 499 3313; x_wconf 87' lang='lat' dir='ltr'><strong>mira</strong></span> <span class='ocrx_word' id='word_1_259' title='bbox 518 3250 693 3330; x_wconf 88' lang='lat' dir='ltr'><strong>calliditate,</strong></span> <span class='ocrx_word' id='word_1_260' title='bbox 717 3272 774 3335; x_wconf 92' lang='lat' dir='ltr'><strong>qno</strong></span> <span class='ocrx_word' id='word_1_261' title='bbox 793 3251 859 3314; x_wconf 88' lang='lat' dir='ltr'><strong>mali</strong></span> <span class='ocrx_word' id='word_1_262' title='bbox 877 3252 1014 3335; x_wconf 86' lang='lat' dir='ltr'><strong>generis,</strong></span> <span class='ocrx_word' id='word_1_263' title='bbox 1047 3252 1129 3315; x_wconf 86' lang='lat' dir='ltr'><strong>cuius</strong></span> <span class='ocrx_word' id='word_1_264' title='bbox 1147 3263 1282 3315; x_wconf 86' lang='lat' dir='ltr'><strong>auctores</strong></span> 
     </span>
     <span class='ocr_line' id='line_1_30' title="bbox 130 3349 1281 3438; baseline -0.001 -22"><span class='ocrx_word' id='word_1_265' title='bbox 130 3363 231 3432; x_wconf 89' lang='lat' dir='ltr'><strong>erant,</strong></span> <span class='ocrx_word' id='word_1_266' title='bbox 262 3354 399 3438; x_wconf 78' lang='lat' dir='ltr'><strong>reliquias</strong></span> <span class='ocrx_word' id='word_1_267' title='bbox 419 3355 571 3432; x_wconf 78' lang='lat' dir='ltr'><strong>foverent,</strong></span> <span class='ocrx_word' id='word_1_268' title='bbox 604 3349 793 3418; x_wconf 89' lang='lat' dir='ltr'><strong>Cbamumin</strong></span> <span class='ocrx_word' id='word_1_269' title='bbox 812 3353 1085 3417; x_wconf 85' lang='lat' dir='ltr'><strong>arcamiuculcnot.</strong></span> <span class='ocrx_word' id='word_1_270' title='bbox 1132 3353 1281 3437; x_wconf 75' lang='lat' dir='ltr'><strong>Aquoiu</strong></span> 
     </span>
     <span class='ocr_line' id='line_1_31' title="bbox 130 3455 1281 3542; baseline -0.001 -23"><span class='ocrx_word' id='word_1_271' title='bbox 130 3455 285 3520; x_wconf 85' lang='lat' dir='ltr'><strong>humanum</strong></span> <span class='ocrx_word' id='word_1_272' title='bbox 308 3479 401 3542; x_wconf 80' lang='lat' dir='ltr'><strong>genus</strong></span> <span class='ocrx_word' id='word_1_273' title='bbox 422 3478 508 3522; x_wconf 89' lang='lat' dir='ltr'><strong>error</strong></span> <span class='ocrx_word' id='word_1_274' title='bbox 528 3466 559 3520; x_wconf 90' lang='lat' dir='ltr'><strong>et</strong></span> <span class='ocrx_word' id='word_1_275' title='bbox 577 3455 687 3520; x_wconf 86' lang='lat' dir='ltr'><strong>oblivio</strong></span> <span class='ocrx_word' id='word_1_276' title='bbox 704 3467 791 3540; x_wconf 85' lang='lat' dir='ltr'><strong>atque</strong></span> <span class='ocrx_word' id='word_1_277' title='bbox 807 3456 1016 3519; x_wconf 88' lang='lat' dir='ltr'><strong>inconsiderati</strong></span> <span class='ocrx_word' id='word_1_278' title='bbox 1035 3455 1208 3538; x_wconf 83' lang='lat' dir='ltr'><strong>flagitiorum</strong></span> <span class='ocrx_word' id='word_1_279' title='bbox 1228 3456 1281 3518; x_wconf 93' lang='lat' dir='ltr'><strong>im·</strong></span> 
     </span>
    </p>
   </div>
   <div class='ocr_carea' id='block_1_3' title="bbox 127 3557 1280 4261">
    <p class='ocr_par' dir='ltr' id='par_1_4' title="bbox 127 3557 1280 4261">
     <span class='ocr_line' id='line_1_32' title="bbox 128 3557 1280 3645; baseline 0 -23"><span class='ocrx_word' id='word_1_280' title='bbox 128 3570 213 3645; x_wconf 93' lang='lat' dir='ltr'><strong>petus</strong></span> <span class='ocrx_word' id='word_1_281' title='bbox 229 3569 259 3622; x_wconf 90' lang='lat' dir='ltr'><strong>et</strong></span> <span class='ocrx_word' id='word_1_282' title='bbox 273 3560 417 3624; x_wconf 86' lang='lat' dir='ltr'><strong>scelernm</strong></span> <span class='ocrx_word' id='word_1_283' title='bbox 434 3559 563 3624; x_wconf 87' lang='lat' dir='ltr'><strong>varietas</strong></span> <span class='ocrx_word' id='word_1_284' title='bbox 583 3559 733 3644; x_wconf 88' lang='lat' dir='ltr'><strong>multiplex</strong></span> <span class='ocrx_word' id='word_1_285' title='bbox 750 3559 780 3622; x_wconf 94' lang='lat' dir='ltr'><strong>in</strong></span> <span class='ocrx_word' id='word_1_286' title='bbox 798 3559 897 3622; x_wconf 89' lang='lat' dir='ltr'><strong>orbem</strong></span> <span class='ocrx_word' id='word_1_287' title='bbox 915 3570 1056 3622; x_wconf 88' lang='lat' dir='ltr'><strong>terrarum</strong></span> <span class='ocrx_word' id='word_1_288' title='bbox 1075 3558 1180 3642; x_wconf 87' lang='lat' dir='ltr'><strong>erupit.</strong></span> <span class='ocrx_word' id='word_1_289' title='bbox 1225 3557 1280 3622; x_wconf 80' lang='lat' dir='ltr'><strong>At-</strong></span> 
     </span>
     <span class='ocr_line' id='line_1_33' title="bbox 129 3659 1279 3748; baseline -0.001 -23"><span class='ocrx_word' id='word_1_290' title='bbox 129 3682 184 3745; x_wconf 89' lang='lat' dir='ltr'><strong>que</strong></span> <span class='ocrx_word' id='word_1_291' title='bbox 200 3662 239 3725; x_wconf 87' lang='lat' dir='ltr'><strong>ita</strong></span> <span class='ocrx_word' id='word_1_292' title='bbox 256 3663 378 3726; x_wconf 89' lang='lat' dir='ltr'><strong>mundus</strong></span> <span class='ocrx_word' id='word_1_293' title='bbox 395 3664 430 3727; x_wconf 92' lang='lat' dir='ltr'><strong>ad</strong></span> <span class='ocrx_word' id='word_1_294' title='bbox 447 3663 597 3748; x_wconf 90' lang='lat' dir='ltr'><strong>pristinam</strong></span> <span class='ocrx_word' id='word_1_295' title='bbox 616 3661 862 3747; x_wconf 88' lang='lat' dir='ltr'><strong>perturbationem</strong></span> <span class='ocrx_word' id='word_1_296' title='bbox 881 3663 976 3724; x_wconf 86' lang='lat' dir='ltr'><strong>denno</strong></span> <span class='ocrx_word' id='word_1_297' title='bbox 993 3659 1144 3724; x_wconf 82' lang='lat' dir='ltr'><strong>revolutus</strong></span> <span class='ocrx_word' id='word_1_298' title='bbox 1160 3661 1279 3746; x_wconf 88' lang='lat' dir='ltr'><strong>perinde</strong></span> 
     </span>
     <span class='ocr_line' id='line_1_34' title="bbox 128 3759 1279 3851; baseline -0.003 -23"><span class='ocrx_word' id='word_1_299' title='bbox 128 3775 215 3849; x_wconf 87' lang='lat' dir='ltr'><strong>atque</strong></span> <span class='ocrx_word' id='word_1_300' title='bbox 236 3775 304 3828; x_wconf 91' lang='lat' dir='ltr'><strong>ante</strong></span> <span class='ocrx_word' id='word_1_301' title='bbox 326 3764 464 3829; x_wconf 86' lang='lat' dir='ltr'><strong>dilnvium</strong></span> <span class='ocrx_word' id='word_1_302' title='bbox 487 3764 627 3829; x_wconf 90' lang='lat' dir='ltr'><strong>malornm</strong></span> <span class='ocrx_word' id='word_1_303' title='bbox 650 3763 733 3851; x_wconf 91' lang='lat' dir='ltr'><strong>copia</strong></span> <span class='ocrx_word' id='word_1_304' title='bbox 757 3764 941 3829; x_wconf 86' lang='lat' dir='ltr'><strong>redundarit.</strong></span> <span class='ocrx_word' id='word_1_305' title='bbox 988 3759 1126 3827; x_wconf 88' lang='lat' dir='ltr'><strong>Ceterum</strong></span> <span class='ocrx_word' id='word_1_306' title='bbox 1149 3784 1165 3827; x_wconf 87' lang='lat' dir='ltr'><strong>a</strong></span> <span class='ocrx_word' id='word_1_307' title='bbox 1186 3760 1279 3828; x_wconf 87' lang='lat' dir='ltr'><strong>Setbo</strong></span> 
     </span>
     <span class='ocr_line' id='line_1_35' title="bbox 128 3864 1279 3952; baseline -0.001 -23"><span class='ocrx_word' id='word_1_308' title='bbox 128 3865 297 3931; x_wconf 86' lang='lat' dir='ltr'><strong>continuata</strong></span> <span class='ocrx_word' id='word_1_309' title='bbox 314 3869 432 3952; x_wconf 86' lang='lat' dir='ltr'><strong>generis</strong></span> <span class='ocrx_word' id='word_1_310' title='bbox 449 3869 638 3932; x_wconf 85' lang='lat' dir='ltr'><strong>successione</strong></span> <span class='ocrx_word' id='word_1_311' title='bbox 657 3864 740 3933; x_wconf 87' lang='lat' dir='ltr'><strong>lasus</strong></span> <span class='ocrx_word' id='word_1_312' title='bbox 760 3865 897 3932; x_wconf 83' lang='lat' dir='ltr'><strong>Christus</strong></span> <span class='ocrx_word' id='word_1_313' title='bbox 915 3866 1038 3951; x_wconf 89' lang='lat' dir='ltr'><strong>prodiit,</strong></span> <span class='ocrx_word' id='word_1_314' title='bbox 1062 3887 1119 3928; x_wconf 91' lang='lat' dir='ltr'><strong>nou</strong></span> <span class='ocrx_word' id='word_1_315' title='bbox 1137 3866 1199 3951; x_wconf 90' lang='lat' dir='ltr'><strong>ipse</strong></span> <span class='ocrx_word' id='word_1_316' title='bbox 1216 3866 1279 3950; x_wconf 94' lang='lat' dir='ltr'><strong>qni-</strong></span> 
     </span>
     <span class='ocr_line' id='line_1_36' title="bbox 127 3968 1279 4056; baseline -0.002 -24"><span class='ocrx_word' id='word_1_317' title='bbox 127 3968 192 4032; x_wconf 90' lang='lat' dir='ltr'><strong>dem</strong></span> <span class='ocrx_word' id='word_1_318' title='bbox 214 3971 334 4054; x_wconf 82' lang='lat' dir='ltr'><strong>generis</strong></span> <span class='ocrx_word' id='word_1_319' title='bbox 356 3971 446 4055; x_wconf 84' lang='lat' dir='ltr'><strong>stirpe</strong></span> <span class='ocrx_word' id='word_1_320' title='bbox 468 3981 659 4056; x_wconf 89' lang='lat' dir='ltr'><strong>procreatus,</strong></span> <span class='ocrx_word' id='word_1_321' title='bbox 692 3971 743 4034; x_wconf 89' lang='lat' dir='ltr'><strong>setl</strong></span> <span class='ocrx_word' id='word_1_322' title='bbox 766 3968 892 4043; x_wconf 82' lang='lat' dir='ltr'><strong>inbono</strong></span> <span class='ocrx_word' id='word_1_323' title='bbox 915 3969 1051 4049; x_wconf 86' lang='lat' dir='ltr'><strong>mundpm</strong></span> <span class='ocrx_word' id='word_1_324' title='bbox 1071 3968 1279 4031; x_wconf 88' lang='lat' dir='ltr'><strong>admirabiliter</strong></span> 
     </span>
     <span class='ocr_line' id='line_1_37' title="bbox 127 4067 1279 4158; baseline -0.001 -24"><span class='ocrx_word' id='word_1_325' title='bbox 127 4070 321 4136; x_wconf 85' lang='lat' dir='ltr'><strong>introductus.</strong></span> <span class='ocrx_word' id='word_1_326' title='bbox 361 4069 441 4136; x_wconf 89' lang='lat' dir='ltr'><strong>idern</strong></span> <span class='ocrx_word' id='word_1_327' title='bbox 458 4072 535 4137; x_wconf 88' lang='lat' dir='ltr'><strong>euim</strong></span> <span class='ocrx_word' id='word_1_328' title='bbox 551 4072 600 4158; x_wconf 92' lang='lat' dir='ltr'><strong>qni</strong></span> <span class='ocrx_word' id='word_1_329' title='bbox 615 4073 671 4136; x_wconf 86' lang='lat' dir='ltr'><strong>illis</strong></span> <span class='ocrx_word' id='word_1_330' title='bbox 687 4070 866 4157; x_wconf 90' lang='lat' dir='ltr'><strong>temporibus</strong></span> <span class='ocrx_word' id='word_1_331' title='bbox 882 4068 991 4135; x_wconf 80' lang='lat' dir='ltr'><strong>Selinos</strong></span> <span class='ocrx_word' id='word_1_332' title='bbox 1008 4071 1071 4149; x_wconf 89' lang='lat' dir='ltr'><strong>luit,</strong></span> <span class='ocrx_word' id='word_1_333' title='bbox 1090 4071 1176 4134; x_wconf 91' lang='lat' dir='ltr'><strong>modo</strong></span> <span class='ocrx_word' id='word_1_334' title='bbox 1193 4067 1279 4136; x_wconf 83' lang='lat' dir='ltr'><strong>Cbri·</strong></span> 
     </span>
     <span class='ocr_line' id='line_1_38' title="bbox 128 4172 1274 4261; baseline -0.001 -24"><span class='ocrx_word' id='word_1_335' title='bbox 128 4184 190 4239; x_wconf 86' lang='lat' dir='ltr'><strong>atns</strong></span> <span class='ocrx_word' id='word_1_336' title='bbox 204 4175 364 4261; x_wconf 89' lang='lat' dir='ltr'><strong>appellatus</strong></span> <span class='ocrx_word' id='word_1_337' title='bbox 377 4196 395 4239; x_wconf 89' lang='lat' dir='ltr'><strong>a</strong></span> <span class='ocrx_word' id='word_1_338' title='bbox 410 4174 530 4240; x_wconf 90' lang='lat' dir='ltr'><strong>coelesti</strong></span> <span class='ocrx_word' id='word_1_339' title='bbox 544 4172 643 4240; x_wconf 82' lang='lat' dir='ltr'><strong>blatra</strong></span> <span class='ocrx_word' id='word_1_340' title='bbox 657 4175 693 4238; x_wconf 88' lang='lat' dir='ltr'><strong>de</strong></span> <span class='ocrx_word' id='word_1_341' title='bbox 707 4174 790 4239; x_wconf 89' lang='lat' dir='ltr'><strong>coelo</strong></span> <span class='ocrx_word' id='word_1_342' title='bbox 803 4174 908 4238; x_wconf 90' lang='lat' dir='ltr'><strong>missus</strong></span> <span class='ocrx_word' id='word_1_343' title='bbox 921 4174 956 4236; x_wconf 88' lang='lat' dir='ltr'><strong>ad</strong></span> <span class='ocrx_word' id='word_1_344' title='bbox 969 4173 1100 4238; x_wconf 87' lang='lat' dir='ltr'><strong>homiues</strong></span> <span class='ocrx_word' id='word_1_345' title='bbox 1114 4174 1274 4238; x_wconf 86' lang='lat' dir='ltr'><strong>descendit.</strong></span> 
     </span>
    </p>
   </div>
   <div class='ocr_carea' id='block_1_4' title="bbox 212 4377 1411 4464">
    <p class='ocr_par' dir='ltr' id='par_1_5' title="bbox 212 4377 1411 4464">
     <span class='ocr_line' id='line_1_39' title="bbox 212 4377 1411 4464; baseline 0.003 -20"><span class='ocrx_word' id='word_1_346' title='bbox 212 4379 277 4444; x_wconf 91' lang='lat' dir='ltr'><strong>lloc</strong></span> <span class='ocrx_word' id='word_1_347' title='bbox 294 4382 379 4445; x_wconf 89' lang='lat' dir='ltr'><strong>modo</strong></span> <span class='ocrx_word' id='word_1_348' title='bbox 399 4381 439 4446; x_wconf 88' lang='lat' dir='ltr'><strong>illi</strong></span> <span class='ocrx_word' id='word_1_349' title='bbox 459 4381 596 4444; x_wconf 88' lang='lat' dir='ltr'><strong>universa</strong></span> <span class='ocrx_word' id='word_1_350' title='bbox 615 4389 758 4445; x_wconf 85' lang='lat' dir='ltr'><strong>statuunt.</strong></span> <span class='ocrx_word' id='word_1_351' title='bbox 805 4377 915 4445; x_wconf 86' lang='lat' dir='ltr'><strong>Verum</strong></span> <span class='ocrx_word' id='word_1_352' title='bbox 935 4400 1020 4464; x_wconf 90' lang='lat' dir='ltr'><strong>qnam</strong></span> <span class='ocrx_word' id='word_1_353' title='bbox 1040 4379 1160 4458; x_wconf 86' lang='lat' dir='ltr'><strong>stolida,</strong></span> <span class='ocrx_word' id='word_1_354' title='bbox 1192 4401 1275 4464; x_wconf 91' lang='lat' dir='ltr'><strong>quam</strong></span> <span class='ocrx_word' id='word_1_355' title='bbox 1295 4393 1353 4462; x_wconf 75' lang='lat' dir='ltr'><strong>esp.</strong></span> <span class='ocrx_word' id='word_1_356' title='bbox 1368 4396 1411 4448; x_wconf 87' lang='lat' dir='ltr'><strong>tv.</strong></span> 
     </span>
    </p>
   </div>
   <div class='ocr_carea' id='block_1_5' title="bbox 126 4532 1275 4672">
    <p class='ocr_par' dir='ltr' id='par_1_6' title="bbox 126 4532 1275 4672">
     <span class='ocr_line' id='line_1_40' title="bbox 126 4532 1275 4603; baseline 0.001 -21"><span class='ocrx_word' id='word_1_357' title='bbox 126 4533 239 4600; x_wconf 80' lang='lat' dir='ltr'><strong>supernis</strong></span> <span class='ocrx_word' id='word_1_358' title='bbox 252 4534 351 4586; x_wconf 78' lang='lat' dir='ltr'><strong>misum</strong></span> <span class='ocrx_word' id='word_1_359' title='bbox 363 4536 390 4586; x_wconf 89' lang='lat' dir='ltr'><strong>iu</strong></span> <span class='ocrx_word' id='word_1_360' title='bbox 403 4534 508 4603; x_wconf 86' lang='lat' dir='ltr'><strong>primam</strong></span> <span class='ocrx_word' id='word_1_361' title='bbox 520 4532 684 4586; x_wconf 85' lang='lat' dir='ltr'><strong>deiectionem</strong></span> <span class='ocrx_word' id='word_1_362' title='bbox 753 4534 811 4585; x_wconf 85' lang='lat' dir='ltr'><strong>Car.</strong></span> <span class='ocrx_word' id='word_1_363' title='bbox 829 4536 871 4585; x_wconf 92' lang='lat' dir='ltr'><strong>lll.</strong></span> <span class='ocrx_word' id='word_1_364' title='bbox 897 4562 931 4574; x_wconf 89' lang='lat'><em>-</em></span> <span class='ocrx_word' id='word_1_365' title='bbox 958 4535 979 4585; x_wconf 94' lang='lat' dir='ltr'><strong>l.</strong></span> <span class='ocrx_word' id='word_1_366' title='bbox 998 4532 1111 4600; x_wconf 77' lang='grc' dir='ltr'><strong>γέννησιν</strong></span> <span class='ocrx_word' id='word_1_367' title='bbox 1134 4537 1185 4587; x_wconf 84' lang='lat' dir='ltr'><strong>cod.</strong></span> <span class='ocrx_word' id='word_1_368' title='bbox 1204 4537 1275 4586; x_wconf 82' lang='lat' dir='ltr'><strong>Valle.</strong></span> 
     </span>
     <span class='ocr_line' id='line_1_41' title="bbox 126 4600 1082 4672; baseline 0.001 -21"><span class='ocrx_word' id='word_1_369' title='bbox 126 4600 226 4652; x_wconf 78' lang='lat' dir='ltr'><strong>seminis</strong></span> <span class='ocrx_word' id='word_1_370' title='bbox 243 4619 273 4654; x_wconf 87' lang='lat' dir='ltr'><strong>ac</strong></span> <span class='ocrx_word' id='word_1_371' title='bbox 290 4603 482 4656; x_wconf 76' lang='lat' dir='ltr'><strong>maculationis.</strong></span> <span class='ocrx_word' id='word_1_372' title='bbox 718 4601 778 4672; x_wconf 70' lang='grc' dir='ltr'><strong>γένη</strong></span> <span class='ocrx_word' id='word_1_373' title='bbox 795 4606 893 4669; x_wconf 84' lang='lat' dir='ltr'><strong>culpata</strong></span> <span class='ocrx_word' id='word_1_374' title='bbox 909 4607 1026 4666; x_wconf 79' lang='lat' dir='ltr'><strong>scripturo</strong></span> <span class='ocrx_word' id='word_1_375' title='bbox 1042 4610 1082 4656; x_wconf 84' lang='lat' dir='ltr'><strong>eat.</strong></span> 
     </span>
    </p>
   </div>
   <div class='ocr_carea' id='block_1_6' title="bbox 0 0 1528 5084">
    <p class='ocr_par' dir='ltr' id='par_1_7' title="bbox 0 0 1528 5084">
     <span class='ocr_line' id='line_1_42' title="bbox 0 0 1528 5084; baseline 0 4"><span class='ocrx_word' id='word_1_376' title='bbox 0 0 1528 5084; x_wconf 95' lang='lat' dir='ltr'><strong> </strong></span> 
     </span>
    </p>
   </div>
  </div>
 </body>
</html>
