3046 5084
368 293 500 344 tantun
518 292 593 343 ΜΝ.
610 292 776 345 HARBESES
792 294 854 343 Ltu.
871 296 889 343 l.
906 293 986 345 Toni.
1006 295 1024 343 t.
1227 284 1266 342 49

128 414 254 477 terarum
271 412 373 489 modo,
400 413 451 475 sed
470 420 500 472 et
513 421 679 493 serpentum
697 433 732 474 ae
748 412 953 475 vilissimorum
968 412 1154 474 animantium
1172 412 1271 474 condi·

130 504 236 577 tionem
251 514 328 578 ttttus
345 513 482 590 dimittis,
509 530 583 593 qnae
599 521 749 588 naturam,
773 522 801 573 tc
818 512 931 593 quidem
946 525 1083 590 auctore,
1106 511 1237 575 haustam
1254 535 1271 575 a

129 615 184 677 deo
201 626 231 678 et
246 636 418 700 expressam
437 612 578 689 obtinuit,
602 621 698 695 potest
714 610 866 695 quicquam
888 633 922 674 ea
945 634 977 675 re
999 633 1066 676 esso
1088 615 1273 696 perversius?

212 716 255 780 Ar
283 716 369 778 otiam
401 716 489 775 dutum
520 711 604 775 uobis
633 710 751 789 ominis,
785 734 802 775 a
832 734 888 795 qno
915 715 1011 811 ompia
1040 714 1271 797 proficiscantur,
1292 734 1350 802 cap.
1361 740 1404 789 111,

129 838 203 900 quoe
229 828 285 879 tam
309 812 417 878 homini
446 832 529 895 qnam
554 813 678 875 caeteris
702 813 789 875 rebus
814 814 958 877 accidunt.
1004 811 1114 877 Verum
1143 837 1201 877 uno
1225 835 1275 877 eo·

130 938 186 1003 qna
208 916 382 980 brevissimo
404 913 480 976 dicto
503 925 581 977 tuum
603 913 670 976 ittud
699 926 893 978 commentum
920 927 1088 979 erranescet.
1134 913 1167 979 Si
1198 917 1274 978 enim

129 1020 206 1083 istud
229 1020 339 1099 ipsum,
362 1014 518 1099 sapientem
542 1036 576 1079 ao
596 1016 764 1099 prudentem
785 1016 864 1095 fieri,
889 1017 1010 1081 rationis
1032 1016 1199 1102 participem
1223 1039 1275 1081 ex-

130 1129 301 1204 pertemque
323 1116 418 1195 unsoi,
442 1116 608 1200 reliquaque
624 1116 709 1181 huius
724 1116 843 1200 generis
865 1118 915 1180 fati
936 1122 1096 1182 necessitas
1115 1118 1211 1195 affert,
1236 1118 1276 1181 si-

131 1221 213 1283 leant
235 1217 348 1280 decreto
368 1216 462 1301 legum
485 1220 598 1296 onmia,
628 1219 732 1305 quippo
754 1241 818 1281 enm
840 1219 871 1281 in
893 1219 1041 1283 adulteros
1060 1221 1276 1304 sceleratosque

134 1330 268 1381 caeteros
292 1318 339 1380 tart
367 1319 412 1380 vis
439 1318 487 1381 itta
510 1320 685 1384 dominetur.
732 1316 812 1384 Sane
836 1321 950 1404 quidom
975 1321 1078 1385 iustius
1108 1321 1144 1383 ab
1171 1322 1274 1399 staltis,

135 1440 209 1504 qnae
228 1419 427 1483 necessitatem
446 1423 577 1505 pariunt,
607 1442 718 1505 poenae
737 1433 906 1507 repetantur
925 1444 1009 1506 quam
1030 1422 1066 1485 ab
1085 1442 1120 1485 en
1139 1422 1185 1504 qui
1203 1425 1277 1504 qnod

137 1522 198 1604 agit
219 1522 333 1584 omnino
355 1532 473 1585 coactus
496 1521 674 1606 aggreditur.
718 1522 817 1607 Atque
835 1535 867 1586 ut
880 1524 907 1586 id
923 1525 977 1586 alia
994 1525 1106 1587 ratione
1123 1523 1276 1608 disputem,

135 1624 159 1686 si
183 1623 221 1685 ita
240 1623 279 1684 uti
298 1623 401 1685 volunt
423 1644 456 1684 se
477 1644 525 1685 res
544 1623 647 1703 habet,
679 1626 800 1707 agedum
821 1623 938 1688 sntroiae
956 1626 1171 1702 conticescant,
1204 1625 1279 1686 desi-

136 1736 204 1788 nant
225 1724 390 1807 sophistae,
415 1724 565 1801 rhetores,
588 1727 786 1806 granimatici,
811 1725 931 1804 medici,
961 1737 1152 1810 caeteraeque
1174 1727 1280 1788 dnotri·

136 1849 191 1892 nae
214 1846 334 1902 omnes,
368 1825 550 1888 illiberaiiom
580 1825 683 1887 artium
708 1827 859 1889 innumera
881 1827 1043 1890 multitudo.
1087 1826 1154 1890 Nec
1177 1830 1280 1889 doceat

134 1930 272 2013 deinceps
287 1926 446 2011 quispiam3
470 1926 495 1989 si
511 1926 624 2009 quidem
642 1927 691 1989 tati
707 1926 862 2005 benedicio,
881 1950 938 1991 uon
953 1928 1101 1991 literarum
1116 1928 1277 2010 disciplina,

134 2031 235 2115 generi
261 2030 385 2092 drnrnmro
407 2028 529 2090 scientia
552 2028 726 2112 suppeditat.
769 2025 847 2091 Nam
872 2027 898 2090 si
921 2029 1021 2091 doctos
1044 2042 1130 2112 utque
1151 2030 1280 2091 eruditos

132 2133 251 2195 edicere
270 2132 321 2193 dati
338 2130 499 2193 necessitas
516 2139 630 2214 potest,
661 2150 748 2192 nemo
764 2129 944 2214 praeceptori
961 2140 1048 2192 navet
1064 2150 1199 2214 operam,
1229 2130 1281 2192 sed

132 2234 198 2298 illae
220 2233 345 2296 stamina
367 2232 515 2295 trahentes
530 2228 643 2294 Parcae
664 2230 781 2315 ingenia
801 2229 946 2293 hominnm
965 2230 1124 2315 disciplinis
1140 2230 1278 2310 imbuant,

132 2334 371 2418 quemadmodum
392 2332 473 2396 inani
494 2332 624 2418 falsoque
647 2333 697 2396 ilio
721 2334 855 2418 dogmate
876 2331 1034 2416 profiteris.

431 2572 508 2649 DE
558 2572 967 2666 PLA'I'ONIGIS,

278 2716 360 2789 qnae
386 2701 438 2767 cst
462 2693 608 2768 haeresis
636 2692 815 2767 Gentilium
831 2694 910 2785 IV.,
937 2693 1052 2766 ordine
1072 2692 1130 2767 vt

216 2842 299 2906 Haeo
320 2852 421 2907 contra
442 2840 592 2907 Zenonem
615 2853 643 2906 et
664 2841 782 2908 Stoicos
806 2843 881 2907 diota
903 2855 1001 2906 sunto.
1047 2840 1133 2927 Quod
1154 2844 1189 2907 ud
1208 2842 1276 2907 Pla·
1297 2855 1354 2921 cap.
1374 2859 1392 2905 t.

134 2957 230 3008 tonem
253 2944 373 3023 attinet,
404 2944 433 3008 in
456 2946 557 3008 eodem
580 2947 605 3009 is
627 2946 687 3009 doto
709 2956 854 3009 versatur.
898 2944 975 3008 Nam
998 2946 1034 3009 do
1056 2944 1215 3009 animarum
1238 2967 1278 3008 ex

132 3046 196 3111 aliis
218 3046 246 3110 in
269 3046 323 3111 alin
347 3068 469 3133 corpora
492 3046 661 3111 traiectione
683 3068 718 3110 ao
738 3046 954 3124 vicissitudine,
985 3049 1078 3131 deque
1097 3047 1277 3111 multitudine

132 3151 252 3215 deornm
280 3171 314 3214 ac
340 3148 459 3234 reliquis
489 3148 668 3212 idololatriae
695 3148 965 3234 superstitionisque
993 3149 1149 3233 generibus
1177 3150 1277 3211 endem

132 3264 178 3318 est
200 3253 277 3316 illius
303 3249 461 3317 serrtcntia.
506 3248 566 3314 Sed
591 3252 625 3314 de
648 3250 766 3316 matoria
784 3254 908 3315 fortusse
926 3273 983 3315 non
1002 3251 1119 3315 omnino
1137 3272 1200 3313 oum
1219 3246 1278 3312 Ze·
1336 3311 1338 3315 .

132 3376 208 3419 nono
224 3353 392 3437 Stoicisqne
407 3352 507 3415 serrtit.
553 3350 669 3417 Etenim
686 3355 768 3417 derum
784 3354 832 3416 itte
847 3355 996 3438 cognovit,
1015 3353 1158 3436 abeoquo
1174 3360 1277 3414 cuncta

132 3458 288 3541 producta,
313 3466 372 3519 tnm
387 3464 500 3518 mentes
516 3458 652 3539 quasdam
669 3456 772 3541 agendi
792 3457 927 3519 tamtum
942 3455 1086 3540 praeditas
1101 3476 1118 3516 a
1135 3473 1206 3517 vero
1222 3454 1276 3517 deo

133 3570 303 3643 propagatas
324 3557 461 3623 asseruit.
504 3554 664 3621 Praeterea
682 3558 803 3645 primum
821 3578 887 3620 esse
905 3556 1092 3642 principium,
1123 3578 1157 3619 an
1171 3576 1276 3619 seeun-

134 3658 216 3736 dum,
247 3659 417 3723 ettertium.
464 3656 595 3741 Quorum
613 3660 734 3747 primum
752 3661 835 3722 deum
853 3679 919 3720 esse
936 3656 1121 3741 pronunciat,
1153 3658 1273 3721 aiterum

133 3771 301 3845 procreatas
323 3781 339 3822 a
358 3760 412 3824 deo
429 3772 559 3840 meotes,
592 3762 627 3825 ab
650 3763 779 3845 utrisque
796 3762 908 3822 demum
927 3757 1074 3821 materiam
1093 3760 1272 3846 productam.

132 3860 184 3927 Sic
200 3861 277 3925 errim
296 3861 410 3925 definit:
434 3864 545 3926 coetum
563 3886 626 3928 oum
647 3874 776 3949 tempore
795 3864 901 3925 tartum
917 3881 1003 3941 esse,
1024 3881 1138 3946 unaque
1155 3884 1218 3926 oum
1239 3882 1275 3924 eo

132 3964 304 4030 dissolutum
320 3960 369 4027 iri.
414 3961 527 4046 Quibus
547 3964 646 4030 verbis
663 3965 789 4051 priorem
806 3984 887 4026 suam
909 3963 943 4026 de
961 3964 1081 4027 materia
1100 3964 1273 4027 sententiam

132 4068 250 4133 evertit.
285 4066 370 4130 Alias
387 4064 464 4129 enim
481 4068 631 4132 materiam
649 4068 705 4131 deo
723 4066 873 4151 aequalem
891 4086 956 4131 esse
973 4078 1103 4151 tempore
1119 4075 1272 4129 statuerat.

185 4573 271 4632 (torpor
283 4576 410 4623 Bremtol.
422 4577 450 4622 ΙΙ.
