3046 5084
407 351 542 402 rinnon
559 352 622 404 urs.
636 352 655 403 r.
672 352 755 406 non.
767 353 811 405 m.
828 354 928 406 ansa.
940 355 1020 406 xnn.
1228 345 1290 410 589

139 465 238 529 tiatnm
262 479 292 530 et
313 468 481 550 quibusdam
504 470 680 537 dictionibus
700 471 824 558 iusuper
843 475 948 538 additis
966 475 1170 559 interpolatum
1190 476 1288 540 luerit.

137 565 224 651 Quod
241 590 299 632 non
315 571 477 634 eommunis
495 571 625 636 utilitatis
640 574 752 656 gratia,
776 575 828 638 sed
842 578 876 638 ad
894 597 998 639 voeom
1016 576 1288 660 periculosissimam

136 670 296 734 novitatem
320 673 529 751 affectandam,
554 675 665 738 lnriosa
687 676 735 738 illa
757 674 842 739 belua
866 679 963 741 faeere
986 678 1121 740 instituit.

220 771 304 837 llaec
320 785 417 838 autern
435 777 533 840 cornia
546 797 586 840 ex
601 799 638 840 eo
653 798 738 861 quem
753 779 1045 844 commemoravimus
1059 778 1183 864 apostoli
1200 800 1289 843 evan·

135 873 262 959 geliiquc
283 873 383 940 Lucae
406 877 496 957 libro,
530 900 587 962 qno
608 879 633 942 is
656 879 763 958 utitur,
794 901 956 966 excerpere
978 902 1012 943 ac
1034 881 1161 963 seligere
1178 881 1289 945 studui·

136 997 211 1040 mus.
245 975 286 1041 Ut
300 980 472 1064 quicumque
489 981 631 1044 adversus
645 982 722 1046 illins
738 1003 868 1046 errorem
884 983 1032 1067 disputare
1048 984 1156 1046 luerint
1169 1004 1289 1067 aggres-

135 1079 172 1158 si,
196 1080 277 1164 prius
292 1081 457 1165 intelligant
470 1083 610 1165 quaedam
627 1083 662 1147 ab
678 1105 714 1147 eo
726 1096 902 1148 commutate
916 1085 1074 1163 voeabula,
1098 1106 1133 1147 ac
1147 1107 1200 1170 per
1214 1088 1289 1148 lrau·

134 1182 200 1245 deor
218 1203 253 1245 ac
270 1183 407 1253 malitiam
421 1183 546 1249 inserta.
592 1184 767 1269 Quaerere
785 1186 847 1250 suis
865 1187 937 1249 locis
955 1187 1072 1250 minimo
1089 1188 1287 1271 reperiuntur,

135 1282 264 1347 eiusdem
280 1296 349 1348 sunt
362 1287 480 1349 andacia
496 1287 656 1350 subtracta.
702 1287 785 1351 Haec
802 1289 877 1352 enim
895 1289 979 1351 bomo
996 1289 1128 1374 stupidus
1143 1290 1206 1352 sola
1221 1310 1287 1353 esse

133 1384 274 1450 iudicavit
295 1389 501 1452 commentitiis
524 1390 580 1453 illis
603 1390 664 1454 suis
687 1390 872 1475 opinionibus
895 1391 1054 1454 contraria.

219 1487 342 1554 Tertius
361 1511 432 1554 vero
450 1502 602 1576 praeterea
617 1503 771 1578 susceptus
788 1515 805 1557 a
821 1493 905 1556 nobis
921 1504 967 1557 est
983 1494 1081 1572 labor,
1105 1505 1137 1556 ut
1150 1494 1180 1556 in
1200 1514 1286 1556 urnam

135 1592 337 1656 conferremus
358 1594 454 1656 omma
477 1595 634 1678 dequibus
656 1617 722 1658 eum
740 1596 819 1659 inter
841 1617 895 1658 nos
913 1606 1000 1679 atquc
1020 1596 1098 1658 illum
1117 1598 1285 1675 conveniat,

134 1713 168 1757 ea
192 1704 287 1758 tamen
310 1708 378 1758 sunt
395 1695 537 1759 eiusmodi
562 1708 593 1759 ut
612 1697 789 1760 salvatorem
808 1709 939 1761 nostrum
960 1709 1106 1782 assumpta
1129 1718 1217 1760 carne
1236 1718 1287 1761 ve·

133 1796 213 1859 uisse
227 1796 382 1860 manileste
396 1797 579 1881 significent:
606 1808 665 1861 tum
681 1819 755 1882 qnae
770 1801 880 1863 veteris
894 1800 1020 1883 novique
1037 1800 1202 1862 testamenti
1217 1821 1287 1862 con·

132 1899 300 1962 sensionem
317 1902 491 1978 ostendunt,
516 1913 566 1963 aut
582 1901 735 1985 ipsiusmet
750 1901 795 1964 dei
809 1900 857 1964 lilii
872 1902 1104 1979 contessionem,
1129 1923 1185 1984 qua
1202 1902 1285 1964 deum

133 2021 200 2064 esse
216 2001 292 2065 coeli
307 2013 462 2086 terraeque
479 2003 677 2082 conditorem,
702 2003 775 2066 etin
791 2002 856 2086 lege
872 2003 1075 2087 prophetisque
1090 2003 1229 2082 locutum,
1253 2025 1286 2066 ae

133 2101 257 2186 denique
278 2115 390 2188 patrem
412 2126 480 2168 esse
502 2124 585 2168 suum
609 2107 743 2168 affirmat.
790 2103 836 2168 De
856 2105 909 2167 boc
927 2105 1015 2187 igitur
1030 2116 1203 2187 argumento
1222 2106 1286 2168 bre·

132 2224 198 2267 vem
220 2206 299 2268 illum
320 2208 559 2270 commentarium
583 2208 663 2271 velut
686 2207 798 2271 solrolia
816 2207 956 2291 quaedam
977 2205 1209 2285 elaboravimus,
1241 2218 1286 2270 to·

132 2319 251 2394 tumque
273 2310 349 2373 istud
367 2331 438 2394 opus
462 2330 478 2373 e
494 2307 656 2373 Marcionis
672 2296 753 2373 libris
776 2310 812 2372 ad
830 2308 949 2373 verbnm
966 2319 1137 2393 excerptum
1161 2308 1204 2371 sic
1223 2319 1286 2371 tan·

132 2422 220 2495 qnam
237 2411 355 2475 maioris
372 2413 494 2475 alicuius
512 2413 605 2476 solum
623 2434 657 2476 ac
676 2412 892 2475 laudamentum
912 2410 1124 2495 praemisimus.
1171 2408 1231 2474 Sed
1249 2431 1286 2473 ne

131 2512 239 2597 siquid
254 2513 284 2576 in
298 2535 335 2577 eo
350 2526 394 2577 est
411 2515 446 2577 ad
458 2514 678 2599 intelligendum
694 2515 807 2578 difficile
821 2514 990 2598 quibusdam
1007 2512 1190 2597 ignorantiae
1205 2524 1286 2576 tene·

130 2613 192 2678 bris
212 2616 354 2679 lectorum
373 2617 496 2679 obducat
512 2617 643 2695 animos,
675 2617 770 2702 placet
788 2617 926 2701 deinceps
943 2614 1057 2699 singula
1080 2637 1096 2678 a
1117 2637 1163 2677 me
1180 2636 1285 2700 propo·

132 2716 188 2782 sita
205 2719 324 2802 suisque
342 2719 433 2782 titulis
450 2719 588 2804 inscripta
607 2719 717 2803 capita,
741 2720 881 2804 primum,
905 2719 1081 2795 seeundum,
1113 2738 1147 2780 ac
1167 2717 1283 2780 tertium

132 2819 304 2905 explicando
321 2831 465 2900 tractare,
490 2842 665 2905 causamque
682 2822 884 2886 demonstrare
903 2831 1122 2906 propterquam
1137 2840 1284 2905 unaquae-

131 2942 187 3007 que
203 2922 315 2987 delecta
332 2946 392 2988 vox
407 2935 452 2988 est
469 2935 499 2988 et
513 2925 549 2987 ab
563 2924 614 2987 illo
630 2934 751 2988 mutata.
797 2923 874 2987 Hinc
888 2924 978 3008 igitur
992 2923 1155 3008 disputandi
1170 2921 1283 2986 initium

131 3026 244 3089 faciam.

276 3184 443 3266 scnommv
463 3216 508 3266 ex
529 3215 722 3267 evanoemo
742 3216 811 3278 Quo
829 3215 980 3266 naasion
1000 3214 1137 3265 urrrua.

216 3333 240 3397 l.
274 3339 365 3408 lude,
391 3339 503 3397 ostende
518 3347 546 3397 te
558 3339 715 3408 sacerdoti,
739 3348 770 3396 et
782 3337 856 3420 offer
866 3358 922 3416 pro
932 3338 1104 3416 purgatrices
1118 3345 1182 3406 tnu,
1207 3339 1282 3394 scrut
1293 3347 1346 3392 bue.
1355 3349 1376 3402 s,
1392 3351 1422 3394 m.

126 3443 273 3518 proecepit
291 3442 419 3517 Moyses,
445 3452 477 3499 ut
497 3443 536 3500 sit
557 3442 742 3500 testiinonium
763 3440 815 3498 doe
837 3441 922 3499 ocbr's.

213 3642 364 3708 Relutatio
381 3642 404 3706 l.
440 3642 577 3708 Potuitne
595 3645 746 3723 dominus,
772 3643 797 3707 si
817 3654 919 3706 contra
934 3643 1029 3725 legem
1049 3641 1180 3726 legisque
1196 3643 1280 3705 deum

129 3768 211 3811 suam
227 3746 365 3825 baberet,
389 3759 420 3810 ut
435 3747 564 3826 asseris,
597 3758 792 3832 comparatam
809 3746 987 3823 doctrinam,
1020 3744 1129 3807 curatis
1148 3765 1211 3808 ase
1230 3744 1281 3806 bo-

128 3848 271 3928 minibus,
295 3849 386 3913 veluti
402 3850 518 3933 leproso
537 3850 621 3929 buin,
647 3849 809 3913 istiusmodi
829 3848 993 3910 mandatum
1012 3847 1121 3909 edere?
1165 3850 1240 3907 Vnde
1253 3859 1281 3907 et
1368 3913 1372 3916 ,

128 3957 241 4016 ostende
257 3964 285 4015 te
299 3956 443 4014 sacerdoti
461 3952 523 4034 (ubi
546 3975 611 4016 cum
628 3953 811 4017 sacerdotem
831 3961 1056 4025 commemorat,
1088 3949 1161 4031 legis
1181 3969 1281 4012 sacer·

127 4056 237 4120 dotium
260 4076 318 4119 nou
340 4054 494 4138 abrogat),
526 4067 554 4116 et
574 4057 649 4140 effer
660 4076 716 4136 pro
732 4058 903 4135 purgatione
921 4064 980 4114 tua.
1028 4055 1073 4115 Ac
1090 4051 1160 4114 licet
1176 4071 1279 4114 vocem

127 4157 223 4237 illem,
252 4179 368 4230 nunus,
402 4158 538 4235 inducas,
572 4177 610 4219 ex
628 4156 768 4220 ollereodi
789 4155 879 4218 verbo
898 4154 1084 4218 nibilominus
1107 4164 1223 4218 constat
1243 4155 1279 4217 de

125 4313 175 4363 eius
184 4307 277 4375 prodit:
288 4312 365 4362 Porro
376 4309 456 4360 sciant
467 4313 560 4370 onines,
572 4309 613 4376 qni
624 4309 686 4359 eius·
720 4311 760 4359 tit:
775 4308 844 4359 Haec
859 4293 925 4358 enim
938 4307 991 4359 sola
1004 4307 1102 4375 potavit
1113 4306 1224 4358 bestialis
1237 4305 1279 4357 ille

127 4379 185 4431 dero
205 4379 284 4431 errori
301 4378 471 4430 contradicere
490 4377 591 4440 volunt,
619 4376 687 4445 quod
721 4377 844 4427 senueris
859 4395 919 4426 esse.
947 4378 974 4426 lo
988 4378 1037 4428 hoc
1050 4376 1135 4443 itaque
1149 4375 1278 4427 contrudi-

126 4454 176 4500 cett.
721 4462 802 4495 cemus
819 4445 940 4496 confictae
957 4445 1067 4495 eiusdem
1081 4445 1211 4494 versutiae.
1247 4445 1279 4493 lit

159 4515 202 4570 47.
218 4515 263 4570 nol
274 4520 415 4580 pnrttcutunr
426 4519 455 4566 de
464 4530 515 4566 meo
526 4516 618 4565 oddidt.
640 4517 686 4565 De·
718 4513 796 4564 tertio
804 4519 866 4577 cett,
879 4517 941 4565 rende
953 4516 1049 4577 difficile
1062 4518 1095 4565 cet
1103 4516 1211 4564 diuinum
1222 4514 1280 4576 quid

125 4587 392 4637 ddncturtnomnttns
402 4587 474 4637 tibris.
498 4586 686 4636 Gcrncrtnsoer·
718 4584 857 4639 mutandum
871 4585 1057 4646 reponendcncc
1072 4585 1111 4633 itte
1127 4584 1246 4634 mannent
