3046 5084
210 370 271 435 502
630 378 751 431 ειαοτι
768 379 937 431 nummu

211 500 270 563 Καὶ
293 496 402 575 οὕτως,
431 489 519 571 οὗτός
540 517 647 578 φησιν,
677 492 823 577 όπεστόλη
845 498 895 560 καλ
915 493 1048 579 ἦποίτησε
1069 495 1124 579 τὴν
1141 494 1242 563 Εῦαν.
1284 492 1368 563 Ἡδλ

209 601 335 684 ἤκουσεν
351 597 459 676 αὐτοῦ,
490 600 540 662 καὶ
556 600 680 679 ἐπείσθη
698 595 738 674 τός
753 602 808 687 υίῷ
824 606 915 679 θεοῦ,
946 602 997 665 καί
1012 609 1168 666 πεισθεῖσα
1182 596 1366 686 έφαγενόπό

210 710 264 769 τοῦ
285 701 374 779 ξόλου
395 709 447 782 τῆς
468 698 611 785 γνοίσεως.

166 805 194 861 ε’.
296 802 373 868 Είτα
388 803 457 869 ὅταν
471 802 579 883 ταύτην
591 800 645 884 τόν
660 805 773 884 μωρίαν
787 802 984 888 διηγήσωνται
999 805 1048 869 καί
1062 801 1095 869 τό
1111 806 1228 889 γέλοιον
1240 810 1296 885 τῆς
1308 806 1364 871 ἐτι·

210 906 384 989 τηδεόσεως,
414 904 523 987 ταύτην
538 904 591 987 τήν
608 902 764 988 τραγικὴν,
788 903 827 981 τός
842 908 951 984 εἰπεῖν,
982 903 1177 988 ποιησόμενοι
1198 904 1366 973 ιόπόβεσιν

210 1013 259 1075 καί
278 1008 309 1075 τό
328 1006 459 1090 κωμικόν
474 1015 560 1073 τοῦτο
580 1012 677 1091 δρᾶμα
694 1006 831 1090 όίρχονταί
847 1034 912 1072 τινα
928 1005 1000 1090 ἡμῖν
1015 1006 1198 1088 ὑποφαίνειν
1213 1011 1258 1085 τίς
1274 1006 1365 1093 παρό·

211 1135 311 1177 στασιν
325 1118 383 1175 τῶν
398 1108 466 1191 παρ’
481 1107 581 1183 αὐτοῖς
595 1110 756 1193 λεγομένων
771 1113 895 1188 ψευδῶν
912 1116 1004 1175 θεῶν·
1027 1109 1088 1189 ότι,
1114 1108 1191 1193 Οῦγλ
1205 1113 1260 1176 καὶ
1274 1110 1312 1175 τό
1325 1114 1365 1197 ἐγ

211 1242 285 1279 κατα
301 1211 400 1294 ἡμῶν,
432 1209 468 1275 δι’
487 1203 529 1275 τόν
543 1218 637 1292 ζῶμεν
653 1214 704 1275 καὶ
718 1211 906 1295 τρεφόμεθα,
939 1208 1243 1295 όφιοειδεῑόπόργεις
1280 1212 1367 1279 ”Aua

212 1319 243 1381 δὲ
266 1315 321 1380 όσα
342 1324 404 1388 τοῖς
421 1311 618 1394 ιῖπατημίνοις
636 1315 883 1397 παρειςφέρουσιν
908 1315 950 1389 είς
971 1312 1025 1396 τήν
1047 1315 1160 1379 έαντιῦν
1180 1314 1301 1398 πλόνην
1321 1316 1366 1381 καί

211 1418 328 1502 ληρόδη
348 1415 501 1481 όπόνοιαν.
546 1412 604 1478 Διό
621 1414 760 1496 τοιαύτην
776 1417 808 1480 δὲ
824 1418 936 1493 αἰτίαν,
966 1420 1056 1495 φασί,
1086 1414 1139 1480 τόν
1155 1413 1232 1496 ὅφιν
1249 1416 1366 1497 δοξόζο-

213 1547 281 1604 μεν,
313 1520 357 1585 ότι
373 1516 390 1584 ό
406 1516 479 1591 θεός
495 1520 588 1591 α’ίτιος
604 1525 655 1598 τῆς
672 1517 806 1601 γνιόσεως
821 1519 970 1602 γεγένηται
985 1526 1026 1605 τῷ
1042 1517 1160 1599 πλήθει.
1203 1515 1238 1583 ‘O
1254 1518 1368 1585 δέἾαλ-

93 1641 200 1699 ματα.
215 1621 357 1706 δαβαώθ,
387 1622 495 1700 φασὶν,
525 1616 580 1683 οῦκ
602 1618 689 1702 ἤθελε
709 1627 878 1701 μνησθῆναι
899 1618 953 1702 τήν
971 1618 1032 1684 όνω
1051 1621 1196 1703 Μητέρα,
1228 1619 1300 1687 οῦτε
1319 1618 1369 1687 τόν

217 1727 337 1808 Πατέρα
353 1731 415 1797 τοῖς
432 1720 617 1806 ἀνθρώποις.
652 1720 772 1787 Ἕπεισε
789 1722 820 1786 δὲ
836 1720 854 1786 ό
870 1720 940 1802 όφις
955 1724 1007 1787 καί
1022 1729 1132 1807 γνῶσιν
1148 1719 1292 1809 ἤνεγκεν,
1315 1726 1368 1789 έδί·

214 1831 282 1905 δαξί
303 1852 333 1891 τε
354 1825 405 1889 τόν
422 1822 586 1909 ἄνθρωπον
609 1826 660 1889 καί
681 1823 734 1907 την
754 1833 881 1910 γυναῖκα
902 1832 961 1889 τῶν
984 1822 1044 1889 ἄνω
1063 1828 1236 1908 μυστηρίων
1252 1824 1288 1891 τό
1311 1832 1370 1891 πᾶν

214 1939 266 2013 τῆς
283 1927 425 2015 γυοίσεως.
470 1925 525 1991 Διό
545 1923 563 1991 ό
582 1925 686 2011 Πατήρ
706 1923 872 2012 όργισθελς,
903 1928 1052 1993 τουτέστιν
1068 1923 1086 1991 ό
1099 1924 1309 2010 Ἰαλδαβαιόθ,
1336 1924 1370 1993 δι’

215 2035 253 2116 ἢν
266 2030 398 2107 όπέδειξε
410 2038 472 2105 τοῖς
486 2026 660 2113 όνθριόποις
674 2036 783 2114 γνῶσιν
797 2031 953 2116 κατέβαλεν
966 2026 1057 2093 αότόν
1072 2026 1122 2094 ἄπ’
1136 2026 1283 2113 οόρανοῦ.
1313 2030 1372 2095 Καὶ

216 2139 302 2201 ἐνθεν
319 2134 437 2214 βασιλέα
451 2130 504 2196 τόν
518 2130 589 2212 ’όφιν
603 2129 655 2195 ἀπ’
669 2130 800 2216 οόρανοῦ
815 2134 948 2217 λέγουσιν
963 2135 993 2196 οί
1004 2129 1059 2213 τὴν
1073 2134 1178 2215 μερίδα
1190 2138 1248 2197 τοῦ
1262 2130 1372 2213 ὄφιας,

215 2239 265 2302 καὶ
281 2233 367 2302 οῦδὲν
381 2238 479 2319 ἕτερον
492 2238 671 2317 κεκτημένοι.
717 2233 898 2311 Δοξόζουσιν
912 2226 967 2301 οὖν
982 2230 1073 2300 αότόν
1086 2232 1137 2299 διό
1151 2232 1207 2317 τὴν
1220 2232 1372 2317 τοιαύτην,

219 2341 331 2420 Ιὶφασί,
360 2344 483 2422 γνῶσιν,
513 2338 562 2400 καὶ
583 2335 672 2421 όίρτον
694 2333 773 2424 αὐτῷ
796 2338 1023 2421 προςφέρουσιν.
1058 2334 1182 2418 Ἔχουσι
1203 2333 1263 2423 γόρ
1286 2334 1373 2417 φῦαει

217 2443 288 2524 όφιν
304 2443 460 2523 τρέφοντες
477 2442 509 2504 ἐν
524 2443 608 2528 κίστη
627 2441 698 2517 τινί,
732 2432 793 2504 ξὀὗ
810 2438 886 2525 πρός
902 2436 956 2521 τὴν
972 2438 1054 2524 όίραν
1068 2444 1129 2504 τῶν
1144 2434 1248 2505 αότῦν
1265 2460 1372 2522 μυστη-

217 2550 290 2630 ρίων
315 2552 354 2631 τῷ
380 2549 483 2630 φωλεῷ
503 2543 717 2627 προςφέροντες
743 2543 794 2606 καλ
815 2540 997 2625 στιβόζονιες
1022 2542 1072 2607 ἐπὶ
1093 2541 1244 2625 τραπέζης
1265 2540 1374 2629 ῦρτους

219 2652 474 2732 ἐπροςκαλοῦνται
488 2642 541 2709 τόν
556 2642 636 2723 όφιν.
678 2642 881 2727 Ἀνοιχθέντος
896 2645 928 2710 δέ
943 2651 998 2709 τοῦ
1013 2648 1131 2725 φωλεοῦ
1145 2640 1276 2729 πρόεισι
1315 2646 1374 2709 Καὶ

219 2749 314 2824 οῦτως
335 2744 469 2812 όνελθιόν
490 2744 565 2811 κατό
588 2743 642 2829 την
667 2744 784 2811 ὁαιίτοῦ
807 2746 955 2832 φρόνησιν
976 2743 996 2813 ό
1018 2744 1090 2827 όφις
1110 2746 1163 2811 καλ
1184 2750 1374 2833 πανουργίαν

218 2851 276 2934 ἤδη
291 2849 443 2936 γινώσκων
459 2848 512 2932 τήν
528 2846 625 2913 αότῶν
640 2853 754 2935 μωρίαν
770 2846 880 2916 όίνεισιν
895 2850 946 2914 έπί
962 2847 1014 2931 τὴν
1031 2845 1177 2935 τράπεζαν
1192 2848 1247 2913 καλ
1263 2850 1375 2915 ένειλιῖ·

219 2982 266 3019 ται
287 2962 349 3028 τοῖς
371 2951 478 3035 ι’ίρτοις.
523 2954 584 3016 Καὶ
598 2950 709 3033 ταύτην
724 2953 816 3032 φασίν
833 2948 906 3017 εἶναι
923 2956 1031 3019 τελείαν
1045 2954 1164 3017 θυσίαν.
1197 2948 1301 3017 Ὅθεν
1315 2952 1376 3031 καλ,

221 3054 261 3133 τός
283 3054 342 3120 όπό
364 3081 444 3130 τινος
465 3052 596 3136 α’κήκοα,
626 3051 664 3119 οῦ
680 3053 773 3137 μόνον
788 3062 876 3119 κλῶσι
893 3053 965 3131 τοῦς
981 3053 1106 3139 ἄρτους,
1135 3054 1168 3119 ἐν
1184 3050 1234 3129 οίς
1250 3050 1272 3121 ό
1288 3051 1378 3131 αῦοός

220 3159 290 3238 όφις
304 3158 421 3240 είλήθη,
443 3160 492 3222 καὶ
508 3156 673 3223 ἐπιδιδόασι
685 3166 747 3232 τοῖς
759 3156 969 3240 λαμβάνουσιν,
992 3154 1063 3223 ἄλλό
1077 3158 1129 3222 καί
1140 3157 1269 3235 ἕκαστος
1283 3154 1377 3225 ιίοκιί·

220 3270 296 3340 ζεται
317 3259 368 3326 τόν
385 3258 456 3340 ὅφιν
478 3264 510 3325 ἐκ
527 3259 685 3342 στόματος,
715 3257 782 3342 ἤτοι
797 3264 915 3349 γοητεία
929 3262 988 3326 τινὶ
1005 3261 1190 3349 ἐπμσθέντος
1205 3266 1264 3325 τοῦ
1278 3256 1378 3341 ῦφεας

221 3369 262 3441 είς
284 3361 462 3448 ἡμερότητα,
492 3360 513 3445 ἢ
534 3365 565 3440 ἐξ
587 3364 687 3447 ἑτέρας
704 3364 848 3447 ἐνεργείας
870 3362 1011 3446 διαβόλου
1032 3358 1109 3448 πρός
1124 3358 1247 3445 ιίπότην
1263 3360 1378 3429 τοῦτον

221 3466 470 3552 ὑποκοριζομένου
492 3472 545 3531 τοῦ
566 3463 651 3543 ζοίου.
698 3471 906 3547 Προςκννοῦσι
921 3467 954 3531 δλ
968 3464 1021 3531 τόν
1037 3470 1193 3543 τοιοῦτον,
1225 3467 1281 3531 καλ
1295 3462 1376 3551 ιῦγα-

222 3576 333 3655 ριστίαν
348 3569 458 3652 ταύτην
473 3572 695 3651 ἐπιφημίζουσι,
717 3566 771 3650 τήν
786 3564 824 3634 δι’
841 3564 935 3634 αῦτοῦ
953 3568 1155 3651 ἐνειληθέντος
1169 3570 1377 3653 γεγενημένην,

222 3676 273 3738 καὶ
295 3666 386 3748 αὖθις
406 3669 443 3737 δι’
465 3669 573 3795 αβτοῦ,
602 3670 643 3746 όίς
664 3693 752 3751 φασι,
782 3678 822 3759 τῷ
845 3668 907 3737 όνω
925 3674 1025 3758 Πατρλ
1040 3668 1136 3753 ῦμνον
1152 3665 1379 3755 όνατεέμποντετ

223 3802 318 3852 οιτως
339 3774 374 3839 τό
396 3797 541 3859 μυστηρια
563 3772 661 3840 αῦτῶν
683 3738 854 3839 ἐπιτελοῦσι

308 3882 437 4002 Μωρίαν
459 3879 541 3943 δὲ”
512 3904 589 3943 ειποι
610 3904 654 3953 τις
675 3904 713 3942 αν
734 3879 785 3941 καί
801 3874 904 3960 γλεόης
919 3878 1068 3959 ἔμπλεων,
1096 3872 1203 3943 aut·
1164 3900 1235 3943 ουτο
1253 3874 1380 3989 α’ῦατρο·

223 3989 283 4063 πῆς
309 3978 369 4045 όπό
395 3985 481 4056 θείας
500 3986 617 4066 γραφῆς
638 3976 865 4063 έπιζητουμένης
894 3984 964 4045 ιδεῖ
987 3986 1089 4059 τοῦτο,
1121 3974 1182 4043 ἄλλ’
1207 3976 1284 4048 αῦτό
1309 3958 1380 4049 ααῦ

225 4082 311 4148 ἑαυτό
337 4089 377 4169 τῷ
403 4081 453 4147 τόν
478 4090 550 4148 νοῦν
573 4085 668 4166 ἔχοντι
692 4084 858 4167 ἐρρωμένον
884 4080 959 4147 κατό
984 4080 1061 4149 θεόν
1083 4084 1240 4167 γελοιιὸδες
1259 4080 1380 4169 &¹10⁴-

225 4208 313 4250 σεται.
358 4182 467 4261 Εόθδς
488 4185 543 4271 γὰρ
565 4192 646 4251 πᾶσα
666 4182 689 4269 ἦ
710 4183 807 4251 αὐτῶν
824 4190 992 4267 κενοφωνία
1006 4182 1144 4271 ληριίδης
1159 4210 1205 4261 τις
1220 4182 1382 4273 timi*

261 4411 319 4459 (λιι
337 4406 1380 4495 λί.-1.δπο’3εοινοοά.λάλι”ι.δολιο.1.ι“λιτίινιίιιιλολιιιιλιττλρλαταιῌ·

228 4482 301 4543 νυληο
319 4478 472 4547 συμφωνίαν.
815 4473 944 4533 δικαιοῦν
958 4507 992 4520 -
1007 4508 1040 4519 ·-
1054 4478 1099 4533 τοῦ
1115 4478 1228 4545 φωλεοῦ.

259 4556 284 4599 ἐ
302 4551 397 4598 διαιταν·
418 4546 489 4615 φασὶ.
524 4550 589 4597 Libri
606 4551 689 4599 habent
708 4546 783 4615 φησλ.
849 4550 874 4599 ·λ.
892 4552 1004 4611 Suspicor
1008 4546 1209 4633 προκαλοῦνται

259 4616 284 4670 3
301 4606 331 4669 οῦ
345 4644 378 4655 -
391 4633 472 4684 -τῳ
460 4616 580 4685 ’φωλεῷ
592 4632 646 4667 meu
659 4621 693 4667 εει
706 4632 782 4667 tmen·
847 4616 873 4667 ι’)
891 4618 966 4667 Verba
982 4608 1061 4671 αῦτοῦ
1077 4610 1202 4683 φρόνησιν
1223 4610 1241 4673 ῦ
1259 4608 1382 4687 hed
