3046 5084
340 362 477 417 Pautttt
493 365 557 417 tta.
568 367 587 418 l.
603 365 686 418 ΤΟΜ.
698 367 742 419 lll.
759 367 858 418 ttaeu.
870 368 982 420 XXXV.
1176 360 1237 422 485

84 481 132 544 nis
150 501 254 548 rocem
271 481 437 547 tribuimus.
483 481 585 568 Quare
602 495 727 570 utroque
743 506 854 569 genero
871 485 918 551 bic
936 497 966 550 et
982 486 1054 551 baec
1070 489 1156 552 homo
1171 511 1238 574 pro·

86 587 163 649 ferre
181 584 321 648 solemus.
369 581 430 650 Sed
447 586 496 650 ubi
512 607 653 671 generum
670 599 717 651 est
732 587 934 671 distinguenda
951 589 1131 673 proprietas,
1156 591 1239 656 lemi-

84 709 150 751 uam
175 687 322 767 mulieris,
356 709 464 752 marom
489 689 545 752 viri
569 690 687 753 nomine
707 690 902 753 declaramus.
949 689 1002 752 llis
1027 691 1103 754 enim
1125 693 1237 758 duobus

83 789 250 866 vocabulis,
280 811 420 874 generum
439 791 606 856 habitudine
622 802 776 877 separata,
806 813 898 855 sexus
917 793 1066 874 utriusque
1083 793 1238 859 diversitas

83 893 269 979 exprimitur.
315 892 358 955 Aa
377 893 502 957 bominis
524 916 586 958 vox
606 894 722 959 nonnisi
741 888 914 974 ὁμωνύμως
934 905 963 957 et
986 894 1121 979 ambigue
1142 897 1237 960 virum

83 1017 118 1061 oo
140 995 290 1059 mulierem
313 995 527 1080 complectitur.

167 1093 252 1180 Quae
266 1118 331 1160 cum
347 1098 387 1160 ita
404 1119 436 1160 se
452 1098 595 1176 habeant,
619 1099 720 1163 adeste
735 1120 844 1184 quaeso
860 1099 940 1162 servi
956 1100 1001 1162 dci
1019 1120 1120 1163 omnes
1137 1110 1168 1164 et
1184 1122 1236 1164 ve·
1256 1117 1314 1184 esp.
1331 1120 1373 1170 ur.

81 1198 176 1263 nitatis
195 1210 358 1277 amatores,
390 1200 505 1285 planum
525 1200 604 1263 illum
623 1211 654 1265 et
671 1202 844 1266 nebulonem
863 1198 1057 1265 Colorbasom
1079 1202 1235 1267 vehemen-

81 1302 139 1364 tius
159 1302 307 1377 deridete,
339 1302 386 1366 vol
404 1302 502 1387 lugeto
520 1303 616 1388 potius
639 1324 690 1367 eos
710 1304 757 1388 qui
776 1305 887 1388 decepti
908 1314 993 1381 suist,
1024 1325 1088 1368 cum
1109 1307 1234 1393 seipsos,

81 1414 141 1467 tum
166 1403 238 1467 alios
262 1425 346 1489 quam
367 1404 506 1489 plurimos
525 1406 724 1491 perdiderunt.
769 1403 835 1469 Nos
854 1417 949 1469 autcm
971 1406 1025 1470 deo
1043 1411 1152 1490 gratias
1169 1428 1236 1492 aga-

81 1527 163 1585 mus,
195 1506 271 1590 quod
294 1506 488 1570 mediocribus
506 1507 741 1592 simplicibusque
762 1508 861 1571 verbis
882 1509 955 1571 filios
974 1529 1044 1571 suos
1061 1510 1172 1574 veritas
1189 1530 1236 1574 re-

81 1617 157 1672 ctam
182 1609 211 1671 io
232 1608 307 1672 viam
326 1608 421 1673 soleat
438 1609 601 1690 deducere,
633 1621 735 1673 contra
755 1631 827 1674 vero
847 1611 952 1676 misera
971 1611 1018 1674 illa
1035 1613 1236 1695 arrogantiae·

81 1732 137 1796 que
153 1710 238 1796 plena
257 1710 411 1794 dogmata,
436 1721 467 1774 et
483 1712 632 1795 exquisito
649 1714 743 1776 lunata
759 1712 905 1776 lenocinio
923 1713 1060 1799 dissipet,
1084 1735 1118 1777 ac
1134 1724 1235 1798 pacate

80 1813 245 1898 leuiterque
263 1814 454 1898 progrediens
472 1825 588 1877 evertat
607 1815 737 1879 funditus
755 1825 784 1877 et
803 1816 973 1898 extinguat,
1006 1826 1038 1879 ut
1055 1837 1095 1879 ex
1111 1817 1234 1902 prophe-

81 1927 130 1978 tae
148 1915 314 1979 testimonio
333 1915 487 1980 manifeste
503 1916 664 2000 colligitur,
689 1915 736 2000 qui
753 1917 909 1980 nonnullos
924 1916 1011 2002 impia
1028 1920 1168 2001 quaedam
1185 1940 1235 1982 ou·

78 2017 188 2082 riosios
203 2017 419 2098 adscisceotes,
450 2039 485 2082 oc
500 2020 645 2083 scelerata
663 2017 764 2082 nescio
782 2039 857 2102 quac
876 2040 958 2082 saram
978 2019 1013 2081 ad
1033 2020 1162 2082 fraudem
1181 2040 1234 2083 cx-

79 2120 243 2204 cogituates
268 2120 311 2184 sic
332 2121 505 2205 alloquitor:
537 2127 593 2184 Pro
614 2145 646 2183 eo
665 2124 741 2203 qaod
757 2123 898 2182 ndaacmtis
915 2143 1015 2203 nquam
1034 2125 1127 2196 Saloe,
1162 2145 1298 2204 quocum.
1311 2148 1332 2205 a,
1345 2149 1363 2192 n,

78 2229 158 2287 ondit
174 2245 236 2285 cum
250 2227 379 2298 selentia,
403 2228 525 2286 adducet
536 2246 623 2306 super
635 2246 684 2286 vos
698 2228 825 2285 domairac
837 2245 938 2305 nquam
944 2227 1042 2307 flaturi,
1067 2246 1162 2304 regam
1175 2230 1234 2287 As-

78 2331 232 2408 syriorum.
263 2324 342 2390 Nam
357 2347 459 2410 aquam
477 2324 559 2390 Silo'e
575 2326 655 2390 missi
671 2327 831 2389 doctrinam
846 2325 1033 2410 interpretari
1046 2326 1125 2389 licet.
1158 2323 1233 2410 Quis

78 2430 127 2495 ille
144 2448 216 2492 vero
233 2429 308 2493 alius
324 2440 371 2491 ost
390 2439 507 2513 practer
523 2425 620 2493 Iesum
640 2430 785 2493 domiuum
805 2439 935 2492 nostram
953 2450 969 2490 a
987 2429 1042 2491 deo
1059 2425 1147 2491 Patre
1165 2428 1234 2491 mis-

78 2553 160 2611 sum,
192 2532 351 2616 etquidem
371 2531 488 2614 quiete,
520 2531 595 2615 qnod
613 2532 683 2595 nibil
700 2531 830 2595 insolens
849 2542 898 2594 aut
915 2534 1038 2595 locutum
1056 2541 1231 2615 perstrepat,

78 2636 130 2699 scd
148 2655 221 2698 vere
243 2655 277 2697 ac
296 2635 413 2698 sincere
431 2633 645 2697 sanctissimam
664 2655 800 2719 sponsam
820 2635 958 2712 edoceat,
991 2655 1075 2718 quam
1097 2634 1128 2696 io
1148 2630 1233 2698 Salo-

78 2737 175 2800 monis
188 2733 321 2801 Cautiois
336 2736 497 2799 columbam
513 2737 550 2799 ob
565 2736 697 2800 animalis
712 2737 924 2823 simplicitatem
939 2748 968 2799 et
981 2737 1230 2800 mansuetudinem
1246 2764 1341 2818 cauca,
1353 2767 1384 2809 ιο,

79 2840 293 2926 puritatemque
309 2840 515 2923 cognominati
557 2837 613 2917 Et,
639 2841 713 2924 quod
731 2850 777 2902 est
792 2840 983 2902 admiratione
1000 2840 1131 2922 dignius,
1162 2839 1231 2903 reli·
1260 2819 1383 2924 1issffi⁵q²g

78 2964 152 3027 quas
168 2963 289 3019 omues,
315 2963 470 3025 quaecum
486 2941 599 3004 alienae
615 2943 691 3020 siut,
716 2963 821 3005 nomeu
840 2942 931 3026 ipsius
945 2952 1102 3027 usurpant,
1126 2962 1232 3005 concat-

78 3045 162 3110 binas
178 3066 213 3124 ae
229 3043 347 3128 reginas
364 3045 507 3128 appellat,
532 3044 569 3106 cb
584 3045 696 3128 rcgium
714 3040 825 3108 Christi
844 3066 966 3121 nometi,
991 3047 1066 3128 quod
1084 3064 1232 3129 urnaquac·

79 3147 204 3232 quesibi
221 3146 384 3210 insolenter
398 3167 538 3230 arrogare
555 3146 716 3210 contendit.
752 3144 812 3211 Sed
829 3148 884 3211 etsi
900 3151 1071 3211 concadaime
1086 3153 1144 3209 sciat
1157 3159 1233 3209 octo-

76 3256 176 3332 ginta,
202 3249 257 3313 boe
274 3258 320 3313 est
336 3249 489 3328 haereses,
513 3260 573 3312 tum
585 3253 700 3330 paellae
713 3272 848 3331 quorem,
874 3251 983 3334 inquit,
1007 3273 1062 3312 non
1079 3261 1124 3311 est
1136 3271 1231 3311 nume·

77 3376 146 3429 ros,
177 3373 234 3415 ann
254 3363 345 3414 tameo
363 3365 406 3414 est
423 3355 549 3414 columba
569 3374 643 3427 mea,
659 3356 802 3437 perfecto
820 3374 895 3426 men,
929 3354 1062 3416 nimirum
1081 3362 1184 3415 sancta
1203 3362 1234 3414 et

78 3454 221 3520 catholica
238 3455 374 3517 eeclesia.
421 3453 507 3540 Quae
522 3455 655 3519 columba
670 3456 783 3540 quidem
802 3469 859 3535 cst,
883 3467 916 3519 ut
930 3455 1068 3531 diximus,
1094 3454 1130 3516 ob
1147 3453 1231 3517 buius

77 3560 141 3623 avis
163 3558 413 3621 mansuetudinem
437 3568 467 3620 et
488 3557 685 3621 innocentiam
705 3580 740 3621 ac
760 3559 976 3636 sinceritatem,
1009 3558 1139 3642 perlecta
1157 3577 1230 3620 vero

77 3660 154 3746 quod
172 3661 332 3746 perlectam
354 3681 371 3724 a
389 3661 444 3723 deo
462 3660 614 3724 scientiam
633 3661 854 3745 absolutamque
873 3660 909 3722 ab
927 3661 989 3745 ipso
1007 3657 1163 3724 Salvatore
1179 3681 1232 3746 per

77 3761 219 3850 Spiritum
236 3773 369 3826 sanctum
386 3764 580 3847 coguitionem
598 3765 702 3850 adepta
718 3763 767 3827 sit.
803 3761 896 3847 lgitor
911 3784 1037 3847 sponsus
1050 3763 1125 3847 ipse,
1144 3785 1230 3849 quent

76 3872 190 3930 missurn
207 3867 394 3951 interpretari
413 3867 498 3944 licet,
530 3868 585 3931 lroc
602 3878 648 3930 cst
666 3871 788 3942 Saluum,
815 3886 918 3948 aquam
938 3865 1024 3928 babet
1041 3865 1148 3931 leniter
1166 3889 1230 3933 soa-

77 3969 250 4047 tunicatam,
284 3969 446 4032 doctrinam
468 3970 582 4033 scilicet
604 3992 662 4033 non
685 3968 797 4054 ingenti
820 3990 884 4032 cum
909 3969 1032 4052 strepitu
1055 3991 1089 4033 ac
1113 3972 1230 4055 fragore

76 4071 284 4159 praecipitem,
317 4091 371 4135 uec
398 4071 477 4135 ioani
501 4092 535 4136 se
556 4094 661 4159 pompa
685 4084 715 4135 ct
737 4071 895 4136 ambitione
920 4071 1089 4136 iactantem.
1136 4070 1229 4138 Cuius

75 4194 184 4262 sponsa
211 4175 289 4238 mitis
310 4174 405 4237 instar
425 4174 576 4238 columbae
597 4196 713 4239 veneno
733 4185 831 4252 carot,
867 4195 961 4258 neque
982 4176 1106 4239 molares
1126 4177 1228 4242 dentes

76 4289 126 4341 aut
144 4277 263 4342 aculeos
282 4277 374 4362 gerit,
406 4277 567 4340 cuiusmodi
587 4280 745 4362 serpentes
759 4263 867 4340 liabent
889 4278 937 4340 isti
961 4278 1008 4361 qui
1030 4299 1147 4342 veneno
1163 4300 1228 4343 sea·

75 4390 156 4460 tent,
180 4400 303 4464 quorum
322 4380 428 4464 singuli
444 4379 631 4465 praecipuum
647 4380 762 4466 aliquod
781 4381 944 4446 mortalium
963 4380 1065 4466 generi
1082 4382 1163 4446 virus
1179 4404 1228 4446 co·

76 4493 185 4547 uantur
197 4483 354 4546 immittere
370 4503 404 4546 ac
419 4493 582 4546 sectatores
596 4503 666 4548 euos
680 4505 879 4569 corrumpere.
926 4484 1057 4568 Quorum
1074 4505 1091 4548 e
1107 4507 1227 4550 numero
