3046 5084
142 352 204 414 νίν
564 361 685 412 ειαοτι
703 359 872 412 εειειιιοιι

142 483 214 545 εἰσιν
242 483 273 544 οί
295 477 376 564 παρά
399 484 440 564 τῷ
464 476 574 564 Παόλιμ
596 478 741 560 εἰρημένοι
764 471 1017 556 ψευδαπόστολοι,
1050 471 1169 559 ἐργάται
1191 472 1295 554 δόλιοι,

141 579 454 663 μετασχηματιζόμενοι
475 582 517 655 είς
538 576 721 652 άποστόλους
744 583 883 661 Χριστοῦ.

230 689 368 766 Χρῶνται
381 681 436 766 γάρ
451 688 491 768 τῷ
506 678 581 745 κατά
598 687 763 743 Ματθαῑον
777 676 931 765 εὐαγγελίῳ
946 674 1004 741 άπδ
1020 677 1143 761 μέρους,
1165 678 1215 742 καλ
1230 675 1296 761 οάγλ

141 783 215 872 όλφ,
245 782 314 847 άλλά
337 783 386 848 διά
405 780 460 865 τὴν
478 784 663 868 γενεαλογίαν
679 779 733 862 τήν
751 782 906 864 ἐνσαρκον,
935 780 986 844 καί
1003 778 1114 860 ταύτην
1132 784 1297 865 μαρτυρίαν

141 887 265 971 φέρουσι
281 883 339 951 άπδ
354 893 409 950 τοῦ
424 882 607 969 εὐαγγελίου,
630 879 718 946 πάλιν
730 884 860 966 λέγοντες
876 873 937 960 ότι,
958 878 1095 965 Ἀρκετόν
1108 889 1148 968 τῷ
1163 891 1293 972 μαθητῇ,

139 992 190 1052 ίνα
206 990 323 1073 γένηται
339 985 379 1061 οἱς
396 985 413 1051 ό
430 985 612 1058 διδάσκαλος.
661 987 696 1046 Τί
713 976 781 1059 οὖας
809 985 899 1063 φασί,
924 982 1115 1068 Περιετμήθη
1136 980 1292 1066 όἸησοῦς,

146 1087 365 1171 1περιτμηθητι
377 1089 428 1151 καλ
442 1084 540 1160 αῦτός.
586 1083 717 1168 Χριστός
730 1083 805 1148 κατά
818 1084 927 1165 νόμον,
949 1087 1057 1165 φασίν,
1080 1084 1293 1165 ἐπολιτεύσατο,
1346 1078 1349 1083 ¹

141 1192 191 1255 καλ
209 1188 299 1264 αότδς
312 1187 348 1253 τά
364 1192 413 1252 ίσα
428 1193 561 1270 ποίησον.
596 1185 695 1250 Ὅθεν
709 1188 760 1250 καί
773 1210 849 1260 τινες
867 1188 899 1251 ἐκ
916 1185 1028 1252 τούτων
1034 1237 1043 1265 ,
1074 1184 1115 1263 τίς
1130 1184 1190 1252 ῦπδ
1207 1193 1293 1270 δηλη-

140 1295 249 1374 τηρίων
262 1288 523 1373 ῦφαρτταγθέντες,
545 1292 701 1352 πείθονται
716 1297 780 1362 ταῖς
794 1293 1019 1372 πιθανολογίαις
1036 1287 1086 1354 διά
1100 1287 1133 1353 τό
1151 1288 1204 1354 τόν
1220 1296 1293 1376 Χρι-

140 1391 210 1457 στόν
224 1398 462 1475 περιτετμῆσθαι.
511 1388 569 1454 Τόν
584 1391 617 1454 δέ
637 1397 758 1454 Παῦλον
773 1387 929 1468 άθετοῦσι,
959 1388 1009 1454 διδ
1027 1388 1060 1454 τό
1076 1388 1117 1472 μὴ
1131 1395 1294 1456 πείθεσθαι

139 1501 177 1583 τῇ
196 1500 348 1580 περιτομῇ.
389 1491 473 1556 Ἀλλδ
490 1494 541 1556 καί
560 1490 749 1576 ἐκβάλλουσιν
766 1488 871 1571 αὐτόν,
902 1487 951 1554 διά
969 1489 1002 1556 τό
1021 1494 1183 1576 εἰρηκέναι,
1205 1492 1295 1559 Ὅσοι

140 1595 270 1682 ἐννόμῳ
286 1599 475 1671 δικαιοῦσθε,
497 1601 550 1676 τῆς
564 1592 683 1679 χάριτος
701 1594 863 1669 ἐξεπέσατε
884 1594 935 1658 καὶ
953 1590 1014 1672 ότι,
1034 1590 1106 1660 Ἐάν
1122 1597 1293 1680 περιτέμνη-

142 1707 212 1777 σθε,
238 1694 366 1782 Χριστός
387 1693 465 1777 ὑμᾶς
486 1692 571 1760 ου’δέν
594 1692 745 1777 ω’φελησει.

14 2007 81 2075 Κεφ·
96 2005 124 2068 ί·
229 1996 323 2078 Οὗτος
337 2002 369 2067 δέ
383 1998 401 2066 ό
414 1999 568 2085 Κόρινθος
581 1998 707 2083 α’νόητος
719 2003 769 2065 καὶ
783 1998 917 2083 άνοήτων
930 2000 1106 2078 διδάσκαλος
1116 2002 1225 2083 φάσκει
1236 2001 1294 2068 πά-

140 2114 186 2171 λιν
209 2104 356 2188 τολμήσας
379 2102 508 2187 Χριστόν
530 2105 713 2168 πεπονθέναι
735 2105 785 2167 καί
808 2105 1029 2189 ἐσταυρῶσθαι,
1058 2103 1148 2187 μήπω
1170 2105 1201 2170 δέ
1226 2108 1292 2191 ἐγη·

141 2208 262 2294 γέρθαι,
284 2208 395 2289 μέλλειν
408 2207 440 2270 δὲ
455 2203 630 2270 άνίστασθαι
643 2203 716 2270 ὅταν
730 2202 751 2286 ἡ
764 2203 897 2270 καθόλου
909 2208 1026 2291 γένηται
1041 2215 1153 2292 νεκρῶν
1167 2204 1292 2271 άνάστα·

142 2331 211 2384 στις.
251 2306 410 2373 Ἀσῦστατα
425 2312 525 2371 τοίνυν
538 2314 629 2370 ταῦτα
640 2302 709 2389 παρ’
723 2308 845 2381 ἐκείνοις
858 2303 895 2370 τά
909 2331 940 2371 τε
954 2306 1070 2391 βήματα
1084 2310 1135 2373 καί
1149 2307 1290 2390 νοήματα.

131 2411 229 2476 Ὅθεν
249 2413 300 2475 καλ
323 2406 341 2475 ό
361 2416 481 2484 Παῦλος
501 2406 731 2489 ἐκπληττόμενος
750 2416 812 2482 τοῖς
832 2408 885 2488 μὲν
906 2406 1060 2475 άπιστοῦσι
1081 2418 1117 2500 τῇ
1137 2408 1291 2476 άναστάσει

141 2521 200 2579 τοῖν
214 2519 325 2595 νεκρόν
338 2518 374 2599 τῇ
390 2511 532 2598 μελλοάση
549 2511 668 2573 ἔσεσθαι
683 2511 767 2592 λέγει,
790 2512 832 2572 El
844 2513 943 2595 νεκρολ
959 2509 1014 2577 οῦκ
1032 2514 1200 2596 ἐγείρονται,
1222 2509 1293 2579 οόδέ

144 2612 271 2700 Χριστός
292 2612 455 2699 ἐγήγερται,
484 2613 535 2675 καί
554 2607 601 2689 τό,
633 2608 780 2694 Φάγωμεν
796 2613 847 2675 καί
866 2616 994 2695 πίωμεν,
1023 2612 1128 2698 αῦριον
1145 2613 1201 2700 γάρ
1220 2611 1295 2681 άπα-

15 2744 67 2788 pag.
82 2731 127 2775 ιιι.
141 2717 328 2800 θνῄσκομεν,
354 2715 406 2777 καλ
423 2711 475 2791 τό,
506 2710 564 2793 Μὴ
582 2719 749 2776 πλανᾶσθε·
779 2717 956 2798 φθείρουσιν
976 2714 1041 2798 ἤθη
1057 2715 1167 2800 χρηστά
1183 2713 1295 2801 όμιλίαι

139 2822 235 2885 κακαί.
280 2814 377 2879 Πάλιν
390 2815 422 2878 δέ
437 2823 499 2889 τοῖς
516 2815 631 2898 λέγουσι
650 2812 703 2879 τόν
720 2812 849 2900 Χριστόν
866 2819 988 2898 μηδέπω
1003 2819 1209 2903 ἐγηγερμένον,
1237 2815 1293 2895 τίς·

141 2918 239 2994 αότως
256 2915 308 2982 τόν
325 2919 440 3002 ἔλεγχον
457 2917 604 3001 ἐπιφέρει,
634 2918 739 3002 λέγων,
770 2920 814 2980 El
829 2917 957 3002 Χριστός
972 2918 1029 2985 οῦκ
1044 2918 1210 3005 ἐγήγερται,
1237 2918 1294 3004 μά·

140 3047 224 3089 ταιον
243 3017 276 3086 τό
295 3017 431 3103 κήρυγμα
449 3014 550 3101 ἡμῶν,
579 3024 687 3101 ματαία
702 3020 752 3083 καί
770 3017 791 3102 ἡ
806 3025 902 3096 πίστις
917 3017 1014 3102 όμων·
1045 3019 1245 3109 εῦρισιιόμεθα
1262 3023 1295 3088 δέ

141 3126 193 3191 καί
207 3119 449 3204 ψευδομάρτυρες
462 3127 516 3184 τοῦ
530 3127 621 3199 θεοῦ,
644 3119 690 3185 ότι
704 3119 801 3206 ἤγειρε
816 3120 868 3187 τόν
884 3121 1022 3207 Χριστόν,
1045 3122 1081 3189 δν
1097 3122 1153 3189 οῦκ
1165 3122 1293 3209 ἤγειρεν·

142 3223 184 3302 οίς
196 3233 256 3290 τῶν
271 3225 322 3308 μέν
337 3220 508 3288 άποστόλων
522 3221 725 3305 κηρυττόντων
742 3221 871 3306 Χριστόν
887 3226 1055 3311 ἐγηγέρθαι,
1070 3232 1158 3290 τινῶν
1170 3227 1203 3291 δέ
1215 3227 1293 3309 αίρέ-

141 3350 216 3395 σεων
228 3334 374 3414 λεγουσῶν
389 3320 519 3407 Χριστόν
537 3324 589 3405 μέν
601 3326 776 3409 ἐγηγέρθαι,
798 3325 920 3411 νεκροῦς
937 3328 969 3391 δέ
984 3325 1025 3410 μη
1037 3330 1208 3413 ἐγείρεσθαι.
1243 3323 1293 3390 Ἐν

141 3429 232 3519 ταῦτγγ
255 3429 310 3517 γάρ
331 3435 368 3519 τῇ
383 3430 516 3511 πατρίδι,
546 3429 623 3508 φημί
643 3427 674 3490 δέ
691 3425 788 3514 Ἁσίμ,
818 3427 888 3492 α’λλά
904 3430 954 3493 καλ
970 3431 1050 3519 ἐντῇ
1070 3432 1197 3516 Γαλατίᾳ
1210 3424 1292 3492 πάνυ

141 3529 255 3611 ἤκμασε
274 3530 308 3597 τό
327 3529 440 3597 τοῦτον
461 3532 678 3607 διδασκαλεῖον,
712 3532 768 3595 Ῑέν
786 3527 834 3606 οίς
852 3535 903 3596 καί
919 3557 947 3596 τι
965 3528 1157 3616 παραδόσεως
1170 3535 1293 3616 πρᾶγμα

141 3623 233 3712 ἦλθεν
254 3636 296 3707 εἷς
316 3630 409 3716 ἡμᾶς,
439 3630 481 3706 όίς
497 3657 584 3697 τινων
602 3632 656 3712 μέν
670 3628 738 3715 παρ’
754 3630 854 3708 αῦτοῖς
869 3636 1113 3717 προφθανόντων
1128 3639 1294 3716 τελευτῆσαι

143 3730 214 3796 άνιυ
226 3736 434 3814 βαπτίσματος,
451 3733 555 3809 ἄλλους
568 3734 600 3798 δέ
612 3730 672 3797 ἄντ’
684 3731 783 3799 αῦτοῑν
795 3737 838 3810 είς
848 3733 944 3816 ὄνομα
956 3737 1076 3802 ἐκείνων
1089 3740 1293 3822 βαπτίζεσθαι,

141 3831 217 3916 ῦπέρ
231 3839 284 3896 τοῦ
299 3833 339 3915 μή
352 3837 383 3900 ἐν
395 3845 431 3926 τῇ
444 3834 599 3902 άναστάσει
610 3834 791 3911 άναστάντας
802 3834 911 3913 αῦτοῦς
923 3840 1009 3920 δίκην
1023 3842 1130 3904 δοῦναι
1142 3842 1293 3924 τιμωρίας,

143 3933 294 4018 βάπτισμα
310 3933 351 4015 μή
370 3938 543 4020 εἰληφότας,
564 3943 701 4023 γίνεσθαι
718 3938 750 4002 δέ
768 3935 955 4024 ὑποχειρίους
969 3946 1024 4021 τῆς
1039 3948 1093 4005 τοῦ
1108 3945 1295 4024 κοσμοποιοῦ

142 4039 285 4114 ἐξουσίας.
314 4037 373 4099 Kal
388 4038 495 4104 τοῦτον
508 4042 594 4105 ἕνεκα
609 4037 628 4122 ἡ
643 4039 806 4125 παράδοσις
821 4039 842 4122 ἡ
858 4043 988 4106 ἐλθοῦσα
1002 4044 1044 4117 είς
1056 4039 1136 4124 ἡμᾶς
1151 4064 1226 4127 φησι
1241 4040 1295 4109 τόν

142 4136 232 4203 αῦτόν
244 4137 328 4223 άγιον
342 4133 504 4205 άπόστολον
518 4143 674 4226 εἰρηκέναι,
688 4144 731 4206 Et
741 4139 818 4219 ὅλως
830 4145 930 4235 νεκροί
943 4140 999 4210 οῦκ
1016 4146 1185 4230 ἐγείρονται,
1201 4144 1294 4210 τίιιαλ

142 4242 329 4323 βαπτίζονται
344 4235 418 4324 ῦπέρ
434 4238 549 4320 αῦτῦνς
581 4250 686 4321 Καλῶς
708 4244 740 4309 δέ
757 4241 839 4312 άλλοι
856 4244 889 4310 τδ
905 4244 996 4330 βητόν
1012 4245 1222 4330 ἐρμηνεάοντές
1235 4272 1292 4329 φα-

177 4429 237 4478 Gn».
252 4429 282 4477 V.
307 4456 341 4468 -
368 4430 391 4480 1.
408 4433 443 4480 lta
461 4431 511 4479 οοδ.
530 4432 603 4484 Υσλίτ.
637 4438 700 4486 Edu.
734 4433 809 4486 etiam
824 4454 854 4488 ex
867 4435 1003 4487 traditione
1017 4454 1056 4488 τοι
1068 4437 1235 4505 ιγιιεεδειοιδ
1248 4455 1294 4491 nos

141 4512 179 4560 φτ.
196 4498 264 4546 mm
279 4495 449 4564 περιπμῆθη·
734 4502 843 4556 devenit.

179 4564 345 4617 cn.v1.-
363 4567 385 4618 1.
404 4568 545 4617 Οοττιοτλαιε
561 4566 593 4619 δα
610 4569 698 4638 quibvs
