3046 5084
411 335 656 390 eannmrumr.
673 336 1028 390 nonantulanorum.
1229 325 1289 391 'tlt

147 458 340 545 reperiemus.
384 455 428 523 lta
453 479 513 522 uou
529 455 587 544 iam
606 457 696 523 multa
713 453 879 543 Principia,
908 457 961 520 sed
978 477 1068 522 uuum
1090 456 1163 536 erit,
1194 478 1290 541 aquo

149 571 248 625 cetera
264 560 444 646 dependeat,
468 561 547 623 etad
562 560 648 624 unius
664 559 815 644 imperium
834 558 972 624 universa
988 560 1168 637 relereutur3
1192 559 1292 642 sicque

148 664 239 729 fallax
258 684 293 726 ae
308 662 502 739 lucosaillius
516 663 611 727 oratio
624 661 773 739 concidet,
799 662 869 725 uibil
886 663 949 747 ipsa
964 662 1077 746 quidem
1093 659 1225 724 ueritatis
1242 660 1292 722 ba·

98 763 100 766 ⁴
147 767 237 843 bens,
266 787 301 828 ac
322 765 370 829 vel
391 765 469 829 omui
486 764 688 851 probabilitate
708 765 857 850 destituta.
903 761 999 828 Stulta
1020 764 1123 849 quippe
1143 773 1203 826 tota
1221 763 1292 826 baec
1325 833 1329 842 ,

148 881 194 933 εει
215 869 323 954 opinio.
367 865 445 931 Nam
467 866 492 931 si
514 867 783 932 Adaeuussalutem
802 866 919 929 minime
942 867 1142 952 estadeptus,
1175 865 1229 928 boo
1247 875 1293 928 est

148 972 212 1057 ipsa
233 970 443 1055 quodammodo
465 969 584 1054 generis
605 989 717 1047 massa,
749 991 804 1033 nee
827 969 884 1032 ulla
902 968 1023 1032 'massae
1046 966 1290 1052 buiuvpartieula

148 1073 260 1137 servari
278 1072 393 1157 poterit.
439 1069 472 1137 Si
488 1071 565 1135 euim
582 1072 628 1156 qui
646 1073 754 1157 primus
771 1071 897 1135 omnium
913 1071 1045 1136 conditus
1063 1081 1123 1148 est,
1147 1080 1177 1133 ει
1193 1090 1232 1132 ex
1248 1069 1292 1132 iu-

148 1185 230 1259 tegra
252 1174 345 1238 adbuc
368 1184 447 1239 terra
466 1176 624 1253 formatus,
655 1174 758 1238 salutis
774 1174 892 1237 minime
909 1186 955 1239 εει
971 1173 1132 1259 particeps,
1166 1191 1239 1256 quae
1255 1169 1290 1232 ab

149 1278 250 1342 eodem
273 1287 338 1340 orta
359 1287 428 1340 sunt
447 1297 504 1360 quo
526 1276 641 1340 taudem
664 1287 748 1362 pacto
770 1277 894 1341 salutem
916 1275 1107 1340 obtinebunt?

232 1377 428 1462 Quamobrem
445 1377 556 1441 duobus
571 1379 664 1444 modis
680 1400 779 1443 secum
798 1380 861 1464 ipse
876 1390 999 1464 pugnat,
1031 1378 1105 1463 quod
1128 1387 1158 1440 et
1175 1375 1289 1461 nuptias
1308 1389 1368 1458 cap.
1385 1389 1429 1439 ιιι.

147 1482 259 1546 auctori
273 1482 328 1544 deo
342 1480 507 1545 tribuendas
522 1493 619 1566 negat,
644 1502 751 1567 eaeque
766 1481 904 1566 llagitium
919 1493 948 1544 et
962 1481 1133 1544 adulterium
1149 1479 1289 1557 nominat,

147 1596 177 1649 ει
192 1585 319 1670 seipsum
334 1585 519 1648 nibilominus
535 1605 552 1647 e
568 1585 687 1648 muliere
701 1595 873 1669 prognatum
891 1596 977 1669 atque
992 1605 1033 1648 ex
1050 1583 1127 1647 virili
1144 1593 1209 1646 satu
1225 1603 1291 1666 pro-

147 1699 276 1753 creatum
299 1687 413 1751 servari
435 1706 522 1771 posse
544 1687 671 1750 conlidit.
717 1683 783 1768 Qua
801 1687 914 1770 quidem
930 1687 1042 1750 ratione
1059 1687 1183 1772 priorem
1201 1685 1289 1760 illam,

147 1812 231 1876 quam
251 1790 359 1874 nuptiis
376 1787 571 1874 imposuerat,
602 1787 805 1853 coutumeliam
829 1789 958 1852 rescidit.
1004 1786 1037 1853 Si
1060 1788 1136 1852 euim
1159 1787 1207 1851 ille
1228 1787 1291 1870 ipse

148 1893 289 1977 originem
308 1891 426 1954 trabeas
443 1911 459 1954 e
476 1891 584 1977 nuptiis
600 1890 723 1954 salutem
738 1892 942 1974 consequitor,
967 1912 1024 1954 uuu
1043 1889 1131 1974 igitur
1146 1889 1291 1952 detestan-

147 1996 201 2059 dae
227 2005 295 2059 snnt
318 1995 451 2079 nuptiae,
484 2014 557 2078 quae
580 2014 631 2057 eos
657 1994 794 2077 gignant,
828 1992 930 2076 quibus
955 1993 1033 2057 salus
1061 1991 1211 2056 tribuenda
1240 1990 1290 2069 sit,

147 2117 355 2183 quamcumque
376 2096 491 2176 demum
514 2106 623 2181 partem
648 2095 766 2180 eligant.
813 2092 898 2177 Quod
921 2097 945 2158 si
970 2116 1040 2159 vera
1063 2094 1102 2158 sit
1125 2094 1291 2157 eorumdem

146 2201 306 2278 sententia,
337 2209 369 2263 ιιι
383 2199 500 2263 illicitae
518 2198 577 2262 siut
594 2199 727 2283 nuptiae,
760 2208 840 2262 tauto
859 2199 950 2281 magis
969 2198 1111 2261 Adamum
1130 2196 1223 2281 ipsum
1241 2216 1292 2281 par

148 2314 193 2368 est
207 2303 308 2366 salutis
325 2313 487 2386 compotem
504 2300 583 2380 fieri,
608 2302 655 2384 qui
672 2301 758 2365 nullis
775 2312 949 2386 propagatus
964 2299 1071 2385 uuptiis
1086 2298 1175 2383 patris
1192 2320 1227 2361 uc
1243 2297 1292 2360 dlii

146 2417 175 2470 et
190 2405 311 2491 spiritus
328 2404 419 2466 sancti
437 2423 523 2466 mauu
538 2414 583 2466 est
597 2403 718 2481 effictus,
742 2404 980 2488 quemadmodum
997 2402 1140 2487 scripturn
1157 2411 1291 2479 testatur,

147 2530 211 2572 cum
238 2507 279 2570 ita
302 2517 384 2591 pater
406 2505 493 2568 lilium
515 2505 665 2589 alloquens
687 2507 895 2570 introducitur:
929 2511 1076 2567 Faciamus
1097 2509 1231 2566 hommem
1253 2505 1291 2564 cd
1302 2519 1433 2574 cusanus.

146 2616 309 2690 elargitum,
341 2621 370 2670 et
386 2612 593 2671 similitudinem
611 2619 744 2670 uacuum.
792 2606 849 2691 Qui
869 2629 956 2694 porro
977 2607 1114 2671 couveuit
1132 2607 1288 2686 Ardeatum,

147 2734 230 2799 quem
248 2733 300 2798 pro
316 2713 470 2796 desperato
485 2710 591 2790 babes,
615 2731 631 2772 a
646 2711 740 2774 salute
755 2711 880 2774 alienum
897 2732 975 2789 esse,
1000 2732 1063 2774 oum
1081 2711 1213 2774 domiuus
1228 2712 1291 2796 ipse

145 2814 229 2880 lesus
248 2812 383 2880 Christus
405 2815 435 2876 iu
454 2814 529 2877 buuc
548 2814 683 2877 muudum
700 2813 822 2878 veuieos
840 2815 899 2878 vita
917 2814 971 2876 iarn
992 2811 1141 2877 deiuuc'tos
1159 2812 1290 2878 homiues
1303 2829 1380 2873 tana.
1392 2829 1425 2872 ιι.

147 2938 269 3003 corpore
282 2919 346 3003 ipso
361 2915 520 2995 suscitarit,
544 2917 584 2980 uti
602 2914 760 2995 Lazarum,
785 2938 820 2979 ae
835 2916 1054 2994 viduaefilium,
1078 2927 1107 2978 ει
1122 2937 1291 3002 synagogae
1303 2896 1410 3010 {4¹2⁰ss

148 3020 284 3107 principis
307 3019 404 3082 liliam.
449 3015 527 3082 Nam
547 3019 572 3081 si
591 3019 616 3082 is
632 3039 811 3103 nequaquam
829 3018 970 3082 Adamum
985 3019 1068 3082 initio
1084 3019 1119 3082 de
1137 3029 1214 3083 terra
1232 3020 1291 3083 lor·

146 3125 272 3198 mosset,
303 3142 356 3184 eur
376 3121 405 3183 iu
424 3120 539 3184 bumum
556 3121 700 3205 despuens
721 3123 810 3185 lutum
828 3125 955 3199 luceret,
986 3123 1106 3206 eiusque
1124 3123 1171 3206 qui
1187 3141 1292 3186 caecus

149 3236 235 3290 uatus
255 3227 351 3288 luerat
366 3223 457 3286 oculis
473 3223 615 3302 illiceret,
641 3224 724 3308 eique
740 3225 832 3287 visum
849 3225 1002 3289 redderet?
1046 3222 1113 3307 Quo
1131 3226 1208 3288 lacto
1223 3245 1291 3288 con·

147 3330 269 3392 ditorem
284 3345 397 3391 secuse
411 3347 475 3390 cum
491 3337 571 3411 patre
586 3347 621 3388 ac
636 3326 737 3411 spiritu
752 3339 853 3391 sancto
869 3328 1022 3392 manifeste
1037 3328 1207 3408 declaravit,
1226 3348 1290 3391 cum

147 3442 257 3517 partem
275 3429 368 3508 illam,
392 3449 466 3511 quae
484 3449 571 3493 caeco
590 3440 657 3493 ueto
676 3430 791 3507 deerat,
816 3431 954 3515 adsperso
975 3431 1053 3511 luto,
1077 3431 1207 3495 mutilato
1226 3451 1291 3494 cor-

147 3533 226 3619 poris
247 3532 377 3596 membru
399 3531 536 3595 restituit.
582 3528 622 3596 Ut
643 3532 720 3595 enim
738 3554 871 3596 maurum
891 3533 966 3597 istud
984 3534 1142 3598 membrum
1161 3536 1291 3620 corrige·

147 3646 211 3717 ret,
243 3635 297 3698 boc
315 3634 411 3718 egisse
428 3635 554 3698 videtur.
600 3630 661 3698 lam
680 3656 752 3699 vero
770 3637 795 3699 si
813 3635 955 3699 Adamum
973 3636 1106 3701 domiuus
1124 3637 1187 3722 ipse
1204 3638 1291 3703 labri·

148 3739 241 3818 cavit,
265 3758 299 3800 ac
315 3737 437 3823 primum
451 3737 521 3801 illud
539 3758 623 3802 suum
640 3759 712 3824 opus
730 3737 915 3801 nibilominus
931 3739 1119 3819 exterminat,
1144 3742 1209 3805 dum
1224 3743 1292 3806 reli-

147 3862 220 3927 quos
236 3840 351 3904 iuterim
371 3850 487 3920 servat,
512 3851 618 3925 quanta
633 3840 720 3920 baec,
734 3840 890 3920 ¹(datiane,
915 3842 1035 3905 stultitia
1052 3844 1118 3906 cstl
1160 3841 1292 3909 lmbecil·

146 3943 259 4008 litatem
274 3944 350 4006 euim
366 3942 494 4021 domiuo,
515 3954 651 4028 quantum
667 3943 697 4007 iu
713 3954 742 4007 te
758 3954 813 4020 est,
833 3944 963 4028 affingis3
987 3945 1036 4029 qui
1051 3967 1115 4009 oum
1133 3947 1289 4028 bominem,

148 4067 231 4131 quem
248 4056 316 4110 aute
331 4066 433 4110 omnes
447 4046 617 4125 effinxerat,
640 4046 678 4111 ob
694 4047 807 4110 unicum
823 4047 921 4111 uiolati
939 4049 1064 4112 mandati
1080 4049 1190 4115 crimen
1204 4072 1221 4115 e
1234 4048 1291 4115 Pa-

116 4128 129 4162 '
148 4150 246 4214 radiso
261 4149 429 4233 depulsum,
453 4169 508 4212 uec
526 4148 665 4213 mediocri
681 4149 934 4214 animadversione
951 4153 1140 4237 castigatum,
1164 4164 1195 4217 ut
1211 4165 1290 4220 aeta-
1323 4137 1330 4152 ’

146 4309 215 4367 utque
233 4307 325 4354 Petunti
345 4304 525 4354 emendationem
545 4308 635 4355 recubes
654 4319 701 4356 non
732 4307 793 4356 rutto
806 4310 949 4369 structurae,
972 4309 1050 4358 timue
1066 4311 1079 4359 ἒ
1096 4313 1117 4358 et
1133 4311 1146 4360 ῐ
1164 4314 1185 4360 et
1200 4313 1222 4376 pt
1232 4313 1289 4361 tute·

147 4374 253 4423 dubitent
268 4376 294 4423 tu
310 4370 437 4438 εἰρημένον
453 4377 552 4422 mutere.
733 4376 788 4424 bunt
809 4378 833 4424 tu
848 4378 940 4436 syllaba
957 4378 992 4431 εἰν
1010 4380 1074 4427 unte·
1094 4380 1156 4440 quod
1172 4381 1290 4441 peueeeutt

180 4439 285 4492 autore·
301 4443 384 4492 tubeut
398 4439 503 4510 βλέπειν,
520 4439 560 4494 ἵνα
574 4447 624 4493 cett
655 4443 699 4495 tre-
733 4441 844 4510 βλέπειν,
868 4449 890 4493 et
910 4446 1034 4512 ttterumfp
1056 4448 1170 4510 absorpsit
1189 4450 1286 4499 ιιιενεῖ

145 4512 214 4572 poeut
230 4506 340 4577 βλέπειν,
365 4507 388 4562 εἰ
423 4506 441 4576 ἢ
459 4506 499 4561 ἵνα
515 4514 565 4560 sed.
602 4512 700 4561 Vesulu-
731 4514 838 4562 nemeen
853 4509 909 4578 ἵνα,
927 4514 989 4576 quod
1004 4518 1113 4577 sequitur.

146 4591 199 4628 rum
214 4579 320 4629 νιιιειιιει
340 4575 363 4631 et
379 4527 432 4644 pull,
456 4591 516 4641 quor
531 4578 569 4629 λιι
584 4579 700 4630 madeus
