3046 5084
383 344 518 395 PANAllll
535 345 598 395 ΗΒ.
613 347 634 395 Ι.
649 346 730 397 ΤΟΜ.
745 348 774 396 ll.
802 346 899 396 flatu.
917 347 1019 396 XXXl.
1211 336 1268 397 351

129 465 253 531 scrssri
285 462 347 529 lam
362 483 435 528 vero
449 483 467 526 e
480 473 601 548 stupore
616 484 651 527 ac
663 464 777 527 consilii
791 465 901 548 inopia,
917 477 1053 548 tunquam
1068 487 1107 529 ex
1122 466 1275 550 ignobilio-

127 587 173 646 rc,
187 587 339 651 corpores,
356 574 389 628 ut
400 574 469 628 ante
482 564 620 643 diximus,
636 563 735 627 mnndi
746 563 889 627 elemento
905 560 1059 649 pdodiimc.
1090 563 1134 629 lta
1148 586 1188 630 ex
1201 577 1275 630 atto·

128 669 206 733 uitae
223 669 329 733 mentis
345 677 424 731 stetu
441 676 568 743 terrem,
592 686 695 750 aquam
710 684 726 729 e
743 665 881 750 lacrymis
893 688 965 749 quas
980 678 1075 730 metus
1089 680 1273 748 excusserat,

128 792 227 834 acrem
243 792 284 835 ex
300 769 409 834 doloris
427 767 629 847 concretione,
650 767 749 852 ἱςιιιιιι
768 767 893 851 denique
910 768 1043 832 omnihus
1059 769 1274 853 ingeneratum,

127 872 208 937 velut
231 883 354 936 mortem
377 882 464 955 atquc
486 868 628 948 exitium,
657 869 777 955 perinde
797 880 882 954 atque
901 869 993 934 trihus
1012 871 1276 956 perturbationibus

127 977 267 1039 insertam
284 958 479 1059 ignorantiam
495 973 612 1037 docent.
656 973 703 1035 Ad
720 971 804 1050 haee,
827 972 958 1036 ahsolntu
975 974 1072 1037 mundi
1089 974 1208 1051 lubrica,
1233 974 1276 1037 ln·

128 1089 206 1141 teum
223 1075 379 1140 Hominem
398 1096 416 1138 a
435 1072 595 1141 Conditore
613 1075 728 1153 lictum,
760 1096 818 1138 non
838 1095 877 1138 ex
894 1075 972 1138 sicco
990 1075 1039 1139 illa
1060 1086 1155 1140 tomen
1174 1077 1272 1155 humo,

128 1180 180 1243 sed
203 1200 244 1242 ex
265 1179 359 1243 visum
381 1179 511 1263 fugiente
527 1173 707 1255 suhstantin,
740 1198 805 1241 enm
823 1199 862 1241 ex
881 1178 984 1241 diffusa
1002 1178 1166 1265 liquidaque
1183 1190 1274 1244 mete-

129 1281 192 1345 riae
208 1293 290 1367 parte
308 1282 499 1367 sumpsisset,
530 1291 560 1343 et
578 1280 607 1343 in
622 1300 689 1345 enm
707 1278 861 1344 Hominem
879 1280 1033 1344 animalem
1048 1281 1169 1345 alterum
1185 1283 1274 1368 inspi-

128 1394 235 1448 rasset.
278 1383 422 1469 llnncquc
440 1384 514 1447 adeo
534 1381 627 1468 ipsum
643 1382 722 1446 illum
745 1403 812 1446 esso
831 1383 879 1467 qni
898 1384 933 1445 ed
951 1384 1105 1467 imaginem
1122 1406 1156 1448 ac
1173 1384 1274 1449 simili-

129 1485 256 1550 tudinem
278 1487 316 1551 sit
339 1506 510 1571 expressus.
559 1482 638 1549 Nem
662 1486 698 1549 ad
719 1485 876 1569 imaginem
896 1506 961 1549 eum
983 1507 1050 1551 esse
1069 1489 1192 1567 lactum,
1224 1488 1272 1570 qui

129 1588 247 1653 muteris
262 1598 394 1666 constat,
417 1587 524 1673 quique
540 1587 581 1651 its
597 1584 653 1651 Dei
670 1588 774 1652 similis
790 1589 846 1666 sit,
870 1598 903 1650 ιιι
917 1589 1039 1651 eandem
1057 1611 1122 1653 cum
1139 1591 1203 1673 ipso
1220 1611 1272 1653 na-

129 1703 220 1755 tureae
242 1689 361 1755 minime
382 1688 539 1766 sortietur,
569 1688 735 1753 Animalern
751 1710 823 1754 vero
846 1690 881 1753 ad
899 1690 1115 1756 similitudinem
1135 1693 1269 1769 ethctnm,

126 1793 202 1858 unde
220 1792 306 1857 etiam
325 1792 403 1857 vitae
420 1792 554 1878 spiritum
571 1791 636 1855 eius
653 1791 790 1879 appellari
806 1792 1015 1873 substantiam,
1038 1814 1112 1878 quae
1131 1815 1170 1857 es
1186 1793 1271 1879 spiri·

126 1895 176 1959 tali
196 1895 319 1980 quadam
341 1895 471 1959 lluxieue
490 1896 620 1979 prolecta
637 1892 687 1956 sit.
732 1889 886 1957 Postremo
903 1896 1051 1980 pelliceam
1070 1897 1111 1959 illi
1131 1897 1270 1975 tunicam,

126 1999 182 2062 hoe
197 2010 244 2063 est
258 2017 376 2063 corncm
392 1996 470 2060 illem
485 2016 570 2080 quam
587 1994 746 2072 ceruimus,
763 2016 830 2059 esse
846 1996 1062 2061 circumdatam.
1099 1996 1185 2080 Quod
1200 2018 1272 2061 vero

126 2101 163 2165 nd
178 2097 288 2165 Matris
303 2098 468 2165 Achamoth
486 2099 576 2162 letum
591 2097 677 2161 aliam
693 2097 830 2183 pertinet,
855 2118 940 2181 quem
954 2119 993 2162 ex
1008 2099 1189 2184 Angelorum
1207 2098 1272 2165 su-

126 2203 236 2268 vetoris
253 2201 389 2267 comitum
402 2190 652 2284 ¹contemplatione
668 2200 798 2286 peperit,
822 2210 923 2284 estque
938 2200 1077 2286 spiritalis
1091 2212 1177 2285 utque
1195 2203 1271 2267 eius·

126 2309 273 2371 demeum
291 2301 390 2368 Matre
406 2313 546 2382 naturae,
578 2303 666 2367 etium
688 2303 765 2367 hunc
786 2302 915 2387 ignotum
940 2303 1030 2368 luisse
1048 2300 1201 2368 Conditori
1220 2327 1272 2390 pu-

126 2421 217 2487 tarot,¹
236 2429 271 2472 ac
289 2406 365 2471 clam
381 2405 445 2492 ipso
466 2409 616 2469 nesciente
635 2405 666 2469 in
682 2406 805 2469 eundem
822 2405 996 2484 demissum,
1028 2417 1060 2469 nt
1077 2427 1130 2492 per
1149 2406 1224 2471 hatte
1241 2409 1271 2472 in

126 2513 285 2598 prolectam
306 2509 343 2573 nh
366 2529 402 2572 eo
423 2508 548 2573 animam
572 2529 751 2594 corpusque,
783 2509 942 2593 quodcum
963 2507 1085 2572 materia
1104 2521 1272 2575 coricrctnnr

125 2626 189 2696 ost,
218 2623 334 2692 sctum,
365 2610 401 2675 ah
419 2609 580 2695 iisdemque
602 2612 682 2675 velat
699 2621 783 2675 utero
800 2620 945 2694 gestatum
964 2621 1051 2695 atquo
1071 2622 1206 2691 anctum,
1236 2614 1271 2676 ad

125 2718 154 2783 id
175 2717 251 2802 qnod
269 2715 431 2800 perlectum
449 2724 496 2777 est
513 2712 710 2799 recipiendum
728 2713 864 2777 idoneum
882 2714 1064 2778 redderetur.
1110 2711 1205 2800 lgitur
1221 2717 1272 2780 ad-

124 2818 250 2884 mirabili
270 2819 412 2904 quedem,
442 2817 539 2894 aiunt,
568 2815 749 2901 providentia
769 2817 877 2879 lactum
902 2827 947 2881 est
969 2813 1117 2901 Spiritalis
1134 2829 1166 2882 nt
1185 2817 1270 2882 homo

126 2919 317 2989 Conditorem
333 2921 453 3000 lateret,
486 2941 551 2983 cunr
569 2940 628 2983 una
643 2940 696 3004 per
712 2918 776 2981 eins
790 2918 914 2982 adlatum
931 2940 948 2982 a
965 2916 1116 3003 Sapientis
1133 2943 1270 2987 consere·

125 3036 218 3090 retur.
263 3021 304 3089 Ut
321 3023 398 3087 enim
414 3023 512 3108 ignota
527 3021 569 3085 illi
582 3018 682 3085 Mater
699 3020 768 3100 luit,
800 3019 844 3083 sic
861 3022 946 3084 etiam
966 3023 1043 3086 lctus
1060 3022 1154 3103 illius,
1186 3047 1270 3109 quam

126 3126 291 3193 Ecclesiam
309 3135 433 3204 vocent,
456 3122 610 3188 Ecclesiae
629 3124 751 3187 alterius
769 3145 804 3186 ne
822 3124 958 3188 coelestis
974 3125 1129 3208 imaginem
1149 3147 1271 3212 expres·

125 3250 199 3295 mm.
244 3228 344 3312 Atque
366 3227 441 3291 hunc
462 3227 556 3312 ipsum
580 3225 725 3289 hominem
746 3226 824 3289 illum
848 3247 914 3290 esse
937 3237 1059 3290 censent
1080 3229 1128 3312 qui
1150 3229 1179 3292 in
1198 3229 1271 3314 ipsis

126 3332 247 3410 existet,
264 3330 338 3395 adeo
355 3340 387 3393 ut
402 3329 528 3393 unimam
544 3326 709 3407 Conditeri,
730 3324 845 3414 Corpus
859 3329 958 3409 huno,
975 3325 1103 3393 Carnem
1118 3332 1268 3410 materiae,

127 3431 295 3521 Spiritalem
316 3431 472 3497 Hominem
495 3428 585 3495 Matri
607 3430 771 3495 Achamoth
792 3443 942 3517 acceptum
964 3434 1105 3496 reserant.

209 3534 260 3601 Ex
275 3536 313 3601 iis
331 3536 422 3600 trihus
438 3535 514 3620 qnod
529 3534 651 3599 materia
666 3545 792 3614 constat,
816 3535 1023 3619 sinistrumque
1037 3547 1170 3615 vocatur,
1194 3537 1270 3623 peri·
1306 3558 1366 3626 cip.

124 3661 159 3707 re
174 3639 345 3705 necessario
360 3639 540 3725 praedicant,
564 3646 663 3722 utpote
677 3638 753 3722 quod
772 3658 809 3701 ne
827 3636 975 3700 minimum
990 3636 1104 3720 quidem
1121 3639 1270 3705 immortn·
1295 3625 1381 3678 ³³¹¹·

124 3743 214 3809 litatis
234 3742 360 3808 adlatum
382 3741 475 3828 pessit
493 3740 645 3826 recipere,
668 3739 805 3804 Animale
823 3760 911 3819 vero,
935 3737 999 3803 sive
1018 3740 1171 3822 dextrum,
1194 3744 1270 3829 qnod

125 3845 250 3912 medinm
275 3846 353 3910 inter
376 3842 505 3931 spiritale
526 3864 561 3908 ec
585 3842 708 3908 moteria
732 3843 894 3929 praeditum
918 3841 1088 3923 interiacet,
1122 3842 1188 3909 illne
1212 3868 1269 3931 quc

160 4102 200 4157 ts.
215 4106 253 4157 lto
267 4103 335 4155 codd.
349 4104 423 4152 Vetto.
437 4106 458 4152 ct
474 4103 536 4164 tem,
549 4106 571 4151 ct
586 4102 632 4152 Vct.
645 4102 684 4152 lc·
717 4102 808 4162 Rettput
825 4101 878 4149 lc'hrt
892 4102 1002 4161 prostent
1021 4098 1080 4155 τότε
1098 4096 1160 4155 εἶναι
1180 4100 1223 4157 τὸν
1244 4103 1269 4158 ἐν

126 4178 196 4236 tnnc.
230 4174 304 4236 tuton
320 4163 467 4236 ἀνθρώπων.
715 4163 802 4226 αὐτοῖς
818 4160 935 4230 ἀξιοῦσιν.

160 4238 199 4293 16.
215 4236 321 4306 δυνάμει
343 4236 388 4290 και
412 4236 513 4306 προνοίᾳ
533 4242 683 4301 ecpomcmnt
751 4238 789 4288 tte
807 4239 844 4286 lto
856 4238 908 4287 cod
921 4238 984 4300 Vero,
996 4244 1064 4300 perte
1076 4241 1144 4291 codd„
1157 4254 1212 4292 mas.
1223 4244 1270 4293 Vct.

124 4310 209 4361 Bittius
223 4310 310 4370 ntttpuc
324 4308 353 4357 dc
369 4308 416 4357 t'ct.
430 4309 560 4368 lctcrpmtc.
714 4306 845 4366 listerpretts
859 4319 947 4369 quoque
960 4309 1116 4359 mmmttmlc.
1151 4311 1223 4372 Vclpo
1237 4313 1270 4360 tc-

159 4375 200 4432 tt·
216 4379 254 4429 tto
272 4376 381 4437 metipsi
394 4379 519 4438 praeeunte
533 4375 603 4425 cutm
616 4375 682 4424 stlta-
713 4375 777 4435 attur
794 4370 920 4437 σαρκικόι.

125 4459 184 4509 pur,
203 4444 331 4496 accardum
349 4446 396 4494 Vct.
410 4445 542 4505 momen
556 4445 682 4493 coctorr'tc·
751 4438 809 4491 Cur.
820 4440 908 4502 xxti.
922 4470 955 4482 -
971 4447 992 4496 ι.
1006 4446 1042 4495 ltc
1054 4445 1104 4494 cod
1116 4447 1169 4498 Veis
1198 4449 1270 4509 Vutpe

123 4519 179 4578 tect,
191 4518 213 4567 cl
225 4513 278 4564 cod.
288 4513 373 4574 tcestt,
386 4513 427 4576 put
439 4512 507 4561 lactet
518 4509 563 4563 stul
574 4505 605 4563 td
619 4502 683 4563 εἶναι
713 4506 893 4573 ἐπιδείξασθαι

123 4578 168 4636 cla
190 4578 216 4636 la
235 4584 289 4640 τοῖς
309 4572 395 4642 ciret<
412 4571 542 4647 Annum
562 4570 680 4641 ἀξιοῦσιν.
