3046 5084
263 344 325 411 282
677 354 797 408 οιαοτι
815 350 983 408 mmmm

260 480 344 562 τρίαν
359 473 506 561 ἡγήσαντο
523 480 577 538 τοῦ
595 470 693 538 αῦτῶν
708 471 910 557 κηρύγματος,
940 471 1063 536 καὶτοῦ
1082 467 1303 536 Βῦποστολικοῦ
1319 496 1409 558 χαρα-

260 585 384 663 κτῆρος,
407 579 495 641 παντί
515 602 556 662 τρι
578 573 670 657 ῦηλόν
693 576 787 639 ’ἐστι

351 679 428 763 Περὶ
443 678 475 742 ῦί
488 684 542 741 τοῦ
555 673 641 760 ολγίου
658 674 780 739 Παῦλον
797 672 838 750 ῶς
852 677 1094 757 βλασφημοῦντες
1109 670 1199 738 αῦτόν
1212 674 1338 759 λίγουσι,
1354 673 1413 741 πό·

261 799 301 845 σα
312 783 368 863 έχω
381 781 487 864 λέγεινς
507 784 633 862 Πρῶτον
646 776 699 859 μὲν
711 775 767 861 γάρ
780 777 914 861 λέγουσιν
927 773 1147 857 αῦτόνἛλληνά
1159 800 1188 840 τε
1202 779 1253 840 καί
1267 779 1296 854 έξ
1309 779 1413 842 ἐθνῶν

260 880 418 967 ῦπάρχειν,
447 879 631 964 προςήλυτον
653 878 685 942 ῦί
709 878 856 962 γεγονέναι
877 877 1007 961 ὕστερον.
1053 884 1126 954 Πῶς
1148 866 1204 943 οῦν
1223 875 1314 954 αῦτός
1334 880 1412 964 λέγει

261 985 331 1068 περί
353 984 475 1059 ἑαυτοῦ,
503 977 642 1065 Ἐβραῖος
663 982 693 1056 ἐξ
711 977 871 1064 Ἑβραίων,
900 982 934 1044 έκ
952 980 1118 1062 σπέρματος
1133 977 1282 1064 Ἀβραάμ,
1313 988 1413 1061 φυλῆς

266 1086 421 1167 Βενιαμὶν,
442 1081 517 1146 κατά
530 1080 622 1162 νόμον
639 1086 809 1162 Φαρισαῖος,
831 1082 1040 1164 περισσοτέρως
1053 1080 1182 1164 ζηλωτὴς
1196 1079 1337 1164 ῦπάρχων
1350 1089 1412 1146 τῶν

262 1193 414 1270 πατρικῶν
430 1209 488 1266 μου
506 1181 711 1267 παραόόσεωνς
734 1182 794 1245 Καὶ
811 1183 842 1246 έν
859 1177 934 1268 άλλρι
951 1180 1033 1270 τόπρο
1048 1185 1136 1268 λέγει,
1156 1179 1330 1267 Ἰσραηλῖταί
1343 1185 1411 1262 είσι,

261 1285 359 1372 κάγοί·
390 1287 505 1367 σπέρμα
520 1282 653 1368 Ἀβραάμ
672 1285 740 1362 είσι,
768 1279 858 1366 κάγοί.
903 1287 964 1346 Καί
979 1302 1067 1365 φησι,
1100 1281 1250 1368 Περιτομη
1268 1280 1411 1366 βκταήμε·

263 1408 325 1472 ρος,
348 1389 397 1451 καί
413 1385 672 1470 ἀνατεθραμμένος
686 1381 768 1468 παρῶ
783 1382 851 1458 τοῦς
864 1381 960 1458 πόδας
976 1383 1141 1468 Ιαμαλιηλ,
1162 1388 1214 1449 κοιλ
1226 1382 1365 1472 Ἑβραῖος
1379 1389 1410 1464 ἐξ

262 1487 413 1573 Ἑβραίων.
457 1489 518 1551 Καὶ
539 1478 587 1551 ῑῶ
604 1493 663 1550 τῶν
682 1490 784 1550 όεινῶν
800 1486 929 1567 ἑρπετῶν
946 1484 981 1549 τά
1000 1485 1082 1551 δεινά
1097 1483 1274 1569 κωκύματα,
1301 1490 1353 1553 καί
1368 1486 1407 1553 τά

264 1594 473 1675 δρακοντοειῦῆ
492 1593 667 1673 συρίγματα,
695 1588 747 1651 καί
768 1593 822 1666 τῆς
844 1591 1026 1664 κενοφωνίας
1046 1587 1082 1651 τά
1105 1587 1272 1674 ῦηλητήρια.
1321 1594 1410 1666 Τίνος

264 1693 296 1757 δὲ
311 1690 445 1774 λήψομαι
456 1689 510 1772 την
526 1693 702 1774 μαρτυρίαν,
724 1685 872 1769 Ἐβίωνος
885 1690 934 1751 καί
949 1696 1008 1752 τῶν
1021 1687 1083 1754 κατ’
1097 1686 1197 1769 αὐτόν,
1219 1688 1241 1773 ἢ
1253 1698 1307 1755 τοῦ
1321 1687 1409 1776 ολγίου

265 1795 382 1878 Πέτρου
399 1799 452 1857 τοῦ
464 1793 607 1876 λέγοντος,
627 1788 679 1864 Ὡς
694 1792 822 1873 ἔγραψεν
837 1785 907 1870 ῦμῖν
920 1786 938 1855 ό
952 1788 1081 1869 άῦελφός
1094 1818 1151 1874 μου
1167 1799 1298 1872 Παῦλος,
1320 1792 1408 1859 άτινά

263 1897 323 1959 έστι
345 1896 443 1976 βαθέα
466 1895 517 1957 καλ
540 1891 771 1977 δυςερμηνευτα,
800 1888 868 1954 όλοί
881 1888 1008 1973 άμαθεῖς
1025 1893 1074 1956 καί
1092 1890 1259 1978 άστήρικτοι
1278 1897 1408 1981 όιαστρέ·

261 2014 354 2076 φουσι
369 2002 406 2084 τῇ
421 1996 532 2059 ἑαυτῶν
549 1992 692 2080 άγνωσίρις
714 1990 811 2056 Πάλιν
824 1991 856 2054 δέ
871 1994 922 2057 καί
938 1990 956 2057 ό
971 1991 1054 2077 ῦγιος
1069 2000 1188 2071 Παῦλος
1202 2005 1343 2081 μαρτυρεῖ
1354 1999 1408 2062 καλ

262 2093 351 2172 αῦτός
366 2105 429 2172 τοῖς
443 2097 510 2182 περί
526 2098 643 2180 Πέτρον
656 2096 762 2178 λόγων,
785 2095 846 2156 Καὶ
858 2091 1012 2176 Ἰάκωβος,
1032 2096 1084 2159 καλ
1099 2092 1257 2179 Ἰωάννης,
1276 2100 1328 2163 καλ
1345 2100 1409 2182 Κη·

261 2204 338 2278 φῶς,
360 2201 393 2263 οἱ
405 2202 563 2273 δοκοῦντες
579 2196 678 2263 στῦλοι
692 2192 781 2273 εἶναι,
804 2193 901 2271 δεξιός
914 2197 1029 2261 έῦωκαν
1044 2198 1108 2278 έμολ
1120 2198 1172 2261 καλ
1187 2197 1331 2287 Βαρνάβᾳ
1345 2224 1408 2265 κοι·

263 2304 378 2375 νωνίας.
425 2298 492 2364 Κίίν
511 2324 542 2363 τε
562 2297 619 2384 γάρ
639 2297 751 2382 Ταρσέα
767 2294 874 2361 ἑαυτόν
892 2300 984 2376 είποι,
1015 2296 1070 2362 οῦκ
1088 2295 1147 2363 άπό
1165 2297 1273 2366 τοῦτου
1290 2299 1409 2377 πάντας

264 2402 380 2466 όέῦοται
399 2399 548 2486 πρόφασις
564 2409 627 2475 τοῖς
646 2403 857 2483 ’λεξιθηροῦσι
874 2396 910 2460 τά
926 2401 968 2474 είς
983 2400 1098 2464 ἑαυτῶν
1110 2400 1334 2486 καταστροφήν,
1354 2404 1407 2467 καί

260 2508 320 2566 τῶν
344 2502 532 2584 πειθομένων
555 2500 651 2576 ου”τοος
671 2502 751 2583 έχειν.
795 2500 858 2562 Καὶ
877 2497 932 2584 γάρ
954 2502 1006 2565 καί
1024 2499 1183 2586 Βαρνάβαν
1201 2502 1277 2588 λέγει
1291 2498 1406 2585 Ἰωσήφ

260 2602 541 2685 κατακαλούμενον,
571 2601 730 2688 Βαρνάβαν
745 2601 779 2684 δέ
794 2603 1027 2683 ματακληθέντα,
1056 2600 1124 2668 υλόν
1137 2602 1346 2689 παρακλῆῦεος
1357 2604 1404 2689 ἕρ-

262 2703 476 2787 μηνευόμενον,
505 2708 649 2786 Λευίτην,
678 2700 816 2787 Κάπριον
836 2709 876 2791 τῶ
898 2704 981 2787 γένει.
1026 2706 1087 2768 Καί
1107 2701 1145 2770 οῦ
1164 2705 1283 2782 πάντας
1302 2702 1407 2788 ίπιιῦή

261 2806 398 2891 Κόπριος
414 2798 467 2887 ἦν,
497 2803 552 2870 οῦκ
568 2799 606 2888 ἦν
622 2802 683 2871 άιτό
699 2810 753 2869 τοῦ
767 2809 857 2869 Λευί·
889 2802 931 2880 ῶς
947 2806 999 2870 καί
1015 2802 1033 2870 ό
1051 2804 1135 2891 ἅγιος
1153 2812 1287 2888 Παῦλος,
1315 2809 1343 2872 τί
1355 2808 1408 2872 καλ

260 2903 320 2972 άπό
343 2913 460 2991 Ταρσοῦ
478 2904 611 2990 ῶρμᾶτο,
641 2902 697 2973 οῦκ
714 2899 753 2990 ἦν
770 2903 919 2991 άλλότριος
934 2914 988 2971 τοῦ
1006 2904 1133 2993 Ἰσραήλ.
1177 2910 1409 2996 Διααπαρίντιον

132 3052 183 3095 1¹⁸¹-
199 3040 242 3085 152
259 3007 315 3095 γάρ
335 3016 448 3074 πολλῶν
462 3011 494 3074 έν
510 3017 572 3084 τοῖς
588 3006 705 3093 χρόνοις
719 3006 868 3090 Ἀντιόχου
884 3014 938 3073 τοῦ
952 3005 1158 3090 Ἐπιφανοῦς,
1179 3013 1231 3075 καλ
1246 3014 1278 3077 έν
1291 3010 1410 3096 χρόνοις

259 3107 370 3189 άλλοις,
393 3113 489 3176 τίποτε
504 3111 657 3193 συνέβαινε
670 3108 806 3191 πόλεμος,
828 3112 1118 3192 αἰχμαλωτισθέντων
1133 3113 1183 3176 καί
1201 3114 1353 3177 δοθέντων
1367 3115 1411 3188 τίς

259 3217 448 3299 πολιορκίαν,
476 3215 508 3277 ολ
522 3213 575 3295 μὲν
590 3211 765 3295 αἰχμάλωτοι
780 3208 923 3297 άρθέντες
938 3214 1093 3294 έπέμειναν
1109 3216 1142 3278 έν
1155 3234 1213 3278 τισι
1229 3212 1346 3292 τόποις,
1375 3218 1411 3280 οέ

262 3315 295 3380 δέ
309 3312 369 3381 άπό
384 3312 523 3396 τοιαῦτης
536 3316 630 3390 αἰτίας
643 3310 880 3399 οἷνοχωρήσαντες
893 3312 1047 3402 κατηίκουν
1061 3316 1183 3390 ἕκαστος
1199 3316 1299 3379 ’ἔνθα
1311 3318 1408 3380 mel«

260 3424 362 3498 ληφεν.
403 3415 456 3493 Ὡς
471 3419 522 3482 καλ
538 3415 624 3502 ίίγιος
636 3410 778 3500 Ἱερεμίας
792 3418 869 3501 ἔλεγε
882 3417 951 3501 περί
963 3422 1017 3481 τοῦ
1031 3414 1159 3500 Ἰσραήλ,
1180 3414 1319 3501 καθάπερ
1334 3422 1407 3482 πολ-

260 3518 344 3595 λάκις
358 3526 445 3585 τοῦτο
460 3516 531 3584 αῦτό
546 3519 724 3602 συμβέβηκε,
745 3515 779 3583 τό
793 3514 1020 3602 άιτοῦιῦράσκειν
1034 3516 1094 3583 άπῦ
1107 3515 1268 3603 προςάπου
1278 3524 1339 3583 τῶν
1349 3542 1409 3583 πο-

260 3625 379 3699 λεμίων,
409 3620 455 3686 ὅτι
479 3623 539 3686 Καί
560 3623 602 3697 τίς
621 3628 731 3695 Κιτιεῖς
753 3617 806 3685 έάν
825 3616 974 3709 άπέλθης,
992 3617 1075 3689 ,οῦτι
1095 3621 1158 3684 ίκιῖ
1175 3638 1224 3686 σοι
1241 3614 1410 3697 άνάκαυσις

261 3721 348 3784 ἔσται.
392 3725 489 3787 Παυτλ
508 3725 598 3812 δίκην
616 3721 706 3805 όῆλόν
723 3724 802 3788 έστιν
818 3721 863 3786 ῦτι
884 3727 988 3787 Κίτιον
1004 3720 1025 3804 ἡ
1043 3726 1189 3806 Κυπρίων
1205 3730 1409 3806 νῆσος’καλτῦ

260 3840 321 3885 ται·
353 3826 450 3886 Κίτιοι
464 3823 520 3909 γάρ
541 3825 671 3909 Κύπριοι
689 3825 741 3889 καλ
755 3821 873 3889 Ῥόδιοι.
914 3820 998 3888 Ἀλλά
1014 3826 1065 3888 καλ
1082 3826 1116 3889 έν
1132 3831 1169 3913 τῇ
1184 3828 1361 3913 Μακεδονίᾳ
1374 3822 1411 3890 τό

262 3926 347 4008 γένος
366 3923 515 4011 κατρίκησι
538 3932 682 4010 Κυπρίων
702 3948 732 3991 τε
751 3927 802 3989 καλ
817 3921 944 3991 Ῥοδίων.
978 3924 1077 3991 Ὅθεν
1097 3924 1134 4008 ῦή
1153 3928 1207 3992 καί
1222 3920 1412 4011 Ἀλέξανδρος

261 4022 379 4110 οόρμῦτο
402 4021 420 4089 ό
441 4029 600 4095 Μακεδών.
647 4030 708 4092 Καί
730 4027 839 4094 τοῦτου
860 4030 946 4092 ένεκα
968 4030 1122 4114 ἐμφέρεται
1143 4030 1175 4093 ἓν
1196 4038 1259 4104 τοῖς
1279 4034 1410 4091 Μακκα-

262 4132 358 4208 βαίοις
371 4126 416 4192 ὅτι
431 4129 537 4209 ἐξῆλθε
551 4132 666 4212 σπέρμα
681 4134 714 4196 ἐκ
729 4137 785 4216 γῆς
798 4133 932 4196 Κιτιέων.
979 4132 1040 4194 Καί
1055 4129 1110 4215 γάρ
1125 4132 1335 4213 ἐνσπέρματος
1348 4134 1410 4193 τῶν

258 4224 407 4311 Ἑλλήνων
421 4226 606 4315 Ἀλέξανδρος
622 4230 640 4296 ό
655 4230 814 4297 Μακεῦῶν.
855 4230 940 4297 Ἀλλά
956 4231 1110 4316 γενόμενος
1123 4231 1253 4297 πάλινέν
1269 4236 1310 4319 τῷ
1325 4227 1409 4319 τόπῳ

292 4417 317 4468 2.
332 4412 497 4472 άπαατολοιοῦ
513 4434 560 4470 κατι
576 4422 643 4469 habet
657 4425 708 4471 cod.
726 4426 799 4475 λὀιιο.
882 4423 907 4474 2.
925 4421 1114 4488 λεξεοιῖιηροῦοι
1136 4424 1187 4471 τοῦ.
1202 4422 1300 4484 Rhodia.
1317 4425 1339 4471 ιλ
1355 4423 1412 4473 adit

293 4486 317 4537 3.
336 4484 389 4538 ἐστι
404 4505 451 4538 τοο
466 4494 529 4537 extat
544 4492 568 4537 in
583 4490 635 4537 cod.
652 4491 724 4539 Υοιίο.
847 4494 923 4552 μείου.
935 4518 968 4528 -
984 4494 1040 4539 Item
1052 4506 1096 4553 γτο
1110 4487 1215 4553 Ταρσέα
1227 4492 1253 4538 λιι
1266 4490 1321 4538 ασελ
1332 4492 1412 4550 prino.

294 4554 353 4605 Gn.
369 4556 453 4607 XXV.
470 4584 503 4595 -
522 4555 544 4606 l.
562 4548 584 4607 ῶ
601 4558 651 4605 σοῦ.
665 4559 737 4607 γοῦν.
850 4560 933 4619 λιςίλιιε
956 4556 1067 4622 Βαρσέα,
1094 4564 1116 4609 τί
1137 4558 1200 4619 ἰαίνει
1216 4552 1410 4623 Βιαστεσράντυτ
