3046 5084
282 340 343 402 662
700 348 821 404 SANCTI
837 350 1009 404 EPIPHANII

283 467 425 550 Βαβυλοῖν
440 470 574 554 δευτέρα,
596 470 647 534 καὶ
661 466 749 552 καινή
763 468 911 552 Σοδόμων
923 473 1087 553 πολυμιξίαι.
1121 468 1213 547 Ἕως
1228 468 1302 538 πότε
1319 477 1357 519 ⁸⁰
1366 492 1433 557 συγ·

282 572 354 653 χίεις
374 568 427 647 τάς
447 570 595 655 γλαῖσσας,
618 570 707 647 ’Ἕως
730 570 801 637 πότε
818 578 926 658 τολμᾷς
943 570 1019 637 κατά
1033 580 1094 637 ταῖν
1110 570 1171 639 ύπδ
1190 580 1246 639 σσῦ
1263 574 1357 657 μηδὲν
1372 572 1433 639 οῖδα·

280 675 445 754 κουμίνωνς
479 680 582 755 Ζητεῖς
594 673 649 759 γάρ
663 672 827 755 βιάσασθαι
841 672 993 759 ἀγγελικάς
1005 673 1155 757 δυνάμεις,
1175 682 1211 721 ⁶⁰
1220 674 1353 758 ἐκβαλοίν
1363 674 1434 753 τούς

155 814 206 858 ρας.
220 802 265 845 εσα.
282 774 387 861 λόγους
402 783 454 858 τῆς
469 773 609 858 ἀληθείας
626 774 684 841 ἀπό
698 784 752 859 τῆς
766 778 933 859 ἐκκλησίας,
955 775 1081 857 φάσκων
1094 776 1167 842 Λοίτ
1179 782 1221 866 τῷ
1234 775 1327 867 ἀγίιμ,
1346 776 1431 857 Ἐξό-

280 904 349 964 γαγε
370 876 440 953 τοῦς
458 876 573 962 ἀνδρας.
618 881 678 942 Καὶ
696 877 714 943 δ
732 880 897 962 ἐπιχειρεῖς,
927 877 1002 944 κατά
1022 888 1148 946 σεαυτοῦ
1165 882 1334 965 ἐπιχειρεῖς,
1366 878 1435 957 τούς

282 982 314 1045 δὲ
328 978 435 1066 λόγους
448 986 500 1062 τῆς
514 978 655 1064 ἀληθείας
668 979 721 1046 ούκ
738 983 878 1064 ἐκβαλεῖς,
901 979 971 1045 ἀλλά
987 981 1110 1047 σεαυτόν
1124 981 1282 1059 πατάσσεις
1297 984 1330 1048 ἐν
1345 980 1432 1067 δορα·

282 1087 346 1171 σίμ,
376 1085 427 1149 καί
450 1086 481 1148 ἐν
498 1086 579 1148 νυκτί
598 1085 765 1173 ἒζοφωμίνη
785 1085 911 1168 διοίγεις,
940 1089 1088 1165 ψηλαφῶν
1105 1082 1160 1169 τήν
1176 1088 1293 1171 θύραν,
1325 1086 1377 1149 καλ
1392 1082 1433 1167 μή

281 1183 424 1270 εὑρίσκων
440 1188 495 1261 ἕως
512 1183 645 1274 ἀνατείλη
665 1183 682 1250 ό
697 1183 780 1267 ήλιος
793 1187 844 1251 καλ
858 1189 925 1275 ίδης
938 1185 993 1268 τήν
1009 1184 1120 1271 ήμὲραν
1136 1194 1189 1270 τῆς
1203 1190 1343 1273 κρίσεως,
1367 1188 1399 1252 ἐν
1416 1178 1434 1275 ή

280 1290 330 1352 καλ
346 1287 378 1352 τό
398 1295 457 1372 πῦρ
477 1286 672 1370 ἀπαντήσεται
688 1295 723 1376 τή
741 1294 779 1376 σή
797 1291 990 1376 ψευδηγορίμ.
1039 1296 1132 1355 Τοῦτο
1151 1287 1207 1375 χείρ
1226 1310 1258 1355 σε
1278 1290 1433 1373 ίκδίχεται,

282 1388 323 1466 ἀς
341 1388 421 1477 δρᾷς.
467 1388 542 1454 Ούτε
559 1389 613 1475 γάρ
632 1399 725 1455 κεῖται
740 1388 821 1475 παρδ
839 1398 879 1478 τῷ
896 1388 1066 1479 ἀποστόλιμ,
1098 1389 1157 1457 Διά
1175 1389 1228 1457 τόν
1243 1389 1355 1473 νόμον,
1384 1394 1433 1457 καί

282 1490 362 1574 παρά
376 1494 423 1557 σολ
437 1499 523 1557 τοῦτο
540 1491 754 1576 πεποιήτευται.
800 1495 842 1556 Εἰ
854 1493 886 1557 δὲ
901 1494 951 1557 καί
967 1495 1061 1578 ἔλεγεν
1076 1490 1094 1558 ό
1108 1491 1281 1573 ἀπόστολος,
1306 1492 1367 1561 Διά
1382 1492 1434 1561 τόν

281 1594 391 1677 νόμον,
413 1594 601 1683 συυμδύντως
614 1597 690 1680 ἔλεγε
707 1602 748 1683 τῷ
765 1597 870 1661 ἑαυτοῦ
887 1599 996 1683 κυρίῳ,
1024 1593 1078 1679 ούχ
1090 1598 1141 1661 ῖνα
1156 1594 1306 1687 καταλύσῃ
1321 1594 1375 1663 τόν
1386 1594 1434 1663 κό-

283 1724 353 1782 μαν,
377 1696 436 1763 ἀλλ’
457 1701 506 1761 ἵνα
527 1696 676 1787 πληρώση.

366 1799 402 1866 ιδ
419 1802 470 1865 καὶ
484 1798 530 1882 κβ
545 1798 630 1883 Σχόλ.
662 1797 718 1863 Ἐν
738 1806 777 1887 τῷ
797 1798 877 1888 νόμῳ
894 1800 1052 1886 γέγραπται
1070 1798 1132 1881 δτι,
1163 1802 1433 1887 ἒνὲτερογλοίσσσις

282 1906 332 1969 καί
354 1907 471 1985 χείλεσιν
493 1904 601 1987 ἑτέροις
617 1900 730 1985 λαλήσω
754 1899 830 1985 πρός
851 1900 902 1966 τόν
923 1900 994 1967 λαόν
1014 1909 1127 1968 τοῦτον.

366 2004 403 2070 ιδ’
418 2009 470 2070 καλ
486 2003 532 2087 κβ
543 2003 660 2089 Ἔλεγχ.
694 2007 736 2067 Εί
750 2002 791 2086 μή
809 2002 958 2089 ἐπλήρωσε
973 2002 1076 2086 κύριος
1096 2004 1133 2069 ταί
1150 2006 1183 2071 ἐν
1199 2012 1241 2094 τῷ
1258 2004 1345 2097 νόμιμ
1362 2032 1432 2093 προ-

283 2110 429 2193 ειρημένα,
447 2111 490 2182 τίς
505 2100 541 2191 ἦν
553 2111 632 2190 χρεία
643 2105 697 2172 τόν
710 2103 875 2173 ἀπόστολον
889 2103 1057 2190 ὑπομνῆσαι
1068 2105 1103 2171 ταί
1115 2104 1176 2174 ἀπό
1190 2110 1288 2192 νόμου
1302 2110 1336 2175 ἒν
1346 2114 1433 2199 καινή

283 2211 415 2299 διαθήκη
430 2209 617 2294 πληρούμενα
622 2238 631 2288 ;
661 2206 713 2285 Ὡς
726 2212 777 2275 καί
791 2207 809 2274 ό
823 2209 919 2292 σωτήρ
935 2212 1041 2287 ἔδειξεν
1056 2208 1102 2275 ότι
1114 2207 1205 2286 σῦτδς
1218 2202 1257 2293 ἦν
1271 2208 1291 2277 ό
1305 2212 1359 2277 καλ
1372 2208 1434 2277 τότε

284 2313 408 2402 ἐννόμῳ
423 2311 562 2395 λαλήσας,
592 2314 642 2377 καί
658 2310 732 2377 κατά
748 2310 868 2395 ἀπειλήν
884 2310 986 2394 ὁρίσας
1002 2309 1118 2391 αὐτοῖς,
1140 2314 1247 2398 λόγων,
1272 2312 1333 2379 Διό
1348 2338 1432 2399 προς-

284 2417 406 2501 οίχθησα
426 2423 462 2504 τῇ
482 2422 566 2503 γενεᾷ
583 2413 690 2504 ταύτης,
716 2416 765 2479 καί
783 2412 881 2493 εἷπον,
910 2412 969 2479 'Aa
982 2422 1148 2481 πλανῶνται
1162 2422 1199 2505 τῇ
1214 2420 1340 2505 καρδίη,
1371 2418 1430 2497 καί,

275 2520 395 2602 ’Ὡμοσα
407 2520 435 2582 εί
446 2516 650 2593 είςελεύσονται
665 2520 707 2593 είς
720 2517 774 2601 τήν
785 2516 970 2583 κατάπαυσίν
982 2542 1048 2599 μου.
1081 2515 1138 2583 Διό
1152 2520 1204 2583 καλ
1217 2520 1250 2584 ἕν
1262 2518 1432 2607 ἕτερογλοίσ-

285 2645 348 2698 σοις
364 2625 548 2706 ἐπηγγείλατο
566 2626 686 2703 λαλῆσαι
701 2617 816 2698 αύτοῖς,
850 2616 890 2695 ἀς
911 2622 961 2685 καί
979 2620 1110 2704 ἐλύλησε,
1139 2622 1191 2685 καλ
1212 2618 1270 2687 οῦκ
1287 2622 1431 2706 είςήλθοτ.

289 2732 382 2790 Τοῦτο
401 2722 455 2810 γάρ
470 2720 632 2807 εὑρίσκεται
646 2724 737 2809 λέγων
752 2731 815 2797 τοῖς
831 2719 923 2786 αῦτοῦ
936 2730 1099 2805 μαθηταῖς,
1119 2718 1204 2806 Ὑμῖν
1216 2724 1337 2791 δίδοται
1349 2730 1432 2807 λαλῖχ·

285 2851 333 2893 σαι
348 2825 384 2891 τά
401 2824 545 2911 μυστήρια
560 2833 612 2908 τῆς
626 2830 782 2908 βασιλείας,
805 2827 928 2900 ἐκείνοις
942 2825 975 2890 δὲ
990 2826 1021 2891 ἐν
1035 2829 1227 2911 παραβολαῖς,
1247 2828 1300 2892 ἵνα
1313 2828 1433 2911 βλίττον-

283 2957 329 3006 τες
346 2928 386 3012 μή
402 2930 544 3010 βλέπωσι,
574 2930 625 2992 καί
639 2925 676 2992 τά
692 2930 765 3011 ἑξῆς.
811 2933 969 3009 Πανταχοῦ
986 2931 1088 2993 τοίνυν
1110 2930 1143 2993 ἕν
1163 2933 1199 3017 τῇ
1216 2936 1308 3021 καινῇ
1323 2926 1432 2997 zadun*

284 3038 410 3107 παλαιᾶς
422 3029 607 3115 πληρούμενα
622 3036 710 3095 παντί
723 3057 763 3118 τῳ
778 3032 871 3109 σαφές
886 3032 962 3095 ἐστιν
976 3028 1022 3095 ὅτι
1035 3026 1089 3114 ούχ
1104 3032 1205 3119 ἕτίρου
1220 3038 1300 3099 θεοῦ
1314 3033 1366 3099 καλ
1376 3032 1432 3099 λεί-

286 3163 357 3222 ρου,
380 3131 450 3199 ἀλλά
471 3140 524 3198 τοῦ
547 3130 638 3199 αύτοῦ
660 3136 693 3197 αί
712 3132 768 3198 δύο
791 3136 937 3216 διαθῆκαι
958 3136 1150 3199 συνίστανται.

370 3340 403 3406 ιε’
417 3342 467 3406 καί
480 3338 523 3425 κγ’
538 3338 623 3423 Σχόλ.
654 3342 698 3404 At
711 3348 847 3425 γυναῖκες
858 3340 889 3404 ἐν
902 3339 1038 3427 ἒκκλησίμ
1051 3335 1227 3425 σιγάτωσαν,
1250 3335 1288 3405 οῦ
1302 3336 1359 3427 γδρ
1372 3338 1432 3407 lut·

285 3448 418 3525 τρέπεται
440 3441 542 3519 αύταῖς
561 3450 669 3508 λαλεῖν·
699 3440 770 3507 ἀλλά
789 3439 1073 3521 ύποτασσέσθωσαν,
1100 3437 1206 3517 καθείς
1226 3442 1277 3507 καλ
1301 3438 1321 3509 ό
1343 3440 1435 3527 νόμος

287 3551 317 3614 λέ
335 3574 367 3613 ει.

317 3578 334 3635 y
371 3648 403 3715 ιε’
418 3651 468 3714 καί
483 3652 527 3734 κγ’
537 3646 654 3734 Ἔλεγχ.
687 3650 730 3712 Et
749 3647 824 3713 κααά
844 3647 898 3713 τόν
918 3646 1011 3730 νόμον
1032 3644 1217 3713 διαταίσσεται
1237 3642 1257 3713 ό
1277 3644 1363 3733 ἅγιος
1382 3652 1436 3713 τοῦ

287 3760 363 3820 θεοῦ
380 3749 542 3827 ἀπόστολος
556 3750 612 3834 τήν
625 3747 757 3829 εὐταξίαν
770 3757 807 3840 τῇ
825 3747 895 3839 ἀγίμ
908 3756 962 3815 τοῦ
978 3756 1055 3815 θεοῦ
1069 3750 1217 3839 ίκκλησίμ,
1239 3746 1298 3817 οῦκ
1310 3748 1436 3827 ῦταατας

288 3856 306 3924 ό
321 3855 425 3939 νόμος,
454 3852 505 3934 ἀφ’
522 3847 614 3941 οὗπερ
630 3851 685 3937 τήν
699 3851 832 3931 εὐταξίαν
846 3856 1076 3936 μετακομίζεται,
1102 3848 1172 3917 ούδλ
1187 3846 1345 3937 ἀλλοτρίου
1360 3858 1437 3921 θεοῦ

288 3958 411 4088 όηάρχει
432 3955 451 4023 ό
471 3955 576 4040 νόμος,
607 3955 661 4039 τήν
681 3965 807 4043 γυναῖκα
827 3953 1039 4033 καθυποτάξας
1059 3958 1100 4045 τηῖ
1118 3950 1212 4038 ἀνδρί.
1256 3956 1437 4043 Σπαρίση

288 4062 343 4149 γδρ
364 4064 414 4127 καί
436 4058 588 4149 ἀποστόλμ
610 4067 696 4127 τοῦτο
719 4063 751 4127 ἐν
771 4086 807 4149 τη
829 4066 882 4143 τῆς
903 4061 1054 4141 ἐκκλησίας
1074 4060 1253 4183 νομηθεσίμ,
1286 4056 1332 4135 δίς
1351 4080 1435 4143 φησι,
1462 4048 1479 4101 ‘-

171 4205 220 4250 Μ,
233 4193 277 4238 τοι
293 4164 406 4240 Καθαίς
422 4166 472 4228 καί
488 4160 506 4227 ό
523 4161 613 4245 νόμος
627 4165 709 4247 λέγει.
739 4168 808 4227 Ποῦ
825 4162 857 4227 δὲ
872 4156 986 4227 είπεν’
967 4186 985 4225 ο
1001 4159 1106 4244 νόμοςς
1137 4156 1223 4225 Ἀλλα
1237 4160 1271 4227 lv
1284 4186 1328 4251 τφ
1311 4164 1437 4229 ‘ulfi

289 4267 341 4334 τόν
358 4265 433 4333 θεόν
450 4263 526 4391 πρός
546 4264 600 4349 τήν
619 4262 704 4329 Εῦαν
718 4262 827 4345 εύθύς,
859 4261 943 4389 Πρός
963 4260 1015 4329 τόν
1031 4261 1126 4349 ἀνδρα
1145 4282 1200 4329 σου
1219 4258 1242 4347 ἦ
1257 4260 1437 4353 ἀποστροφή

289 4393 360 4451 σου,
381 4366 486 4435 καῖ’
448 4367 536 4445 αντός
550 4390 605 4434 σου
620 4366 774 4453 κυριεύσει.
818 4364 909 4431 Et
875 4392 929 4453 γαρ
945 4366 996 4432 καλ
1012 4367 1044 4431 ἐν
1058 4364 1283 4447 ἀλλοιςτόπσις,
1305 4364 1378 4435 ἀλλά
1391 4368 1437 4437 δι·

322 4526 363 4581 69.
378 4530 576 4596 σογχεῖςειιακδ
585 4531 702 4580 Ραλσνῖυε.
726 4528 791 4578 λίσαι·
800 4528 844 4577 λυ·
909 4522 952 4577 60.
967 4526 1003 4575 lta
1023 4524 1097 4575 τδῖελῖλ
1112 4524 1224 4577 Pam·
1242 4536 1275 4577 σε
1293 4526 1350 4579 σοῦ.
1364 4528 1436 4581 M.

290 4602 341 4651 οισι
358 4594 474 4666 συνέχεια
877 4590 908 4649 ἐκ
923 4589 1038 4663 βαβυλοίν
1054 4592 1109 4645 «tit
1118 4594 1195 4659 μὴτ.
