3046 5084
276 362 336 421 650
697 368 819 419 SANCTI
835 367 1001 417 EPIPHANH

275 486 364 568 χόθεν
382 488 414 551 δὲ
435 493 469 531 ¹⁸
480 484 682 571 ιόμολόγησας,
705 482 820 569 ἀγνοοῖν
838 490 890 548 τοῦ
908 490 983 548 θεοῦ
1003 479 1077 548 εἰναι
1095 480 1148 549 τόν
1166 485 1319 561 Μωδσέος
1334 484 1425 569 νόμον

276 586 334 654 ἀπό
351 596 419 666 τοῦ,
441 587 489 651 Ἐν
503 596 544 676 τῷ
559 586 640 676 νόμῳ
656 588 820 663 Μωϋσέος,
842 588 908 664 καὶ,
929 582 964 649 ‘0
979 582 1072 668 νόμος
1084 588 1166 671 λέγει.
1208 583 1428 653 Ἐπακολουθεῖ

275 690 329 775 γάρ
344 689 362 755 ό
375 688 536 767 ἀπόστολος
548 692 756 772 συντιθέμενος
769 691 801 754 έν
814 696 854 776 τῷ
869 689 1018 770 μετέπειτα
1032 690 1186 772 εἰρηκέναι,
1200 688 1259 771 Μή
1272 696 1334 755 τοῖν
1346 694 1425 773 βοοῖν

160 800 166 813 ‘
275 795 352 875 μέλει
371 801 412 880 τῷ
435 800 512 880 θεῷ,
543 791 701 874 ήπόντως
722 790 759 855 δι’
780 788 859 873 ήμοῖς
875 794 1003 875 ε”ιρηιιενς
1038 794 1080 854 Et
1095 792 1127 855 δέ
1144 789 1195 856 διά
1211 790 1282 868 τοός
1298 789 1422 859 ἀποστό-

274 903 343 969 λους
358 898 469 978 εἴρηκεν
484 892 502 960 ό
516 894 608 976 νόμος
623 897 673 959 καὶ
692 892 710 959 ό
724 897 755 958 έν
771 901 812 981 τῷ
826 891 909 980 νόμῳ
925 890 999 968 θεός
1010 892 1152 976 λαλήσας,
1175 896 1350 977 ἐπιμελεῖται
1367 893 1424 979 ἀρα

274 1005 332 1061 τοῖν
348 994 518 1063 ἀποστόλων
535 1004 589 1063 τοῦ
607 1004 737 1080 Χριστοῦ
752 998 783 1061 έν
798 1003 838 1083 τρῖ
853 994 893 1077 μή
910 1002 1022 1077 φιμοῦν
1040 993 1148 1073 αάτοός
1161 999 1424 1081 παρακελεύεσθαι,

274 1098 338 1181 ήτοι
356 1108 408 1164 τοῦ
424 1108 519 1163 λαλεῖν
536 1098 588 1182 τήν
606 1106 658 1164 τοῦ
677 1105 805 1183 Χριστοῦ
824 1094 915 1162 αότοῦ
931 1100 1133 1177 διδασκαλίαν,
1163 1096 1229 1181 ήτοι
1244 1098 1300 1181 τήν
1316 1098 1423 1183 ἐφήμε-

275 1229 326 1285 ρον
347 1201 462 1287 τροφήν
482 1200 562 1287 παρά
584 1209 643 1266 τοῖν
663 1209 742 1266 λαοῖν
760 1198 902 1275 ἀνενδέως
920 1197 1030 1276 αάτοός
1046 1202 1127 1283 ἔχειν.
1174 1198 1238 1265 Ου’τι
1261 1198 1321 1287 ἀρα
1343 1200 1424 1269 ἀλλο-

274 1308 372 1386 τρίους
387 1302 458 1379 τοός
473 1302 654 1379 ἀποστόλους
671 1306 777 1368 ἑαυτοῦ
792 1308 843 1385 τῆς
857 1300 1000 1384 θεότητος
1016 1299 1110 1384 οἰδεν,
1132 1301 1203 1367 οὐδὲ
1218 1306 1251 1367 οί
1264 1301 1424 1371 ἀπόστολοι

273 1404 424 1490 ἀλλότριον
448 1404 537 1471 αάτόν
556 1404 631 1470 θεόν
652 1402 799 1490 ήγοῦνται.
840 1402 888 1481 Ἐξ
910 1397 999 1489 ήςπερ
1022 1402 1095 1490 ὑπὲρ
1117 1403 1238 1470 πόντων
1259 1412 1424 1493 μαρτυρίας

273 1505 291 1572 ό
308 1507 391 1592 ἀγιος
410 1506 573 1583 ἀπόστολος
594 1506 764 1573 ἀποδέδωκε
786 1505 898 1589 φήσας,
931 1505 988 1589 Μή
1011 1509 1078 1588 περὶ
1098 1514 1159 1572 τοῖν
1181 1512 1261 1589 βοοῖν
1282 1510 1364 1591 μέλει
1382 1518 1424 1599 τηῖ

273 1617 351 1698 θεῷ,
383 1607 451 1673 ἀλλά
468 1608 517 1674 διά
532 1609 601 1686 τοάς
619 1607 802 1685 ἀποστόλους
817 1613 922 1693 εἰρηκε.
969 1611 1028 1673 Καὶ
1045 1613 1072 1674 εί
1085 1608 1135 1675 διά
1152 1608 1223 1687 τοῖς
1239 1608 1424 1689 ἀποστόλους

273 1716 385 1795 εἰρηκε,
417 1711 534 1795 κτιστής
556 1714 588 1776 δέ
610 1715 670 1777 ἐστι
692 1710 932 1796 ἀνθρώπωνκαὶ
954 1718 1086 1794 κτηνοῖν,
1116 1715 1146 1791 έξ
1168 1704 1210 1778 όν
1230 1712 1302 1795 βόες
1322 1739 1353 1781 τε
1373 1718 1423 1781 καί

272 1817 432 1899 στρουθοί,
463 1813 566 1899 ἕρπετά
583 1818 678 1880 τεκαὶ
697 1814 846 1893 κνοόδαλα,
875 1814 975 1879 ένάλιά
990 1839 1019 1879 τε
1036 1816 1086 1879 καί
1102 1812 1138 1879 τά
1153 1812 1239 1893 ἀλλα,
1269 1814 1329 1901 ἀρα
1346 1818 1424 1899 μίλςτ

271 1914 349 2005 αὐτῷ
367 1920 434 2001 περὶ
451 1917 569 1982 πόντων
585 1916 659 1981 κατά
676 1917 730 2000 τήν
745 1920 870 1982 ἕκάστου
889 1914 1054 2001 ἀναλογίαν.
1100 1920 1160 1982 Καὶ
1178 1920 1256 2001 μέλει
1273 1918 1328 2001 μέν
1344 1916 1422 2007 αότρῖ

271 2022 338 2104 περί
357 2018 475 2084 πόντων
493 2023 524 2085 ἐν
540 2028 579 2109 τῷ
596 2023 703 2105 λέγειν,
724 2018 918 2104 Ἀνθριόπους
932 2022 981 2083 καί
1001 2018 1092 2103 κτήνη
1111 2019 1230 2100 σοίσεις,
1251 2018 1352 2107 κόροι,
1372 2022 1421 2087 κοί

271 2125 302 2187 ἒν
323 2130 363 2209 τῷ
385 2125 546 2206 εἰρηκέναι,
579 2128 631 2198 Τίς
648 2124 758 2187 δέδωκε
775 2121 882 2206 κόρακι
898 2120 1009 2205 βοράν;
1037 2125 1105 2201 καὶ,
1137 2120 1421 2207 Νεοσσοίκοράτοον

270 2224 345 2306 πρός
363 2224 465 2309 κόριον
482 2224 654 2311 κεκρόγασι,
683 2223 719 2288 τό
734 2233 799 2289 σῖτα
815 2231 981 2307 ζητοῦντες,
1012 2226 1078 2301 καί,
1108 2223 1221 2303 Δοίσεις
1234 2223 1290 2308 τήν
1305 2224 1421 2311 τροφήν

271 2326 408 2411 εὔκαιρον
426 2336 488 2402 τοῖς
503 2336 600 2392 πᾶσιν,
643 2325 726 2391 Ἀλλά
745 2326 799 2392 οόκ
822 2329 853 2392 έν
875 2334 915 2414 τῷ
933 2324 1025 2392 ἀλοᾶν
1040 2326 1108 2403 τοός
1123 2332 1196 2411 βοῦς
1211 2326 1419 2414 παρεκελεύετο

271 2429 311 2511 μή
326 2436 439 2512 φιμοῦν
455 2434 529 2510 βοῦν
546 2428 691 2507 ἀλοῶντα,
719 2432 824 2495 19έιτεί
841 2432 986 2495 έδείκνυεν
1002 2428 1039 2495 ἀν
1053 2428 1094 2513 μή
1111 2428 1259 2497 δόνασθοι
1275 2429 1329 2497 τόν
1349 2430 1421 2498 θεόν

270 2534 387 2617 τρέφειν
409 2530 500 2596 αὐτοῦ
522 2530 575 2614 τήν
599 2538 746 2615 20κτῆσιν
767 2541 801 2579 2¹
813 2530 899 2621 ἀλλη,
930 2535 957 2596 εί
969 2537 1021 2597 καί
1036 2532 1077 2615 μή
1092 2531 1142 2598 διό
1157 2540 1211 2615 τῆς
1224 2540 1285 2599 τοῖν
1301 2530 1419 2619 ἀνθρᾶ-

270 2661 336 2699 πων
349 2644 411 2710 τοῖς
426 2631 558 2716 κτήνεσιν
574 2642 610 2681 2²
620 2636 877 2719 ἔπικουρουμένων
890 2642 1012 2719 τροφῆς.
1041 2633 1156 2713 Ἕδειξε
1171 2636 1204 2701 δέ
1215 2632 1234 2701 ό
1246 2634 1334 2724 ἅγιος
1347 2634 1420 2703 ἀετό-

271 2745 371 2812 στολος
393 2735 430 2801 οά
451 2736 488 2801 δι’
506 2735 632 2820 ἀπορίαν
653 2744 766 2823 τροφῆς
784 2735 836 2802 τόν
857 2736 932 2801 θεόν
952 2736 1002 2803 διό
1020 2744 1074 2804 τοῦ
1089 2736 1216 2821 ἀλοητοιῖ
1230 2740 1419 2823 ἐπιμέλεσθαι

270 2843 352 2921 βοοῖν
368 2841 399 2904 έν
417 2847 457 2928 τῷ
473 2839 722 2925 παρακελεύεσθαι
738 2841 780 2922 μή
798 2847 910 2922 φιμοῖν
925 2838 994 2917 τοός
1010 2838 1178 2919 τοιοότονς,
1209 2838 1281 2906 ἀλλά
1298 2842 1351 2909 διά
1366 2848 1420 2909 τοῦ

269 2945 440 3026 αἰνίγματος
462 2945 529 3026 περὶ
552 2948 611 3007 τοῖν
635 2939 806 3008 ἀποστόλων
826 2946 1022 3025 σημαίνεσθαι
1046 2942 1101 3025 τήν
1121 2944 1225 3027 σχέσιν.
1274 2952 1342 3011 Τοῖν
1362 2942 1418 3031 γάρ

270 3043 395 3108 23ιιότω
419 3047 571 3126 αἰσθητῶν
593 3042 712 3110 πόντων
735 3054 859 3110 ποιεῖται
881 3044 934 3128 τήν
952 3044 1111 3131 πρόνοιαν,
1143 3048 1194 3111 καὶ
1212 3042 1326 3129 όμοίοις
1341 3048 1419 3131 μίλιι

269 3145 348 3234 αὐτῷ
366 3149 432 3231 περὶ
449 3145 574 3211 πόντων.
622 3144 666 3211 Ου’
684 3145 738 3232 γάρ
756 3144 915 3223 ἀντιθέτως
932 3145 950 3213 ό
965 3146 1127 3225 ἀπόστολος
1143 3146 1220 3233 πρός
1234 3147 1288 3215 τόν
1302 3154 1417 3235 σωτῆρα

268 3252 410 3334 έγραφεν,
440 3253 490 3313 ίνα
511 3250 606 3325 οὕτως
624 3254 865 3335 προφασίσωνται
886 3253 918 3317 οἷ
934 3255 1043 3316 πολλοί.
1086 3252 1262 3337 Μικρότερα
1282 3250 1338 3339 γᾶρ
1358 3258 1418 3319 οὖν

268 3355 348 3433 βοοῖν
364 3350 399 3415 τό
415 3356 574 3436 στρουθία,
597 3355 664 3438 περὶ
682 3345 724 3417 οῖν
742 3350 760 3417 ό
777 3350 873 3437 σωτήρ
889 3354 984 3439 έλεγεν
1001 3351 1062 3433 ότι,
1087 3355 1181 3419 Πέντε
1194 3358 1343 3439 στρουθία
1357 3380 1418 3423 τεο-

147 3485 196 3529 pag.
210 3476 254 3519 σοι.
268 3463 359 3519 λεῑται
373 3452 517 3539 ἀσσαρίων
530 3454 596 3534 δόο,
618 3457 669 3519 καί
682 3453 780 3533 πόλιν,
805 3452 878 3538 Οόχὶ
895 3454 950 3521 δόο
966 3459 1111 3541 στρουθία
1123 3464 1260 3523 πωλεῖται
1275 3454 1418 3545 ἀσσαρίου

268 3556 349 3635 ένός,
384 3560 468 3620 ²⁴El
488 3549 543 3622 οὖν
571 3556 626 3622 δύο
651 3562 795 3642 στρουθία
818 3566 955 3623 πωλεῖται
978 3555 1121 3643 ἀσσαρίου
1145 3556 1226 3639 ἑνός,
1256 3560 1308 3627 οιοί
1325 3564 1363 3627 ἓν
1387 3562 1418 3639 l}

269 3657 366 3723 αάτοῖν
382 3656 419 3723 οό
435 3668 563 3724 πεσεῖται
576 3662 618 3735 εἰς
633 3664 744 3745 παγίδα
757 3658 828 3725 ἀνευ
842 3667 897 3726 τοῦ
910 3659 1022 3746 πατρός
1039 3658 1124 3745 όμιῖν
1136 3668 1191 3729 τοῦ
1205 3664 1239 3729 έν
1252 3670 1317 3741 τοῖς
1330 3660 1418 3749 σι’ρο-

267 3771 345 3842 νοῖς,
375 3759 452 3843 όμοῦ
474 3764 527 3843 μὲν
542 3760 660 3827 πόντων
675 3772 812 3848 προνοεῖ,
842 3770 901 3827 τοῖν
916 3764 949 3828 δὲ
965 3762 1106 3847 μειζόνων
1122 3766 1314 3847 έπιμελεῖτοι,
1342 3764 1419 3833 τοτᾶ

267 3863 299 3930 τό
316 3872 413 3948 μεῖζον
429 3860 508 3939 είδος
523 3870 576 3947 τῆς
589 3872 789 3949 πνευματικῆς
803 3862 999 3943 ἀκολουθίας·
1022 3864 1087 3943 όῖςά
1099 3858 1155 3933 οὖν
1169 3868 1202 3933 ἰκ
1218 3866 1332 3947 κοντός
1344 3866 1418 3953 δμο-

266 3976 391 4054 λογεῖται
406 3964 457 4031 τόν
474 3964 565 4032 αότόν
579 3968 702 4052 ποιητήν
715 3971 766 4033 καὶ
779 3967 964 4055 δημιουργόν
977 3972 1028 4035 καὶ
1041 3970 1212 4053 νομοθέτην
1224 3978 1355 4051 πολοιιῖς
1366 3974 1418 4039 ιιιί

267 4078 368 4153 κοινῆς
389 4070 538 4155 διαθήκης
558 4070 628 4137 όντα
649 4070 724 4136 θεόν
745 4069 863 4156 ἀγαθόν
884 4095 914 4136 τε
934 4074 986 4137 καὶ
1006 4076 1123 4139 δίκαιον
1143 4073 1194 4139 καί
1215 4080 1277 4141 τοῖν
1296 4072 1418 4143 κτείνειν

267 4200 378 4259 κυριον.

304 4398 340 4449 18.
357 4402 393 4450 lta
411 4402 447 4450 ιδ.
461 4402 540 4450 θείου.
556 4415 585 4449 ιο
601 4402 652 4451 cod.
669 4403 741 4451 ίόίίο.
775 4402 820 4451 Ed.
888 4400 930 4454 2⁰.
948 4404 1041 4465 nepem
1056 4400 1145 4455 κτίσιν.
1170 4428 1174 4437 ·
1370 4448 1374 4455 .

265 4471 339 4531 princ.
355 4470 422 4518 λοοιι
438 4464 606 4534 δμολόγηαας.
888 4470 931 4525 21.
947 4473 1063 4535 θειοτέρα·
1078 4464 1159 4539 ἄλλη,
1180 4466 1204 4523 εἰ
1218 4470 1303 4539 τιολςι
1335 4478 1418 4539 Μ-

303 4534 340 4585 19.
358 4534 413 4589 ἐπεὶ
429 4534 551 4589 ἐδείκνυεν
567 4540 604 4587 ed.
618 4540 699 4587 Ριίου.
719 4551 749 4588 ιτ
769 4540 820 4589 ωδ.
857 4542 918 4589 λοισι
932 4542 1052 4591 sententie.
1078 4540 1242 4593 mum
1335 4540 1418 4599 dd

268 4606 340 4654 λὀίίο.
374 4601 529 4659 ἐπεδείκνυεν
543 4607 598 4655 edit.
611 4608 686 4669 μιτίιι.
856 4602 901 4674 μή.
