3046 5084
131 2031 182 2076 χιιχχ,
194 2017 238 2063 211.

248 336 310 399 392
669 342 791 392 SANGTI
809 342 976 392 εειειιλυιι

250 457 331 531 οῦτοι
346 462 452 537 πάντες
464 457 621 526 καττύουσι
635 457 689 542 τήν
702 463 769 542 ίσην
782 462 990 544 πραγματείαν.
1032 466 1159 546 Προῖτον
1174 459 1226 542 μέν
1239 457 1285 525 ὅτι
1300 462 1410 543 ἐνομο-

249 568 328 631 θέτει
350 562 439 640 αὐτὸς
459 562 476 629 6
493 561 659 646 Ἐπιφάνης
677 561 731 626 σῦν
749 570 790 650 τῷ
809 559 901 627 αὐτοῦ
920 565 1009 646 πατρί
1026 586 1056 625 τε
1074 563 1125 626 καὶ
1143 561 1336 652 πρωτοστάτη
1352 573 1412 647 τῆς

250 671 388 754 αίρέσεως
404 665 627 752 Καρποκράτει,
650 668 699 730 καὶ
714 674 776 741 τοῖς
790 661 863 747 ἄμφ’
879 662 985 743 αὐτόν,
1007 662 1108 740 κοινάς
1124 661 1199 730 εἶναι
1212 662 1265 742 τάς
1279 673 1339 731 τιῦν
1354 664 1412 732 άν-

248 768 380 857 θριάπων
398 779 552 856 γυναῖκας,
587 770 618 832 ἐκ
637 793 666 832 τε
684 775 738 833 τοῦ
761 766 921 842 Πλάτωνος
940 773 1102 832 Πολιτειιῦν
1121 765 1274 853 πρόφασιν
1290 767 1408 852 λαβεῖν,

248 876 300 940 ιιαῖ
321 872 374 956 τήν
396 876 473 936 ίδίαν
495 875 658 952 ἐπιθυμίαν
680 873 809 935 ἐκτελῶν.
851 867 1007 934 Ἐντεῦθεν
1028 870 1061 934 δέ
1083 868 1136 952 τήν
1155 867 1245 956 άρχήν
1263 882 1408 951 ποιεῖται,

250 979 340 1063 λέγων
355 973 396 1051 αῖς
412 978 443 1040 έν
458 981 498 1062 τῷ
516 972 670 1061 εὐαγγελίῳ
686 974 842 1058 ἐμφέρεται
856 980 908 1036 τοῦ
926 979 1059 1057 σωτῆρος
1074 971 1243 1054 φάσκοντος
1257 984 1336 1060 τρεῖς
1350 976 1409 1058 μὲν

253 1077 412 1160 εὐνούχους
428 1074 512 1154 εἶναι,
535 1074 631 1141 τόντε
648 1078 677 1152 ἐξ
692 1073 862 1158 α’νθριύττωυ
878 1072 1126 1158 εὐνουχιζύμενον,
1148 1078 1197 1140 καί
1212 1075 1264 1142 τδν
1279 1079 1311 1142 έκ
1325 1103 1409 1163 γενε-

251 1289 377 1366 χίσαντα.
423 1283 497 1358 Καί,
520 1282 626 1363 φησίν,
650 1283 681 1344 οί
696 1284 794 1344 τοίνυν
811 1277 886 1344 κατά
903 1276 1035 1365 ὐνάγιιην
1053 1278 1089 1345 οὐ
1106 1279 1179 1345 κατά
1196 1281 1284 1368 λόγον
1299 1280 1408 1348 εὐνοῦ-

251 1411 296 1468 χοι
312 1389 454 1470 γίνονται,
477 1387 507 1447 οῖ
523 1383 554 1446 δέ
572 1385 657 1446 ἕνεκα
673 1390 726 1469 τῆς
743 1386 889 1464 βασιλείας
905 1389 964 1446 τοῖν
981 1380 1115 1468 οὐρανῶν
1132 1382 1256 1459 ἕαυτούς
1273 1383 1408 1467 εὐνουχί-

252 1509 361 1565 σαντες,
379 1484 427 1550 διά
440 1484 476 1549 τά
492 1488 522 1550 ἐκ
539 1491 592 1549 τοῦ
606 1483 702 1570 γάμου
716 1488 915 1567 συμβαίνοντα
930 1486 1015 1564 φασί,
1038 1484 1113 1568 Ῑτήν
1128 1488 1176 1551 έπί
1190 1485 1329 1573 λογισμῦν
1343 1497 1409 1554 τῶν

252 1592 420 1671 ἐπιτηδείων
437 1585 571 1669 οίσχολίαν
589 1587 724 1662 δεδιότες.
770 1589 888 1652 Βέλτιον
905 1595 1036 1673 γαμῆσαι
1053 1586 1277 1675 ἢπυροῦσθαι,
1299 1587 1342 1673 μὴ
1362 1594 1409 1668 είς

252 1699 311 1776 πῦρ
330 1689 458 1780 ἐμβάλῃς
473 1688 527 1773 την
543 1689 643 1772 ψυχήν
659 1712 728 1766 σου,
751 1692 825 1772 φησί
841 1691 933 1774 λέγειν
950 1688 1000 1754 τδν
1017 1688 1197 1771 α’ττόστολον,
1220 1688 1333 1778 ἡμέρας
1351 1695 1408 1759 καί

251 1791 355 1868 νυκτός
372 1791 513 1875 άντέχων,
535 1794 584 1856 καί
600 1790 787 1876 φοβούμενος
804 1791 844 1875 μὴ
860 1799 912 1874 τῆς
929 1794 1094 1877 ἐγκρατείας
1108 1789 1268 1882 άποπέσης.
1316 1794 1409 1881 Πρὸς

251 1893 306 1982 γάρ
328 1893 360 1960 τά
383 1893 510 1977 άντέχειν
531 1897 668 1980 γινομένη
690 1892 772 1978 ψυχὴ
789 1899 931 1981 μερίζεται
946 1901 999 1977 τῖχς
1015 1897 1139 1971 ἐλπίδος.
1185 1893 1328 1979 ιέἈνέχου
1344 1902 1407 1964 τοί-

251 2025 321 2076 νυν,
353 1995 392 2073 οδς
412 1995 471 2079 ἥδη
493 2007 634 2081 προεῖπον
656 2005 708 2080 τῖχς
729 2000 926 2081 παραινέσεως
947 2000 989 2074 εἰς
1010 2000 1097 2080 μέσον
1116 2000 1215 2084 φέρων
1233 1996 1286 2064 τῦν
1302 1997 1406 2086 λόγον,

143 2129 147 2139 ·
252 2102 325 2183 φησί
342 2099 415 2164 κατά
431 2102 507 2177 λέξιν
526 2096 543 2163 6
557 2098 704 2184 Ἰσίδωρος
721 2103 754 2165 έν
770 2109 831 2176 τοῖς
846 2097 997 2179 Ἠθικοῖς,
1027 2106 1153 2184 μαχίμης
1169 2100 1324 2185 γυναικύς,
1353 2106 1408 2168 ἵνα

127 4069 191 4130 Κεφ.
210 4068 237 4121 ε’.

252 2201 292 2285 μὴ
309 2200 509 2290 οίποσπασ-θῇς
523 2210 576 2285 τῆς
591 2201 708 2289 χάριτος
723 2208 776 2268 τοῦ
791 2209 881 2281 θεοῦ,
903 2202 937 2267 τό
955 2228 986 2267 τε
1002 2210 1062 2286 πῦρ
1080 2200 1339 2289 α’ποσπερματίσας
1356 2203 1404 2271 εὐ-

251 2302 427 2388 συνειδήτως
441 2303 613 2388 προςεύχου.
648 2304 742 2370 Ὅταν
758 2306 800 2384 δέ,
823 2306 927 2386 φησίν,
950 2302 971 2388 η
986 2302 1150 2392 εὐχαριστία
1163 2327 1217 2372 σον
1232 2309 1273 2383 εἰς
1286 2310 1407 2391 αἴτησιν

255 2405 437 2485 δῦτοπέσοι,
459 2409 508 2472 καί
525 2416 595 2497 στῇς
610 2406 642 2473 τῦ
659 2406 763 2473 λοιπῦν
779 2405 841 2472 4οὐ
855 2407 1049 2494 κατορθώσας
1064 2407 1105 2491 μὴ
1121 2416 1285 2492 σφαλῆναι,
1306 2408 1404 2495 γάμη-

252 2532 310 2576 σον.
356 2507 432 2574 Εἶτα
446 2508 533 2575 πάλιν
549 2512 650 2592 φησίν,
672 2508 754 2574 Ἀλλῦ
769 2512 835 2585 νέος
848 2536 892 2586 τις
906 2508 927 2593 ἢ
939 2511 1030 2593 πένης
1044 2513 1137 2590 έστλν,
1159 2510 1180 2593 ἢ
1198 2512 1407 2599 θεαταφερής,

251 2615 397 2678 τουτέστιν
409 2610 548 2694 α’σθενής,
565 2615 615 2676 καί
629 2610 666 2677 οὐ
679 2615 759 2678 θέλει
772 2620 864 2697 γῆμαι
878 2611 953 2678 κατά
967 2611 1019 2678 τάν
1033 2611 1130 2699 λόγον,
1148 2605 1237 2690 οὗτος
1250 2621 1305 2680 τοῦ
1319 2613 1405 2683 σίῦελ-

253 2723 314 2797 φοῦ
332 2713 372 2797 μη
387 2717 562 2800 χωριζέσθω.
608 2712 737 2799 Αίσχροίς
754 2717 786 2780 δέ
803 2742 884 2792 τινας
901 2713 1045 2792 ὐπονοίας
1062 2717 1155 2805 ἑαυτῷ
1171 2717 1405 2804 προςποριζόμε-

251 2844 301 2893 νος
315 2821 530 2901 δραματουργεῖ
544 2813 562 2881 6
578 2814 673 2893 τάλας.
718 2819 849 2903 Λεγέτω,
882 2819 956 2901 φησί
975 2823 1091 2899 τοίνυν,
1121 2817 1182 2898 ὅτι,
1214 2818 1407 2905 Είςελήλνθα

252 2917 308 3005 έγαί
326 2921 366 2994 εἰς
379 2917 415 2982 τά
431 2918 512 3003 ῦγια·
536 2916 622 2983 οὐδέν
638 2918 765 3002 δύναμαι
780 2929 898 2985 παθεῖν.
940 2918 1011 2985 Ἐῦν
1025 2922 1057 2986 δέ
1074 2918 1219 2987 ῦπόνοιαν
1234 2925 1297 3012 ἔχη,
1319 2924 1407 2991 slmi-

251 3049 308 3101 τω,
329 3019 464 3102 Ἀδελφέ,
488 3023 591 3097 έττίθες
607 3048 657 3104 μοι
672 3031 769 3108 χεῖρα,
797 3027 847 3088 ’ίνα
863 3021 903 3106 μὴ
918 3021 1093 3109 άμαρτήσω,
1120 3026 1172 3090 καί
1188 3023 1314 3108 λήψεται
1329 3027 1405 3113 βοή-

250 3134 347 3204 θειαν,
366 3127 417 3187 καί
431 3122 576 3206 αἰσθητήν
589 3127 639 3190 καί
653 3124 767 3209 νοητην.
809 3125 962 3208 Θελησάτω
978 3124 1069 3209 μόνον
1083 3124 1240 3213 ὐπαρτίσαι
1253 3126 1287 3193 τῦ
1300 3128 1405 3212 ναλδν,

252 3228 302 3293 καί
320 3224 503 3302 έπιτεύξεται.
549 3224 624 3291 Εἶτα
640 3227 726 3294 πάλιν
742 3230 849 3311 φησίν,
877 3226 985 3294 Ἐυίοτε
1004 3236 1044 3318 τῷ
1064 3230 1117 3312 μέν
1132 3229 1252 3314 στόματι
1267 3233 1404 3318 λέγομεν,

256 3328 301 3395 Οὐ
316 3331 441 3412 θέλομεν
456 3325 635 3415 άμαρτῆσαι,
659 3328 679 3414 ἡ
693 3331 725 3396 δέ
740 3330 856 3397 διάνοια
869 3334 994 3418 ἐγκειται
1013 3335 1078 3409 6είς
1092 3331 1125 3398 τδ
1140 3330 1325 3420 ἁμαρτάνειν.
1370 3333 1406 3403 ‘0

252 3441 385 3510 τοιοῦτος
406 3430 455 3498 διά
477 3432 574 3517 φόβον
595 3432 631 3498 οὐ
653 3443 731 3499 ποιεῖ
748 3433 766 3500 6
782 3436 878 3514 θέλει,
906 3439 956 3501 ίνιι
972 3434 1013 3519 μὴ
1028 3433 1048 3520 ἡ
1063 3434 1182 3513 κόλασις
1192 3433 1276 3526 ,αὐτῷ
1293 3438 1404 3526 ίλλογι·

253 3544 323 3625 σθη,
364 3533 445 3601 Ἡδὲ
460 3534 658 3622 ὐνθρωπότης
674 3538 729 3620 ἔχει
746 3535 891 3624 ὐναγιιαῑά
906 3566 971 3604 τινα
986 3540 1038 3604 καί
1052 3537 1166 3620 φυσικά
1180 3539 1269 3622 μόνα·
1292 3542 1354 3625 ἔχει
1368 3542 1406 3613 τῦ

254 3637 478 3723 περιβάλλεσθαί
495 3645 548 3703 7τι
562 3637 722 3725 α’ναγιιαῖον
736 3642 787 3706 καί
803 3639 944 3723 φυσικδν,
967 3640 1094 3723 φυσικδν
1108 3643 1141 3708 δέ
1158 3640 1216 3709 οτιῖ
1230 3650 1291 3709 νῦν
1306 3641 1405 3734 ὐφρο·

254 3743 369 3818 δισίων,
394 3738 474 3806 Ιὀὐτε
496 3739 654 3829 α’ναγιιαῖον
675 3744 714 3808 δέ.

342 4046 463 4126 Ταύτας,
472 4052 644 4137 παρεθέμην
658 4050 710 4129 τοίς
725 4050 844 4135 φωνάς,
864 4048 883 4118 6
897 4051 972 4118 ιιατοί
987 4050 1100 4119 τούτων
1115 4051 1234 4141 γράψας
1253 4055 1406 4142 ιίλεγχον,

288 4188 345 4238 ειν.
360 4189 402 4238 1v.
420 4217 453 4228 -
474 4189 495 4240 ί.
512 4187 558 4257 τήν
575 4189 617 4243 ἐπὶ
634 4189 752 4259 λογιομδν
768 4207 804 4244 τι·
872 4192 897 4244 2.
913 4189 986 4247 ’Δντέ
1002 4211 1030 4247 ου
1047 4196 1115 4245 habet
1130 4196 1236 4246 αττιιενυ
1247 4198 1313 4247 Δία.

251 4259 334 4317 scripsi
352 4272 395 4318 pro
416 4255 458 4311 τὸν
476 4255 650 4324 ἐπιλογισμὸν,
675 4263 737 4323 quod
753 4263 806 4312 libri
873 4258 897 4313 3.
914 4257 962 4316 δτο
995 4278 1028 4330 σῃ
1045 4264 1113 4314 habat
1131 4265 1235 4315 σλιτιειιι
1248 4266 1316 4316 Δία.

249 4327 365 4386 praebent.
408 4329 518 4377 Ριίουῖυε
542 4330 646 4377 comebat
670 4332 807 4392 corrigenda
872 4326 896 4381 4.
916 4334 1030 4394 θονηεμλο
1051 4334 1108 4382 Meo
1126 4333 1193 4394 ομυσ
1210 4333 1347 4385 wemmam
1368 4341 1408 4391 τεο

251 4394 307 4442 haec
316 4396 385 4441 νιτοο
396 4407 424 4443 τε
434 4397 546 4445 Clemente
554 4397 617 4444 λίιτ.
627 4398 710 4446 Strom.
718 4400 756 4446 lib.
765 4400 808 4460 m,
841 4405 933 4450 ιτλαιιλε
953 4393 984 4452 οὐ
1000 4400 1176 4465 κατορθῶσαι,
1194 4392 1259 4452 ἀλλὰ
1277 4396 1314 4467 μή
1334 4418 1406 4471 σφα-

254 4460 277 4511 1.
293 4474 349 4522 μσς.
362 4459 419 4511 509.
437 4465 496 4512 Ρολε.
513 4465 563 4511 θοι
589 4459 630 4514 τὸν
647 4461 806 4531 ἐπιλογισμὸν
841 4468 929 4533 λῆναι,
952 4464 1076 4534 χοίμησον.
1117 4471 1150 4519 δε
1171 4471 1358 4531 inimum
1378 4488 1407 4527 υ.

252 4530 337 4580 τοῦτον
353 4525 532 4597 λαμβάνουσιν,
550 4527 596 4595 τήν
609 4529 666 4595 περὶ
681 4529 723 4584 τὸν
738 4549 807 4597 πορι-
842 4538 956 4586 ΰτσδίυιπ
970 4539 987 4586 λ.
1000 4539 1017 4586 λ.
1033 4550 1090 4600 μσς.
1099 4532 1134 4589 66
1143 4550 1178 4599 ιη.

254 4592 317 4663 τμίν
330 4595 380 4650 τῶν
392 4594 539 4663 ἐπιτηδείων
555 4591 673 4667 ἀσχολίαν
686 4595 806 4660 δεδιότες.
875 4603 899 4654 5.
916 4599 1067 4671 καταφερὴς
1085 4608 1151 4656 mat
1169 4606 1238 4669 φεῦ
1254 4606 1406 4667 (Μαι
