3046 5084
282 323 344 384 400
706 330 827 381 ειαοτι
847 329 1012 380 οειοιιλαιι

285 447 339 514 ούκ
355 447 391 512 άν
405 446 473 513 ούδέ
489 450 538 512 ἐπὶ
555 446 722 533 α’νθροίπου
738 445 918 530 λαμβάνοιτο
934 446 1015 532 παρά
1030 472 1087 512 τινι
1100 453 1160 511 τοῖν
1175 443 1298 530 ἐχόντων
1314 448 1454 533 ἐρρωμέ-

285 578 338 632 νην
358 549 412 634 τήν
435 549 583 630 διάνοιαν,
615 549 656 634 μή
678 577 706 615 τι
726 575 758 635 γε
781 553 830 615 ἐπὶ
851 557 934 616 θεοῦ.
979 559 1073 614 Δοκεῖ
1091 551 1124 613 δέ
1148 575 1198 631 μοι
1216 547 1453 635 φρονιμώτερος

285 651 377 718 αύτοῦ
393 651 534 739 δπάρχειν
546 653 696 738 Ὅμηρος,
728 656 759 718 ἐν
775 660 815 741 τῷ
831 651 882 718 τάν
904 658 979 718 ΙΔία
993 655 1137 737 φροντίδα
1152 649 1221 736 παρ’
1237 649 1319 741 αύτῷ
1336 649 1452 717 ποιού-

284 780 371 837 μενον
392 753 632 841 άναγράφεσθαι,
664 755 847 838 μεριμνῶντά
869 779 899 820 τε
921 757 971 819 καλ
992 759 1201 838 χαλεπαίνοντα
1221 756 1273 819 καλ
1298 751 1451 819 Ξύίτίἰτνον

284 857 441 941 παννύχως
457 857 685 936 διατετελεκότα,
715 856 820 934 θάπως
836 866 898 932 τοῖς
911 855 1037 941 Ἀχαιοῖς
1052 855 1246 946 ἐπιβουλεύσῃ
1255 907 1264 935 ,
1286 862 1340 939 τῆς
1359 857 1449 922 Θέτι·

284 966 335 1036 δος
349 958 441 1026 αύτδν
457 959 620 1043 άξιωσάσης
637 964 678 1036 εἰς
692 958 724 1024 τά
743 964 829 1041 δίκην
844 969 920 1025 τῖσαι
935 958 1005 1036 τούς
1020 968 1080 1025 τῶν
1096 957 1238 1042 Ἑλλήνων
1253 956 1402 1044 ἐξάρχους
1417 985 1449 1024 τε

283 1065 332 1127 καὶ
355 1061 462 1139 αύτούς
480 1061 550 1138 τούς
559 1062 718 1145 Ἕλληνας,
749 1061 798 1126 διά
819 1061 873 1145 τὴν
893 1061 970 1148 πρὸς
986 1061 1037 1128 τὸν
1052 1060 1179 1144 Ἀχιλλέα
1196 1060 1291 1147 ύβριν.
1342 1059 1449 1128 Ούδέν

283 1164 338 1249 γάρ
357 1157 443 1239 οὗτος
461 1162 479 1228 ά
497 1171 681 1248 Πτολεμαῖος
696 1168 737 1240 είς
754 1164 845 1242 δόξαν
863 1173 917 1230 τοῦ
935 1163 1003 1250 παρ’
1023 1163 1114 1230 αύτοῦ
1135 1162 1256 1251 Πατρδς
1272 1170 1332 1228 τοῖν
1351 1162 1447 1245 δ’λιον,

286 1275 338 1331 τοῦ
360 1269 411 1331 καὶ
430 1274 536 1332 Βυθοῦ
558 1269 756 1350 καλουμένου,
787 1265 982 1354 εὐλογώτερον
1001 1275 1060 1333 τοῖν
1077 1264 1157 1351 παρά
1173 1263 1307 1351 Ὁμήρου
1327 1269 1371 1343 είς
1391 1266 1448 1334 τάν

165 1396 214 1440 ονε·
227 1384 272 1426 ²¹⁶.
288 1374 346 1433 Δία
368 1372 528 1454 εἰρημένων
551 1369 721 1452 ἐπενόησεν·
754 1367 812 1433 ἄλλ’
832 1368 922 1435 αύτδν
944 1375 1098 1452 κατείληφε
1120 1375 1227 1452 μᾶλλον
1247 1367 1299 1434 τάν
1318 1374 1381 1434 Δία
1404 1368 1449 1447 οῖς

284 1469 365 1556 παρά
381 1469 511 1557 Ὀμήρου
526 1471 625 1555 λαβοίν
640 1471 849 1555 τήνἝννοιαν.
893 1480 1017 1538 Μᾶλλον
1032 1472 1088 1559 γάρ
1104 1472 1157 1556 την
1171 1469 1336 1557 Ὁμηρικὴν
1350 1472 1447 1539 κατά·

283 1583 374 1656 ληψιν
390 1577 455 1659 περὶ
473 1574 546 1650 Διδς
564 1577 615 1640 καὶ
628 1573 752 1658 Ἀχαιῶν
769 1573 889 1651 εἰκότας
903 1574 940 1640 άν
956 1575 1091 1658 φήσειεν,
1114 1574 1168 1658 τὴν
1181 1572 1328 1658 τοσαύτην
1343 1574 1446 1643 αύτοῦ

285 1672 392 1758 τόλμαν
411 1679 560 1761 ἐξεμέσας,
582 1676 603 1760 ἢ
619 1680 686 1763 περὶ
705 1685 758 1743 τού
773 1685 831 1743 τῶν
847 1678 922 1743 δ’λοον
939 1678 1099 1759 δεσπότου,
1121 1677 1155 1754 δς
1173 1677 1234 1760 άμα
1247 1685 1289 1767 τῷ
1307 1680 1443 1763 *ἐννοη-

283 1784 377 1863 θῆναι
394 1783 445 1844 καὶ
463 1783 661 1846 ῡέπιτετέλεκε
679 1778 763 1846 τοῦθ’
782 1780 855 1866 άπερ
873 1779 1012 1864 ἠθέλησε,
1042 1783 1093 1847 καλ
1109 1779 1170 1864 άμα
1185 1788 1227 1868 τῷ
1243 1787 1370 1864 θελῆσαι
1389 1786 1446 1849 καλ

285 1886 424 1948 ἐννοεῖται
444 1881 529 1949 τοῦθ’
552 1883 625 1968 ὅπερ
647 1885 697 1948 καὶ
719 1881 861 1967 ἠθέλησε,
893 1891 1002 1949 6τοῦτο
1024 1882 1218 1966 ἐννοούμενος
1239 1881 1257 1949 δ
1275 1885 1329 1949 καῖ
1344 1885 1444 1965 θέλει,

284 1987 334 2050 καὶ
356 1986 419 2051 τότε
440 1988 537 2052 θέλων
555 1986 603 2051 ὅτε
622 1989 777 2066 ἐννοεῖται,
806 1986 874 2061 ὅλος
891 1989 991 2052 ἐννοια
1007 1984 1065 2067 εῖν,
1096 1983 1188 2062 7δ’λος
1204 1987 1338 2069 θέλημα,
1369 1984 1446 2065 δλος

283 2095 370 2168 νοῦς,
403 2087 470 2164 ὅλος
491 2087 662 2172 ύφθαλμδς,
694 2088 762 2165 ὅλος
784 2086 875 2172 α’κοή,
906 2088 973 2166 δλος
990 2086 1072 2175 πηγὴ
1088 2085 1207 2154 πάντων
1224 2094 1283 2153 τοῖν
1300 2086 1442 2175 άγαθοῖν.

286 2192 345 2256 Καὶ
363 2189 484 2267 οάδενδς
501 2195 593 2257 8είσα
609 2191 730 2268 πάθους
744 2194 912 2275 περιέχεται.
958 2190 1032 2269 Θεδς
1046 2190 1119 2277 γάρ,
1141 2193 1192 2257 καί
1207 2190 1244 2257 ού
1260 2196 1442 2277 φροντίζων,

283 2297 331 2359 καλ
357 2292 479 2380 άποροῖν
501 2292 542 2370 οῖς
567 2293 608 2359 ⁹o‘
629 2293 746 2373 Βυθύς,
776 2293 841 2376 ἤτοι
864 2293 881 2360 δ
903 2293 993 2374 Ζεύς,
1024 2295 1090 2380 περὶ
1113 2286 1151 2361 ού
1168 2293 1443 2383 λέγονταὍμηρον

287 2403 467 2480 Πτολεμαῖος
481 2399 549 2481 περὶ
565 2404 673 2461 Βυθοῦ
688 2399 778 2482 λέγων
794 2395 962 2480 ἐμιμήσατο.
1008 2399 1064 2473 Εἰς
1081 2397 1112 2463 δέ
1129 2395 1337 2483 περισσότερον
1356 2398 1436 2484 ἐλεγ-

283 2526 334 2582 χον
356 2508 410 2565 τοῦ
431 2497 600 2574 α’πατεοῖνος
623 2496 693 2564 καθ’
715 2502 781 2582 ἑξῆς
804 2497 953 2578 ύποτάξας
974 2498 1190 2586 παραθήσομαι
1210 2498 1247 2564 τά
1267 2496 1319 2565 ύπ’
1343 2496 1442 2568 αύτοῦ

284 2600 372 2683 φύσει
390 2606 575 2684 Πτολεμαίου
594 2600 704 2690 Φλοίρμ
721 2604 777 2667 τινὶ
793 2592 913 2688 γυναικὶ
929 2605 1091 2689 γραφέντα,
1114 2600 1254 2688 ἐπαγωγά
1268 2627 1299 2666 τε
1314 2604 1369 2667 καλ
1386 2606 1440 2687 διχ-

283 2704 403 2789 λητήρια
423 2702 556 2787 βήματα,
586 2708 637 2769 ἵνα
655 2703 695 2786 μή
712 2731 756 2781 τις
770 2710 914 2788 νομίσειεν
930 2703 1009 2788 ἡμεῖς
1023 2709 1052 2784 ἐξ
1069 2703 1162 2789 άκοῆς
1178 2702 1273 2788 μόνον
1288 2701 1342 2771 τδν
1358 2702 1439 2771 άπα-

284 2814 376 2871 τεαῖνα
391 2808 523 2891 ἐλέγχειν,
546 2806 587 2889 μά
601 2806 747 2892 πρότερον
761 2807 933 2892 ἐντυχόντας
947 2816 983 2897 τῇ
996 2806 1065 2896 παρ’
1079 2806 1171 2875 αύτοῦ
1190 2814 1443 2894 ”mantumq-

284 2911 357 2999 μένῃ
374 2913 554 2997 διδασκαλίᾳ.
600 2908 685 2991 Πρδς
702 2908 757 2996 γάρ
777 2920 839 2987 τοῖς
857 2912 1020 2996 εἰρημένοις
1039 2914 1088 2978 καλ
1108 2910 1160 2978 τάν
1177 2909 1271 2994 νόμον
1288 2916 1345 2976 τού
1362 2917 1443 2977 θεοῦ

288 3019 318 3057 ¹¹
332 3009 384 3077 τδν
406 3010 456 3078 διά
475 3013 632 3089 Μοοϋσέεος
650 3017 835 3097 βλασφημῶν
856 3012 912 3080 ούκ
931 3012 1113 3098 αἰσχύνεται,
1135 3012 1155 3080 δί
1175 3015 1227 3080 καὶ
1248 3014 1308 3079 ἐστι
1329 3019 1441 3081 ταῦτα·

593 3205 833 3259 ΠΤΟΛΕΜΑΙΟΥ
850 3206 950 3259 ΠΡΟΣ
967 3205 1124 3261 ΦΛΩΡΑΝ.

371 3321 429 3387 Τάν
445 3321 494 3387 διά
509 3325 666 3399 Μωϋσέας
680 3325 803 3389 τεθέντα
816 3323 926 3407 νόμον,
949 3320 1061 3408 άδελφή
1078 3351 1137 3407 μου
1150 3321 1224 3407 καλά
1240 3324 1367 3409 Φλοίρα,
1391 3322 1441 3391 δτι

288 3425 350 3508 1μὴ
373 3427 474 3492 πολλοὶ
498 3425 767 3511 προκατελάβοντο,
797 3425 868 3510 μήτε
892 3424 944 3492 τάν
967 3428 1105 3508 θεμέλιον
1126 3424 1244 3493 ἀύτδν
1264 3424 1440 3512 ἐγνωκότες,

283 3527 353 3611 μήτε
374 3528 426 3606 τάς
448 3527 620 3615 προςτάξεις
645 3526 776 3608 8αύτοιῖ,
806 3527 940 3615 άκριβοῖς
960 3526 1089 3616 ἡγοῦμαι
1111 3531 1164 3596 καί
1184 3531 1233 3595 σολ
1253 3526 1443 3597 εάσάνοετεον

283 3632 401 3697 ἔσεσθαι
418 3630 584 3722 4μαθούση
601 3630 653 3708 τάς
667 3630 880 3714 διαφανούσας
891 3630 1013 3717 γνοίμας
1029 3634 1096 3719 περὶ
1109 3630 1211 3698 αύτοῦ.
1257 3634 1297 3697 Οί
1309 3630 1365 3715 μὲν
1382 3630 1442 3721 γάρ

282 3729 342 3796 ύπδ
364 3741 418 3797 τοῦ
440 3743 516 3800 θεοῦ
535 3738 586 3799 καί
605 3733 718 3820 πατρὸς
734 3742 988 3818 νενομοθετῆσθαι
1007 3734 1148 3812 ὕτούτοις
1164 3736 1312 3822 λέγουσιν,
1343 3736 1443 3823 ἐτεροε

283 3835 315 3898 δὲ
331 3832 446 3910 τούτοις
462 3835 516 3919 τὴν
530 3840 664 3903 ἐναντίαν
680 3835 752 3904 άδδν
766 3841 923 3924 τραπέντες
942 3834 1004 3905 ύπδ
1028 3845 1082 3905 τοῦ
1102 3835 1303 3922 άντικειμένον
1319 3846 1441 3926 φθορο·

284 3943 375 4002 ποιοῦ
392 3936 532 4019 διαβόλου
548 3951 703 4007 τεθεῖσθαι
715 3949 820 4009 τοῦτον
836 3944 1046 4027 ἰσχυρίζονται,
1069 3938 1110 4019 οῖς
1124 3943 1173 4007 καλ
1187 3939 1241 4025 τὴν
1253 3947 1308 4007 τοῦ
1321 3938 1442 4025 κύαμον

318 4096 377 4145 ειν.
395 4096 425 4143 ΙΙ.
443 4122 474 4131 -
496 4098 517 4148 1.
535 4100 602 4148 Hom
620 4103 647 4150 11.
660 4102 691 4163 11,
708 4103 758 4151 ιὀίε.
875 4096 1443 4164 ονιοαιονλοεο,μαεουιτοοιτιοοιιιιιδιιιέιι·

315 4165 343 4214 ¹2.
358 4157 449 4222 ἄυπνος
465 4167 515 4216 cod.
531 4169 605 4217 λὀείτ.
874 4167 990 4221 τετέλεκε
1006 4167 1052 4221 καλ
1068 4174 1118 4220 τελλ.

316 4230 340 4283 3.
361 4233 434 4293 Vulgo
453 4227 481 4283 τδ
500 4235 564 4293 πῶς.
906 4234 931 4288 6.
951 4240 998 4287 Vct.
1012 4239 1141 4299 Ῑπιετμτιεε
1165 4246 1226 4287 tunc
1246 4234 1360 4305 οοςὶεω
1381 4252 1443 4291 u

315 4296 340 4348 4.
357 4296 506 4365 ἐννοηθῆναι
530 4306 623 4364 reposui
648 4319 677 4354 ετ
704 4309 840 4357 auctoritate
873 4304 927 4356 vult
940 4311 1000 4368 τελλ,
1012 4309 1048 4355 uti
1057 4308 1138 4369 λεαίνει
1149 4308 1259 4357 νίδεαλιο·
1269 4300 1443 4363 &affl

280 4370 331 4416 cod.
348 4369 462 4418 Vaticani.
498 4373 571 4432 λὀλμο
584 4375 697 4431 reperitur
710 4373 840 4439 νοηθῆναι.
874 4390 948 4441 μενος
963 4367 1008 4427 ὅτε
1024 4372 1093 4426 θέλει
1108 4379 1160 4425 ocu.

315 4437 339 4485 5.
358 4434 642 4498 λ’νλμοέπιτετελεκέναι.
669 4444 841 4504 Venimus
907 4442 931 4495 7.
948 4435 1006 4502 ὅλος
1023 4440 1139 4509 θέλημα,
1155 4444 1219 4506 quod
1234 4444 1287 4495 οοδ.
1300 4444 1403 4509 Μὴ.
1416 4446 1443 4497 d

281 4506 349 4554 νιτίίλ
364 4502 461 4570 perficit
477 4506 504 4557 id
520 4504 587 4573 quod
604 4506 732 4573 cogitavit.
767 4512 840 4572 olim,
871 4514 1011 4573 εδῖλρτῖοο.
1021 4512 1441 4577 κοιιοιαςῖεσςκοεουλῃηῖἀ.

279 4572 840 4641 πῳιοιαμαιῖτνλοεκαλῖοιηναιείθαιοαο-
871 4579 1443 4643 1ιιεαχιτει,Ρεεοολιινετοιιο1εεΙείεεεἨι·
