3046 5084
291 340 349 400 194
708 344 827 396 ειαοτι
845 341 1012 393 αυιυεειαιι

290 473 393 551 γαμεῖν
410 464 562 540 θέλουσιν,
592 464 709 544 ἔχουσαι
732 464 837 543 κρίμα,
868 457 915 523 ὅτι
934 455 988 537 τήν
1012 453 1133 539 πρώτην
1154 459 1251 519 πίστιν
1269 452 1442 537 ἠθέτησαν·

292 565 362 631 άλλά
377 569 566 650 γαμείτωσαν,
587 566 856 637 τεκνοποιείτωσαν,
879 561 1184 624 οίκοδεσποτείτωσαν.
1228 559 1271 620 Et
1285 557 1317 621 δὲ
1331 553 1349 622 ό
1364 555 1443 624 άπό·

292 676 392 741 στολος
411 667 485 750 λέγει
505 673 700 748 τεκνογονεῖν,
730 665 960 739 οἰκοδεσποτεῖν,
991 651 1074 724 οὗτοι
1096 660 1128 724 δὲ
1150 665 1364 742 παραιτοῦνται
1385 659 1443 742 τήν

288 772 491 852 τεκνογονίαν,
514 764 611 846 όφεαός
625 768 685 831 ἐστι
701 767 752 828 καὶ
762 772 857 845 κακῆς
872 765 1060 835 διδασκαλίας
1073 758 1106 824 τό
1126 762 1303 844 ἐπιχείρημα.
1331 757 1441 826 Ἡττοό-

290 895 373 952 μενοι
388 868 444 954 γάρ
461 875 496 956 νή
511 864 605 955 ἡδονή
622 875 675 948 τῆς
690 870 830 950 πορνείας
845 867 1015 929 ἐπινοοῦσιν
1029 864 1144 936 ἑαυτοῖς
1159 859 1345 947 ἀκαθαρσίας
1365 888 1442 947 προ-

294 969 412 1052 φάσεις,
440 969 522 1042 ὅπως
547 967 652 1044 δόξωσι
675 975 873 1050 πληροφορεῖν
894 963 948 1046 τήν
969 967 1080 1028 ἑαυτῶν
1095 954 1251 1049 ίῗσὲλγειαν.
1295 967 1357 1030 Καὶ
1378 968 1442 1032 ἔδει

294 1072 346 1155 μὲν
364 1069 486 1152 άληθῶς
504 1076 594 1133 ταῦτα
612 1067 684 1150 μήτε
707 1070 854 1151 λέγεσθαι,
886 1064 957 1148 μήτε
975 1068 1007 1130 ἐν
1025 1064 1206 1150 συντάγμασι
1226 1070 1442 1142 καταξιοῦσθαι

293 1171 477 1259 γράφεσθαι,
498 1169 670 1234 θάπτεσθαι
690 1169 723 1232 δέ
746 1166 843 1250 εῦςπερ
861 1165 969 1250 νεκρόν
990 1193 1056 1230 τινα
1076 1165 1211 1232 α’δωδότα
1234 1170 1284 1232 καὶ
1308 1167 1441 1251 λοιμοόδη

294 1271 453 1357 άποφοράν
466 1273 606 1347 πνέοντα,
627 1267 734 1351 ἵναμή
752 1271 803 1333 καλ
820 1267 857 1332 δι’
874 1267 967 1350 άκοής
987 1268 1150 1350 λυμήνηται
1165 1268 1234 1345 τοῦς
1248 1262 1441 1350 α’ῦθροόπους.

179 1401 233 1446 ρας.
247 1388 278 1432 εἰ
298 1376 356 1439 Καὶ
377 1377 403 1438 εί
424 1374 476 1455 μὲν
493 1369 688 1456 παρεληλύθει
708 1367 729 1451 ή
743 1369 865 1450 τοιαύτη
882 1372 1007 1454 αἵρεσις,
1028 1373 1080 1434 καὶ
1097 1369 1194 1435 οάκέτι
1211 1365 1247 1453 ήν
1262 1375 1349 1459 ἐντῷ
1371 1377 1442 1462 βίφ,

291 1473 409 1560 άγαθδν
425 1467 469 1556 ήνι
478 1471 586 1555 ταύτην
602 1471 719 1553 θάψαι,
742 1472 792 1536 καὶ
808 1470 879 1553 μήτε
899 1470 975 1547 ὅλως
987 1474 1055 1553 περλ
1069 1470 1159 1554 αότής
1176 1477 1275 1538 εἰπεῖν.
1317 1472 1440 1557 Ἐπειδή

289 1579 393 1641 δὲκαὶ
410 1578 468 1640 ἐστι
483 1577 532 1639 καλ
551 1573 716 1659 πράττεται,
739 1571 962 1657 προετράπημεν
978 1574 1011 1637 δὲ
1026 1571 1085 1638 άπδ
1103 1582 1155 1656 τής
1171 1572 1257 1657 ῦμοῖν
1271 1576 1444 1659 τιμιότητος

295 1681 363 1762 περὶ
381 1676 499 1741 πάντων
513 1679 619 1755 εἰπεῖν,
642 1677 714 1760 μέρη
728 1673 820 1756 αὐτῆς
836 1674 1020 1759 διηγησάμην
1037 1674 1252 1760 α’ναγκασθεὶς,
1273 1681 1323 1742 λ’να
1338 1677 1372 1744 τό
1389 1704 1440 1760 φι-

294 1779 421 1861 λάληθες
436 1777 476 1860 μή
494 1776 726 1861 παρασιωπήσω,
750 1773 820 1839 άλλά
835 1773 1044 1860 ὑφηγήσομαι,
1066 1781 1108 1853 είς
1123 1775 1297 1861 άποτροπήν
1311 1780 1365 1862 μίν
1379 1788 1444 1846 τῶν

295 1879 481 1958 άκονόντων,
511 1881 552 1954 είς
576 1877 715 1960 αἰσχύνην
738 1877 770 1941 δὲ
793 1885 852 1941 τῶν
873 1878 1070 1961 πραττόντων.
1114 1877 1220 1944 Πόθεν
1236 1879 1290 1967 γάρ
1308 1879 1363 1945 οῦκ
1377 1884 1444 1964 ἔχο-

297 2008 350 2065 μεν
367 1986 457 2059 δεῖξατ
480 1979 550 2057 τοός
572 1978 640 2062 παρ’
665 1977 765 2053 αὐτοῖς
787 1977 901 2059 φόνους
922 1981 973 2044 καὶ
996 1978 1142 2062 τερατώδη
1164 1983 1235 2065 ἔργα
1257 1984 1309 2047 καλ
1328 1983 1446 2060 τελετάς

297 2082 437 2166 διαβόλου
457 2086 488 2160 ἐξ
509 2085 640 2157 ἐπινοίας
660 2087 713 2146 τοῦ
735 2078 828 2145 αότοῦ
850 2080 991 2163 διαβόλου
1012 2090 1075 2157 τοῖς
1096 2084 1377 2169 ἐμβεβροντημένοις
1389 2089 1440 2152 δο-

298 2189 416 2263 θείσαςς

172 2602 288 2672 Κιαιεῖ
369 2593 445 2660 ,Καὶ
462 2589 555 2666 εῦθῦς
569 2591 622 2672 μὲν
636 2583 690 2656 οῦκ
704 2591 865 2676 ἐλέγχονται
882 2593 924 2667 είς
945 2590 963 2656 δ
978 2599 1207 2672 φαντασιοῦνται
1227 2594 1278 2659 καλ
1291 2596 1439 2678 προφασί-

300 2701 396 2772 ζονται
411 2695 480 2776 περὶ
495 2700 549 2756 τοῦ
564 2691 651 2769 ξύλου
667 2700 721 2758 τοῦ
735 2696 766 2758 ἐν
778 2700 820 2781 τῷ
835 2692 944 2781 πραίτφ
964 2700 1075 2780 Ψαλμῷ
1091 2696 1243 2780 είρημίνον
1258 2693 1319 2774 ὅτι,
1340 2692 1440 2759 Δάσει

300 2794 351 2859 τόν
368 2792 482 2877 καρπόν
499 2791 590 2859 αῦτοῦ
609 2797 640 2859 ἐν
658 2802 751 2882 καιρῷ
773 2792 881 2874 αὑτοῦ,
911 2797 962 2859 καλ
978 2792 1011 2859 τό
1028 2794 1138 2875 φόλλον
1159 2792 1251 2862 αάτοῦ
1274 2794 1330 2863 οῦκ
1347 2793 1441 2880 άπορ-

301 2894 447 2979 ρυήσεται.
489 2893 635 2980 Ἀνωτέρω
659 2895 714 2982 γάρ
740 2906 833 2961 κεῖται
852 2895 913 2975 ότι,
944 2894 994 2961 Ἐν
1019 2904 1059 2985 τῷ
1081 2896 1164 2986 νόμῳ
1185 2896 1278 2965 αὐτοῦ
1298 2897 1445 2983 μελετήσει

300 2994 410 3081 ήμέρας
435 2998 485 3061 καλ
509 2996 623 3072 νυκτός.
668 2997 776 3080 Νόμου
793 2999 825 3062 δέ
844 2990 929 3063 οῦτοι
948 3001 999 3063 καλ
1019 2998 1174 3082 προφήτας
1194 2999 1359 3087 άρνοῦνται.
1402 3005 1446 3066 El

296 3101 334 3164 δέ
347 3097 440 3181 νόμον
459 3103 565 3183 κυρίου
584 3097 757 3183 ἀρνοῦνται,
787 3099 841 3165 σάν
861 3107 902 3188 τῷ
924 3099 1006 3189 νόμῳ
1025 3104 1076 3166 καὶ
1099 3099 1151 3167 τόν
1166 3102 1329 3186 λαλήσαντα
1350 3107 1381 3170 ἐν
1402 3112 1446 3193 τῷ

299 3200 382 3290 νόμῳ
398 3208 625 3280 συκοφαντοῦσι.
670 3207 847 3266 Πλανοῖνται
867 3203 899 3266 δέ
915 3201 985 3267 καθ’
1001 3201 1146 3268 άπόνοιαν
1166 3206 1218 3269 ιιαλ
1239 3203 1446 3271 ἐκπεπταόκασι

294 3312 352 3388 τής
369 3301 521 3385 άληθείας,
543 3306 638 3386 κρίσιν
661 3328 691 3366 τε
708 3301 760 3385 οῦχ
783 3301 938 3387 ήγοῦνται,
970 3303 1037 3370 οότε
1059 3303 1217 3372 άνάστασιν
1239 3303 1441 3391 ὁμολογοῦσιν.

285 3405 369 3472 ’Ὅσα
392 3407 424 3471 δέ
447 3403 625 3489 πράττουσιν
649 3407 680 3469 ἐν
702 3411 743 3491 τῷ
764 3404 878 3488 στόματι
897 3405 1010 3490 ήδονής
1029 3410 1146 3489 ἔμπλεοι
1169 3410 1330 3492 γινόμενοι,
1351 3414 1446 3473 ταῦτα

299 3506 543 3594 άποκαρποῦνται
559 3505 800 3589 ἐκβακχευόμενοι
816 3517 880 3585 ταῖς
897 3517 951 3574 τοῦ
965 3512 1107 3592 διαβόλου
1123 3506 1246 3591 ήδοναῖς
1262 3534 1293 3574 τε
1307 3510 1359 3573 καλ
1378 3511 1442 3575 ἐπι·

299 3617 443 3690 θυμίαις,
474 3607 515 3686 οός
535 3608 631 3691 πάντη
647 3610 698 3673 καὶ
716 3617 866 3691 πανταχοῦ
883 3613 1046 3697 ἐλέγχονται
1068 3609 1128 3678 άπό
1148 3617 1203 3677 τοῦ
1226 3617 1281 3695 τῆς
1300 3607 1447 3694 άληθείας

299 3707 396 3791 λόγον.
438 3711 581 3794 Ἰωάννης
605 3709 659 3797 γάρ
685 3712 774 3795 λέγει,
806 3714 852 3775 Εί
865 3738 910 3789 τις
926 3717 1052 3799 ἔρχεται,
1073 3716 1165 3797 φησλ,
1186 3711 1262 3799 πρός
1276 3710 1372 3797 ῦμᾶθ,
1391 3716 1447 3781 καί

296 3805 337 3870 ὀῦ
355 3813 437 3893 φέρει
453 3813 507 3896 τήν
531 3812 652 3895 διδαχὴν
669 3811 778 3894 ταύτην
798 3852 842 3864 -
861 3818 913 3880 καλ
930 3821 1033 3893 ποίαν;
1056 3818 1162 3900 φηολν·
1191 3814 1213 3899 ἢ
1235 3813 1290 3898 οῦχ
1310 3813 1449 3901 όμαλογεῑ

304 3910 431 3990 Χριστόν
447 3916 478 3978 ἐν
492 3916 578 3998 οαρκλ
595 3913 760 3997 ἐληλυθότα
780 3955 823 3967 -
842 3913 1033 4002 Ἀντίχριστός
1047 3921 1117 3984 ἐστι.
1161 3922 1223 3985 Καὶ
1241 3927 1297 3985 νῦν
1307 3916 1447 4002 Ἀνιίχρι-

298 4032 362 4075 στοι
377 4017 476 4078 πολλοὶ
492 4013 658 4100 γεγόνασιν·
681 4014 721 4093 οῖς
732 4015 773 4100 μή
788 4026 847 4083 νῦν
863 4016 1084 4104 όμολογοόντων
1098 4018 1153 4086 τόν
1164 4021 1293 4107 Χριστόν
1306 4022 1339 4085 ἐν
1356 4021 1447 4103 σαρκλ

296 4111 462 4194 ἐληλυθότα
480 4114 680 4201 Ἀντιχρίστων
696 4117 897 4202 ῦπαρχόντων.
932 4118 1016 4186 Ἀλλά
1036 4124 1088 4187 καλ
1111 4120 1200 4199 αότός
1216 4119 1344 4205 όσατήρ
1357 4122 1446 4204 λάχει,

299 4219 342 4278 Οἱ
352 4217 580 4291 καταξιωθέντες
595 4225 648 4300 τῆς
662 4224 809 4302 βασιλείας
824 4228 884 4286 τῦν
898 4219 1034 4306 οάρανοῦν
1048 4222 1117 4289 οῦτε
1131 4230 1290 4309 γαμοῦσιν,
1311 4220 1380 4287 οῦτε
1392 4248 1447 4306 γα.

299 4320 440 4398 μίζονται,
462 4313 521 4381 ἄλλ’
540 4318 681 4402 ίσάγγελοί
696 4324 775 4384 εἰσιν.
822 4321 867 4386 On}
884 4321 976 4406 μόνον
993 4326 1041 4403 δέ,
1070 4324 1142 4391 άλλά
1157 4326 1208 4390 καλ
1229 4329 1279 4389 ἵνα
1295 4326 1375 4413 δείξῃ
1393 4322 1449 4406 τήν

298 4426 379 4500 σαφῆ
393 4416 511 4505 άγνείαν
528 4418 578 4480 καλ
595 4418 648 4502 τήν
663 4419 714 4486 διά
730 4426 783 4484 τοῦ
799 4420 926 4507 άγιάζειν
941 4424 1122 4513 άγιαστείαν,
1144 4426 1252 4508 φάσκει
1271 4432 1308 4516 τῇ
1328 4430 1448 4513 Μαρίᾳ,
