3046 5084
385 337 521 391 Pactam!
536 340 599 391 Llh.
612 342 639 407 1.,
649 342 731 395 ΤΟΜ.
745 344 776 395 ll.
792 343 891 395 nata.
906 344 1008 395 XXXl.
1207 334 1265 397 361

124 458 220 523 madio
235 459 265 523 in
282 459 348 525 loeo
364 478 433 524 aeae
449 458 630 523 contineant.
673 458 834 527 Praeterea
850 462 972 527 Animas
986 464 1091 529 iterum
1111 466 1166 529 hue
1181 466 1267 529 modo

124 560 266 625 dividunt.
312 560 462 647 Quasdam
485 560 562 625 euim
586 571 690 625 natura
714 562 822 642 hocas,
853 564 926 627 alias
948 575 1051 627 natura
1072 567 1163 630 malus
1182 586 1266 631 essee

123 662 216 727 hocas
233 665 374 728 eiusmodi
391 682 459 727 esse
474 684 549 748 qnae
563 664 598 726 ad
615 663 819 749 excipiendum
839 686 939 728 semen
958 666 1082 729 idoneae
1099 667 1169 746 sint,
1193 669 1268 751 quod

124 765 217 835 malae
238 766 318 832 nullo
340 766 426 831 modo
448 775 572 850 possunt
593 766 755 852 percipere.

208 868 292 932 llaec
307 879 354 931 cst
368 868 483 931 illorum
499 868 642 947 doctriua,
665 888 751 953 quam
768 888 863 953 neque
880 869 1036 955 prophetae
1053 870 1267 955 praedicarunt,
1304 886 1363 953 rap.

123 991 219 1055 neque
236 970 370 1035 domiuus
387 970 519 1049 tradidit,
549 990 604 1035 uec
621 970 745 1055 apostoli
763 970 954 1055 reliquerunt.
1000 970 1066 1056 Qua
1085 974 1199 1057 quidem
1217 972 1270 1037 mi·
1286 954 1380 1004 xm

125 1074 203 1137 nime
219 1073 326 1157 scriptu
341 1093 382 1136 ex
398 1072 544 1137 auditione
561 1072 604 1137 sic
621 1082 755 1158 arrepta,
781 1082 812 1135 ut
825 1073 900 1157 quud
916 1074 945 1135 iu
962 1074 1195 1160 proverbium,
1227 1076 1272 1138 lu-

126 1197 193 1239 nam
209 1196 250 1239 ex
269 1196 358 1239 arena
376 1185 480 1239 texere
497 1184 656 1255 conentur3
688 1175 752 1260 plus
768 1196 801 1239 se
820 1175 927 1239 ceteris
945 1176 980 1239 de
999 1176 1200 1240 universorum
1220 1197 1271 1240 na·

127 1288 192 1341 tura
208 1278 286 1342 scire
299 1278 472 1362 gloriantur.
517 1275 564 1340 Ad
580 1296 616 1341 ea
630 1297 703 1341 vero
717 1298 791 1363 quae
807 1277 935 1341 diximus
951 1280 1164 1364 comprobanda
1181 1301 1270 1365 quae-

126 1380 222 1444 dame
241 1380 333 1445 sacris
346 1379 439 1443 literis
455 1380 689 1459 accommodantq
712 1380 872 1444 cuiusmodi
890 1390 958 1444 sunt
974 1392 1129 1465 usurpatae
1145 1402 1163 1445 a
1178 1382 1269 1444 domi-

127 1504 165 1546 nu
187 1482 358 1567 paraholae,
389 1492 440 1547 ant
462 1480 647 1568 propheticae
664 1483 846 1563 sententiae,
878 1494 929 1547 aut
948 1484 1145 1569 apostolorum
1166 1485 1268 1564 verba,

126 1607 163 1648 ue
191 1586 332 1649 coodctae
361 1584 397 1649 alt
426 1584 462 1648 iis
491 1583 604 1647 tabulae
630 1606 750 1670 prorsus
777 1586 946 1650 testimonio
974 1607 1075 1650 cerere
1101 1585 1267 1650 videantur.

127 1683 308 1773 Quamquam
323 1686 486 1752 divinorum
503 1688 686 1751 oraculorum
701 1687 831 1751 ordinem
847 1688 1010 1773 seriemque
1025 1690 1211 1769 conturbant,
1234 1712 1269 1753 uc

124 1790 218 1874 quoad
233 1790 263 1853 iu
279 1790 350 1876 ipsis
367 1790 453 1853 situm
469 1799 527 1869 est,
550 1788 696 1869 veritatis,
718 1799 751 1853 ut
764 1788 807 1853 ita
821 1789 925 1870 dicam,
949 1791 1076 1855 membra
1093 1793 1268 1856 dissolvunt.

121 1890 201 1956 Nam
222 1892 252 1956 in
274 1892 400 1957 alienum
420 1892 514 1956 locum
534 1891 672 1954 translata
695 1911 730 1955 ao
748 1902 923 1955 commutata
941 1893 1078 1976 pleraque
1099 1905 1129 1957 et
1151 1894 1206 1957 alia
1230 1916 1269 1957 eu

124 1995 188 2059 aliis
205 1997 280 2059 lacta
296 1995 340 2059 sic
354 1995 523 2080 proferunt,
547 2003 579 2056 ut
594 1992 756 2058 divinarum
773 1994 996 2074 sententiarum,
1020 2015 1092 2078 quas
1108 2016 1270 2059 accommo-

125 2099 211 2179 dant,
234 2096 338 2161 callido
354 2098 477 2181 quodam
490 2094 706 2181 artilicicscque
720 2107 861 2159 contextu
876 2096 982 2159 multos
997 2098 1025 2159 in
1042 2118 1172 2159 errorem
1187 2097 1271 2159 iudu-

125 2211 204 2265 caut.
249 2197 499 2284 Quemadmodum
515 2197 540 2261 ai
561 2197 744 2284 imperatoris
758 2198 855 2284 imago
872 2198 1072 2284 pulcherrimis
1087 2219 1128 2262 cx
1142 2210 1272 2262 tesseru-

125 2303 161 2367 lis
183 2324 199 2366 a
217 2303 312 2388 perito
327 2302 451 2385 quodum
471 2300 582 2365 artilice
599 2300 687 2364 luerit
704 2300 870 2379 elaborata,
902 2322 937 2364 ac
956 2300 1114 2387 quispiam,
1147 2301 1271 2364 hominis

125 2405 219 2491 effigie
237 2404 396 2482 dissoluta,
420 2424 454 2466 ac
470 2402 654 2488 transpositis
673 2402 814 2488 aliterque
831 2404 980 2467 collocatis
998 2403 1166 2483 tesserulis,
1191 2403 1272 2467 oanis
1331 2412 1340 2427 ⁸

125 2519 175 2573 aut
190 2506 360 2594 vulpeculae
376 2506 504 2592 speciem
521 2506 682 2593 exprimat,
707 2527 744 2570 ne
759 2526 823 2569 eam
840 2507 955 2591 quidem
973 2517 1052 2569 recte
1070 2506 1271 2593 compositam,

126 2622 185 2675 tum
200 2612 322 2674 affirmet
337 2610 391 2673 hoc
405 2608 499 2693 ipsum
516 2628 583 2673 esse
596 2609 744 2694 egregium
758 2608 944 2694 imperatoris
958 2608 1143 2673 simulacrum
1158 2609 1193 2672 ab
1207 2609 1272 2672 eni-

125 2714 184 2777 mic
199 2713 310 2776 artifice
324 2711 435 2775 allobre
451 2712 568 2790 lactum,
592 2711 729 2775 ostendat
743 2722 772 2775 et
787 2712 852 2775 illas
867 2711 903 2774 ah
920 2711 1021 2775 eodem
1036 2712 1071 2775 ad
1089 2712 1271 2776 referendam

126 2816 264 2902 principis
280 2815 400 2899 dgurum
416 2823 635 2899 coagmentatus
649 2813 826 2893 tesserulas,
850 2836 866 2878 a
883 2835 916 2878 se
932 2836 1004 2879 vero
1023 2827 1124 2901 postea
1140 2815 1271 2879 caninam

124 2920 155 2982 in
178 2920 298 2982 lormuna
321 2916 495 2996 translatas,
529 2926 615 3001 atque
633 2916 774 2980 eiusmodi
794 2917 1002 2981 tesserularum
1018 2919 1116 3003 specie
1132 2920 1272 3005 imperitis

124 3020 243 3098 illudat,
267 3020 314 3106 qui
333 3020 470 3106 principis
487 3019 642 3103 imaginem
659 3019 785 3083 nondum
803 3020 900 3083 animo
919 3021 1122 3106 conceperint,
1153 3042 1273 3106 persuu-

126 3125 250 3208 deatque
269 3143 353 3209 quana
374 3121 416 3186 illl
436 3120 537 3186 vident
552 3132 665 3205 turpem
682 3121 777 3208 vulpis
791 3123 913 3207 effigiem
931 3125 1108 3208 praeclaram
1126 3124 1203 3188 illam
1219 3124 1273 3187 inr-

125 3224 270 3313 peratoris
288 3244 355 3288 esse
372 3234 515 3288 statuame
539 3224 583 3288 sic
597 3223 647 3289 isti
664 3224 699 3287 ad
717 3224 853 3289 ridiculus
871 3226 1021 3310 anilesque
1040 3247 1112 3310 quas
1129 3237 1273 3290 consuunt

126 3348 219 3413 nugas
241 3338 397 3412 corrugata
418 3327 485 3391 hino
507 3336 537 3389 et
558 3326 639 3391 illinc
660 3326 750 3390 verha
772 3340 801 3391 et
820 3328 971 3412 parabolas
990 3328 1106 3391 trallunt
1124 3349 1158 3390 ac
1176 3328 1273 3391 divina

125 3451 268 3517 responsa
283 3429 388 3494 lohulis
404 3429 466 3493 suis
481 3429 597 3514 illigare
613 3431 802 3495 contendunt.
848 3428 896 3494 En
912 3430 1016 3514 quihus
1032 3449 1106 3514 quac
1119 3431 1153 3493 ad
1172 3428 1273 3495 Plero-

127 3554 172 3597 ma
192 3533 339 3620 pertiuerc
360 3533 497 3597 videntur
518 3533 602 3619 paulo
624 3542 692 3597 ante
714 3534 877 3598 retulimus.

210 3632 296 3719 Quae
318 3656 390 3699 vero
412 3636 448 3699 ad
467 3656 503 3700 ea
519 3654 594 3719 quae
613 3634 846 3701 extra.Pleroma
863 3646 932 3700 suut
948 3634 1042 3699 sacris
1058 3655 1097 3697 ex
1114 3634 1207 3701 literis
1223 3658 1272 3701 ac·
1315 3644 1375 3711 cap.

126 3738 320 3817 commodant,
340 3736 483 3803 eiusmodi
498 3739 560 3803 lere
574 3749 654 3802 sunt.
694 3734 844 3804 Christum
859 3738 1004 3801 dominum
1019 3739 1174 3823 postremis
1190 3762 1272 3803 mun·
1289 3713 1399 3763 mu·

126 3842 155 3919 di
172 3840 350 3928 temporibus
365 3840 494 3926 patiendi
509 3841 603 3926 gratia
620 3842 777 3907 advenisse
793 3842 909 3918 dicunt,
933 3838 1025 3902 ultimi
1045 3851 1076 3904 ut
1093 3840 1206 3906 Aeonis
1223 3863 1273 3905 ca-

126 3966 190 4009 snm
204 3965 240 4008 ac
252 3943 446 4008 calamitatem
461 3945 642 4025 ostenderet,
663 3966 697 4009 aa
710 3945 799 4009 totius
816 3943 951 4007 Aeonum
969 3943 1077 4029 negotii
1091 3943 1203 4008 exitum
1219 3966 1273 4009 suo

127 4101 255 4163 ιὶταιιιιινι,
272 4105 294 4150 ιι
310 4100 358 4149 ιἰι.
371 4100 492 4161 ιηιιηντιι.
751 4099 775 4152 8.
794 4095 1000 4158 συντελεσθείσας
1012 4100 1137 4162 Ephruemt
1149 4101 1273 4151 codltodt.

160 4163 185 4219 4.
198 4168 374 4219 hucoddl'en.
384 4167 579 4231 llhediq.l’crts.,
589 4172 611 4218 ιι
621 4170 684 4219 coh.
751 4166 776 4219 9.
793 4164 910 4232 δευτέρου
934 4169 1060 4230 Ephrceml
1079 4170 1147 4219 codd.
1165 4170 1231 4219 Bodl.
1252 4174 1273 4220 et

127 4238 260 4299 spernent
291 4231 435 4303 μιτινιγκιτ
448 4237 485 4285 ιιι.
497 4238 583 4297 princ,
598 4241 621 4285 ιι
633 4238 684 4287 eod.
719 4238 782 4288 Goth.

126 4306 195 4357 scut
207 4306 342 4367 Eptruemt.
375 4300 513 4370 μιτινιγκη
530 4304 566 4353 ιιι
580 4304 662 4355 Petcc.
756 4304 792 4355 ιθ.
809 4300 853 4357 διά
872 4320 900 4358 τι
918 4303 1037 4372 ῥημάτων
1058 4302 1102 4357 και
1119 4303 1208 4367 littus
1229 4304 1274 4359 και

161 4372 185 4423 5.
200 4366 299 4438 wirne
321 4366 426 4438 φαύλως
446 4368 685 4437 κατεσκευασμένης
718 4372 864 4442 παραβολῶν
881 4376 1006 4438 Ephroemr‘
1020 4376 1088 4425 codd.
1099 4376 1166 4425 Bodt.
1178 4380 1199 4425 et
1210 4376 1272 4426 coto.

126 4442 253 4561 Epfihpoand
268 4442 415 4559 eoddpoq'ctq.
431 4444 453 4489 et
467 4440 535 4489 eoae
753 4441 793 4492 ιι.
810 4438 904 4495 ἑαυτῶν
929 4444 1056 4506 Εριταιηιι
1076 4444 1145 4493 codd.
1162 4444 1229 4494 aaut.
1253 4449 1275 4494 ιι

200 4508 246 4561 τοῦ
261 4522 308 4559 cm.
369 4542 375 4557 .
413 4522 448 4559 ιιι.
721 4512 785 4562 Ceto.

160 4574 186 4629 7.
202 4572 300 4644 ικτινην
316 4570 402 4631 aladen
417 4580 487 4640 cuper
503 4576 553 4627 aad.
571 4577 625 4629 ιἰνι.
754 4579 792 4632 ιι.
810 4580 846 4632 ltu
861 4581 911 4631 eod
928 4582 982 4631 Vere.
1019 4582 1091 4644 Vctqc
1107 4576 1133 4636 dr
1149 4582 1209 4642 τοῖς.
