3046 5084
361 363 401 428 18
747 372 915 423 τεινιινωι
933 371 1113 422 ιειεοειοιο
1149 406 1152 411 .
1192 378 1195 383 ·

362 485 464 565 αῦτοῖς
479 489 703 571 τετιμημένους,
721 486 937 572 ἢτυρίυνους,
966 486 1128 572 ἢχόητας,
1155 483 1177 568 ἢ
1200 484 1284 560 τινάς
1305 483 1520 568 τι-δράσαντιις

365 593 396 658 έν
409 597 451 678 τῷ
468 593 539 678 βίῳ,
560 587 676 673 μνήμης
691 615 720 655 τι
737 592 847 654 δοκοῦν
863 588 961 668 άξων,
984 587 1021 654 δι’
1039 587 1128 669 ῦλκης
1151 594 1240 664 ⁶⁷22,
1265 585 1448 669 ήσιιμιίτσικ
1468 585 1517 652 εῦ-

365 697 498 773 ρωστίας,
510 695 619 759 ,ἔπειτα
638 693 670 756 δὲ
686 689 746 756 άπδ
760 697 821 754 τῶν
833 690 946 775 χρόνων
961 699 1015 757 τοῦ
1032 689 1147 772 Θάβρα,
1164 696 1218 754 τοῦ
1237 687 1350 773 πατρός
1364 685 1517 772 Ἀβραάμ,

367 792 417 860 κάδ
444 791 482 859 δι’
517 792 691 878 άχαλμάτων
719 790 773 873 τήν
802 791 915 873 πλάνην
940 799 993 875 τῆς
1022 795 1242 874 εἰδωλολατρίας
1277 789 1516 875 είςηχησάμενσα,

365 891 435 970 τοῦς
455 896 569 960 έαντῶν
580 892 774 977 προπάτορας
797 890 834 958 δι’
851 891 1069 974 άπεικονισμῶν
1084 892 1281 975 τετιμηκότες,
1303 890 1515 975 nahoth-100⁸

365 993 464 1061 αῦτῶν
494 993 728 1076 τετελευτηκότας
752 993 974 1076 τεχνησάμενοι,
1007 997 1039 1058 έκ
1065 996 1270 1078 68κεραμικῆς
1291 991 1453 1074 ἐπιστήμης
1481 991 1515 1059 τά

366 1104 500 1181 πρῶτον,
530 1099 630 1161 ἔπειτα
656 1093 781 1176 ἑκάστης
804 1097 905 1178 τέχνης
930 1096 1147 1176 μιμησαμένης,
1177 1095 1332 1177 οἰκοδόμοι
1354 1096 1405 1177 μέν
1425 1099 1516 1161 λίθον

365 1200 513 1276 ξέσαντες,
535 1195 736 1282 άρμυροκόποι
753 1198 784 1261 δδ
800 1199 853 1262 καί
867 1195 1021 1280 χρυσοχόοι
1044 1194 1094 1259 διά
1115 1203 1168 1277 τῆς
1192 1200 1267 1272 ίδίας
1285 1196 1359 1278 ῦλης
1376 1195 1514 1276 τεκτηνά-

367 1323 465 1381 μενοι,
494 1297 571 1365 οῦτω
588 1300 639 1364 καί
661 1300 808 1374 τέκτονες,
834 1300 888 1361 καί
903 1301 935 1361 οί
952 1300 1088 1379 καθεξῆς.
1131 1296 1291 1382 Αίχῦπτιοι
1313 1299 1346 1364 δέ
1365 1294 1443 1378 ὁμσῦ
1462 1299 1516 1365 καὶ

368 1399 564 1484 Βαβυλώνιοι,
585 1402 638 1466 καί
654 1399 780 1484 Φρύγες,
802 1401 852 1464 καί
869 1403 1006 1473 Φοίνικες
1022 1401 1139 1480 ταυτησί
1157 1407 1209 1481 τῆς
1222 1404 1383 1482 θρησκείας
1400 1405 1516 1482 πρῶτοι

367 1504 512 1585 είςημηταί
537 1505 703 1587 γεγόνασιν,
735 1499 985 1585 άμαλματοποιΐας
1009 1525 1040 1563 τε
1063 1503 1112 1565 καί
1131 1506 1315 1582 μυστηρίων,
1338 1499 1390 1581 εἶφ’
1410 1493 1453 1566 ῶν
1477 1499 1516 1567 τά

368 1611 486 1667 πλεῖστα
503 1605 544 1676 είς
552 1602 704 1684 Ἕλληνας
722 1604 883 1685 μετηνέχθη
900 1600 960 1666 άπδ
980 1609 1034 1684 τῆς
1043 1604 1199 1685 Κέκροπος
1211 1601 1334 1683 ήλικίας,
1356 1605 1407 1667 καὶ
1423 1612 1513 1666 καθε-

368 1709 434 1785 ξῆς·
465 1706 613 1784 μετέπειτα
643 1706 674 1768 δὲ
701 1705 751 1767 καί
783 1701 893 1793 ὑστέρῳ
917 1701 993 1768 πολῦ
1024 1702 1093 1778 τούς
1116 1707 1184 1789 περί
1209 1704 1326 1789 Κρόνον
1352 1707 1403 1768 καί
1422 1700 1514 1785 Ῥέαν,

369 1807 429 1870 Δία
450 1828 480 1868 τε
499 1806 550 1868 καὶ
569 1802 757 1883 Ἀπόλλωνα,
779 1807 829 1870 καί
851 1809 981 1887 καθεξῆς
1003 1802 1109 1883 θεοῦς,
1133 1803 1385 1890 α’ναμορεάσαντες.

443 1904 589 1988 Ἕλληνες
601 1907 633 1971 δέ
647 1909 800 1989 κέκληνται
816 1904 876 1972 τίπδ
890 1905 1040 1988 Ἕλληνάς
1053 1933 1134 1981 τινος
1149 1905 1258 1991 οίνδρδς
1273 1915 1334 1971 τῶν
1349 1910 1381 1972 έν·
1393 1913 1432 1996 τῇ
1446 1905 1517 1972 Ἕλ-

369 2007 434 2073 λάδι
452 2006 681 2095 κατῳκηκότων,
705 2006 746 2083 ῶς
762 2009 793 2072 δέ
806 2011 899 2093 ἕτεροί
914 2031 1020 2089 φασιν,
1042 2006 1102 2073 άπδ
1118 2016 1171 2091 τῆς
1184 2012 1279 2084 ἐλαίας
1296 2017 1348 2092 τῆς
1367 2012 1397 2074 έν
1417 2007 1516 2090 Ἀθή-

368 2137 434 2185 ναις
457 2109 665 2193 βλαστησάσης
698 2107 793 2185 ’Ἱονες
814 2111 846 2174 δέ
866 2109 977 2176 τούτων
1007 2107 1130 2194 ῦρχηγοί
1153 2109 1323 2195 γεγόνασιν,
1351 2108 1392 2185 ῶς
1416 2110 1517 2195 έχειή

369 2209 517 2296 άκρίβεια,
536 2209 596 2277 άπδ
612 2219 664 2278 τοῦ
690 2209 857 2287 69Ἰοιῦνιίυ,
882 2211 948 2286 ένδς
963 2208 1071 2297 άνδρδς
1085 2218 1143 2276 τῶν
1156 2208 1208 2277 τδν
1228 2212 1343 2298 πῦρμον
1358 2215 1517 2296 οἰκοδομη-

369 2311 499 2391 σάντων,
521 2311 570 2377 δ’τε
588 2318 621 2379 αί
640 2319 765 2399 γλῶσσαι
786 2316 1014 2393 διεμερίσθησαν
1037 2319 1096 2377 τῶν
1118 2311 1245 2377 πάντων.
1288 2312 1336 2379 Δι’
1359 2313 1398 2398 ἣν
1418 2317 1517 2390 αἰτίαν

368 2416 420 2481 καί
431 2416 572 2497 Μέροπες
587 2414 694 2491 πάντες
706 2415 876 2494 κέκληνται,
898 2411 948 2476 διά
965 2411 1018 2494 τήν
1034 2416 1245 2499 μεμερισμένην
1261 2415 1375 2498 φωνήν.
1406 2414 1517 2496 1’Ὕστε-

369 2517 470 2600 ρονδέ
486 2513 505 2582 ό
523 2513 718 2598 Ἑλληνισμός
734 2517 775 2588 είς
790 2514 913 2597 αἱρέσεις
927 2515 1050 2596 κατέστη
1066 2518 1219 2604 κακωτέρῳ
1240 2525 1281 2603 τῷ
1302 2516 1414 2606 χρόνῳ,
1437 2521 1517 2602 φημί

369 2620 654 2702 δέΠοθαχορείων,
676 2616 728 2678 καί
743 2620 903 2693 Στωϊκῶν,
923 2616 974 2680 καὶ
989 2621 1201 2695 Πλατωνικῶν,
1222 2620 1272 2681 καί
1288 2616 1515 2704 Ἐπικουρείων,

369 2722 421 2784 καί
440 2725 560 2781 λοιπῶν.
606 2718 778 2795 Θεοσεβείας
798 2715 830 2779 δέ
843 2715 989 2801 χαρακτήρ
1005 2713 1135 2801 ῦπῆρχεν
1151 2717 1212 2800 ίίμα
1227 2721 1277 2783 καί
1295 2717 1313 2785 ό
1330 2720 1405 2786 κατά
1423 2719 1517 2802 φύσιν

371 2818 478 2900 νόμος,
501 2815 723 2898 πολιτευόμενος
743 2813 802 2880 άπδ
823 2815 935 2881 τούτων
951 2826 1010 2883 τῶν
1027 2821 1141 2898 ἐθνῶν,
1170 2819 1275 2885 έαυτόν
1290 2819 1440 2906 άφορίζων
1454 2819 1515 2889 άπδ

371 2911 429 3001 τῆς
442 2923 495 2983 τοῦ
513 2917 627 2998 κόσμου
644 2920 808 3000 καταβολῆς
827 2921 877 2983 καὶ
894 2921 998 3003 δεῦρο,
1022 2922 1109 3001 μέσος
1127 2920 1275 3006 τυγχάνων
1294 2912 1515 3010 Βαρβαρισμρῦ,

371 3021 422 3084 καί
435 3025 625 3101 Σκυθισμοῦ,
646 3020 697 3083 καί
710 3015 922 3105 Ἑλληνισμοῦ,
943 3023 999 3098 έως
1015 3020 1086 3087 ῦτου
1103 3021 1244 3107 συνήφθη
1260 3033 1296 3114 τῇ
1311 3033 1365 3090 τοῦ
1377 3005 1516 3110 Ἀβραάμ

370 3124 534 3208 θεοσεβείᾳ.

444 3225 482 3300 δ’.
509 3240 568 3302 Καὶ
583 3240 733 3320 μετέπειτα
744 3237 942 3321 Ἰουδαϊσμδς,
964 3239 1023 3307 άπό
1039 3250 1098 3308 τῶν
1113 3243 1225 3329 χρόνων
1241 3242 1380 3330 Ἀβραάμ
1394 3244 1445 3311 τόν
1466 3274 1513 3331 χα-

370 3350 501 3430 ρακτῆρα
529 3338 658 3423 είληῳῶς
679 3344 730 3408 καὶ
756 3345 788 3407 έν
812 3350 948 3432 Μωῦσῇ,
978 3344 1095 3434 ἑβδόμῳ
1121 3344 1180 3413 άπδ
1204 3344 1359 3432 Ἀβραάμ,
1390 3347 1440 3414 διά
1461 3358 1515 3414 τοῦ

370 3445 448 3536 αὐτῷ
469 3444 611 3519 δοθέντος
632 3440 727 3525 νόμου
751 3440 811 3508 ῦπδ
829 3451 882 3510 τοῦ
904 3453 981 3511 θεοῦ
999 3450 1191 3529 πλατυνθείς,
1214 3448 1274 3515 άπδ
1293 3452 1325 3515 δέ
1341 3458 1394 3515 τοῦ
1405 3448 1513 3531 Ἰούδα,

370 3546 506 3632 τετάρτου
525 3541 595 3612 υἱοῦ
611 3551 665 3610 τοῦ
679 3541 799 3628 Ἰακοίβ,
827 3554 882 3611 τοῦ
897 3549 1106 3630 ἐπικληθέντος
1123 3548 1251 3636 Ἰσραήλ,
1274 3551 1324 3616 διά
1341 3556 1439 3635 Δαβίδ
1460 3552 1515 3619 τοῦ

371 3646 488 3731 πρῶτον
503 3646 727 3730 βασιλεύσαντος
742 3643 801 3713 άπδ
816 3655 869 3731 τῆς
886 3655 939 3714 τοῦ
954 3646 1045 3716 αῦτοῦ
1060 3650 1157 3716 Ἰοόδα
1173 3660 1268 3735 φυλῆς
1285 3651 1317 3718 τό
1333 3640 1441 3721 τέλειον
1459 3662 1514 3721 τοῦ

369 3743 558 3829 Ἰουδαϊσμοῦ
576 3750 672 3834 όνομα
686 3753 911 3835 κεκληρωμένος.
954 3759 1069 3835 Σαφῶς
1086 3752 1142 3838 γάρ
1163 3756 1230 3839 περί
1248 3753 1363 3819 τούτων
1378 3764 1436 3821 τῶν
1453 3779 1514 3822 τεσ-

371 3845 469 3932 σάρων
493 3852 627 3932 αἱρέσεων
647 3849 842 3930 δάπόστολος
864 3851 1007 3937 έπιτεμοίν
1026 3858 1100 3937 έῳη,
1129 3853 1185 3918 Ἐν
1205 3853 1259 3939 γάρ
1278 3860 1395 3946 Χριστῷ
1417 3857 1514 3941 Ἰησοῦ

371 3946 409 4015 ου’
431 3948 601 4035 Βάρβαρος,
629 3952 665 4018 οῦ
682 3955 823 4038 Σκύθης,
851 3954 903 4039 οῦχ
920 3955 1052 4039 Ἕλλην,
1075 3952 1129 4021 οῦκ
1150 3952 1293 4033 Ἰουδαῖος
1300 4010 1310 4038 ,
1332 3957 1403 4025 άλλά
1425 3960 1513 4041 καινή

370 4055 470 4128 κτίσις.
1511 4073 1514 4077 ’

454 4149 603 4234 Ἑλλήνων
624 4157 775 4243 διαφοραί·

445 4259 478 4336 ε’.
501 4269 717 4357 Πυθαγόρειοι,
738 4273 787 4341 εἶτ’
804 4268 861 4342 οὖν
875 4280 1113 4363 Περιπατητικοί.
1163 4279 1222 4363 Τήν
1239 4275 1357 4362 μονάδα
1373 4278 1424 4343 καί
1439 4278 1510 4366 πρό-

402 4475 444 4531 67.
466 4479 582 4541 nummi
597 4471 630 4532 δι’
653 4469 735 4544 ἅλκης
749 4496 774 4533 τι
792 4495 837 4544 μιν
857 4476 891 4536 δι’
907 4474 988 4551 ι’ίλκης
1009 4502 1053 4554 τε,
1078 4488 1140 4550 quod
1155 4488 1209 4537 libri
1226 4489 1247 4535 ιλ
1262 4485 1319 4548 M.
1338 4490 1360 4537 τι
1380 4489 1408 4539 τίι
1422 4490 1511 4543 λισσο-

369 4547 490 4610 μίιοίοεοεί
507 4549 624 4610 praebent.
