3046 5084
383 361 520 415 PANAllfl
536 364 600 417 Lllf.
614 367 634 416 l.
649 365 731 418 TObf.
745 365 789 417 lll.
806 365 906 416 HbER.
917 365 1041 415 XXXVl.
1227 352 1288 417 487

133 481 183 546 ille
200 492 247 547 est
265 481 328 568 ipsc
346 504 432 566 quem
452 483 552 547 diriuo
571 483 663 547 verbo
680 484 859 569 coelestique
878 483 1023 568 praesidio
1040 485 1133 547 fretus
1151 484 1288 567 detegere

134 584 250 663 studui,
283 607 317 647 ιο
336 585 592 670 phalangiiinstar
609 587 763 663 obterere,
797 587 871 671 quod
889 584 1140 669 Tetragnatbunr,
1171 585 1226 649 boc
1243 596 1289 649 est

135 696 260 771 quatuor
282 688 367 751 malis
389 689 550 773 praeditum
573 699 697 766 vocant,
718 680 781 752 'aut
803 687 884 751 velut
904 687 1141 772 Ampbisbaenoe
1163 687 1286 772 bicipitis

133 787 254 875 viperee
269 790 414 853 defectum
430 801 518 874 caput
532 791 729 874 confringere.
772 787 832 854 Sed
850 790 904 853 boc
920 790 1030 853 omisso
1045 789 1171 872 reliquas
1187 809 1286 874 persc-

134 911 267 976 quamur.
315 889 401 975 Quod
418 893 484 956 dum
502 893 674 976 aggredior,
698 892 823 978 supplex
840 914 856 954 a
873 893 928 955 deo
946 891 1079 977 postulo,
1110 901 1142 954 ut
1159 911 1233 974 quae
1251 891 1286 953 ad
1338 877 1340 881 ’

133 992 199 1058 illas
221 994 369 1078 pertinent
389 995 430 1059 ita
452 1015 491 1058 ex
512 995 556 1058 rei
574 994 699 1058 veritate
718 996 881 1079 proferam,
914 993 992 1057 nulla
1013 1003 1044 1056 ut
1065 993 1095 1056 in
1114 1014 1284 1078 quemqnam

133 1106 221 1180 atque
244 1095 317 1159 adeo
341 1097 482 1182 meipsum
506 1117 544 1159 ex
566 1116 602 1159 eo
626 1097 707 1160 frans
729 1117 763 1160 ιο
786 1084 931 1180 pernicies
954 1096 1108 1158 redundet.

252 1334 527 1412 CONTRA
576 1333 1169 1428 fluuuctuutttrAS,

355 1480 438 1552 quac
465 1462 517 1530 est
541 1456 689 1532 haeresis
708 1455 802 1532 XVI.
830 1457 883 1532 vel
903 1455 1064 1530 XXXVI.

216 1603 385 1671 Colorbaso
410 1606 541 1671 succedit
564 1606 750 1687 Heracleon,
784 1629 801 1669 a
824 1630 882 1691 quo
907 1606 1180 1671 Heracleonitarum
1203 1619 1284 1672 secta
1303 1615 1361 1682 cop.
1380 1616 1399 1665 1.
1426 1615 1428 1619 ’

133 1710 316 1790 nominatur,
347 1710 438 1773 nibilo
457 1711 552 1774 minus
569 1731 653 1795 quam
672 1711 763 1773 ceteri
780 1709 865 1792 nugis
881 1730 916 1772 ac
935 1708 1092 1773 mendaciis
1110 1710 1281 1773 instructus.

132 1809 279 1896 Quicquid
296 1813 374 1877 enim
391 1812 426 1875 eb
445 1811 503 1875 illis
521 1813 680 1892 asseritur,
711 1811 758 1874 bic
777 1821 874 1875 tuetur
894 1834 928 1874 ac
947 1812 1076 1874 defendit
1093 1812 1206 1889 omnia,
1238 1822 1284 1874 ut-

132 1925 200 1998 pote
214 1914 262 1998 qui
278 1915 313 1978 ab
327 1916 385 1979 illis
400 1924 495 1978 ortum
509 1915 619 2000 pariter
630 1935 665 1978 cc
680 1925 855 1978 venenatam
869 1913 946 1976 luem
961 1915 1096 1977 traxerit.
1135 1911 1195 1978 Sed
1211 1936 1283 1977 non-

131 2017 210 2081 nulla
229 2027 324 2081 tamen
344 2038 361 2081 a
381 2038 414 2080 se
433 2018 599 2101 excogitata
618 2027 649 2080 et
664 2017 788 2080 conficta
805 2018 841 2078 ad
858 2036 960 2078 eorum
977 2015 1129 2100 opiniones
1143 2016 1282 2080 adiiciens

131 2139 272 2204 superare
294 2120 360 2185 illos
381 2141 415 2182 ac
438 2120 582 2204 propriam
605 2119 660 2182 sibi
682 2119 810 2182 sebolam
833 2118 981 2182 vindicare
1001 2117 1120 2180 studuit.
1166 2115 1282 2180 Etenim

131 2242 236 2286 omnes
255 2222 303 2285 isti
321 2222 469 2306 centiceps
490 2243 524 2286 se
545 2223 575 2285 in
587 2214 700 2306 vcorpus
719 2242 753 2284 ιο
771 2221 965 2284 centimanum
984 2221 1225 2287 transformantes
1241 2219 1284 2303 gi-

130 2333 249 2408 gantem
265 2324 344 2389 illum
361 2323 462 2389 uescio
479 2345 563 2408 quem
581 2345 597 2387 e
614 2323 795 2389 Graecorum
811 2323 915 2387 fabulis
933 2322 1098 2408 exprimere
1113 2321 1281 2399 volucrunt,

132 2424 252 2491 Cottum
268 2427 388 2512 opinor,
413 2436 461 2490 aut
478 2423 650 2505 Briareurn,
674 2447 759 2510 quem
775 2436 806 2488 et
820 2428 962 2508 Aegecua
976 2424 1130 2501 dixerunt,
1155 2434 1206 2488 aut
1220 2422 1283 2510 Gy-

89 2573 96 2581 ·
130 2550 206 2615 gau,
237 2540 287 2593 aut
304 2529 419 2612 Argum
436 2529 557 2592 infinitis
574 2529 665 2593 oculis
683 2529 860 2614 praeditum
891 2527 1051 2592 curiusmodi
1068 2537 1201 2611 portenta
1220 2528 1282 2590 suis

131 2633 172 2697 illi
189 2631 367 2697 carminibus
383 2631 480 2697 solent
494 2632 679 2710 describere,
703 2641 735 2695 nt
750 2643 865 2695 centum
883 2630 966 2694 alteri
981 2650 1096 2708 manus,
1120 2651 1183 2693 oum
1199 2630 1282 2714 quin·

129 2735 285 2820 quaginta,
316 2735 473 2799 ueletiam
496 2735 647 2814 centenis,
679 2734 841 2821 capitibus,
870 2744 985 2798 centum
1008 2735 1109 2797 oculos
1128 2733 1212 2797 alteri
1231 2734 1282 2797 tri·

130 2838 232 2902 buant.
279 2834 376 2920 Quam
398 2837 435 2901 ob
453 2858 586 2902 caussam
605 2834 785 2901 Mercurium
803 2838 901 2899 lerunt
917 2835 1131 2922 Argipboutem
1153 2856 1220 2900 csse
1239 2837 1281 2900 di·

130 2951 227 3018 ctum,
260 2941 334 3025 quod
358 2939 456 3004 mrrltis
473 2940 628 3004 luminibus
644 2940 804 3024 praeditum
823 2942 935 3024 Argum
953 2939 1103 3002 occiderit.
1149 2938 1200 3003 Sic
1217 2939 1280 3004 illo-

128 3065 193 3107 rum
210 3043 331 3128 quilibet
346 3041 537 3128 principatum
552 3042 692 3106 affectans
707 3042 833 3127 seipsum
850 3052 936 3126 caput
951 3043 1095 3127 appellat,
1119 3053 1179 3105 eta
1196 3063 1280 3127 prae-

130 3155 280 3232 ceptorum
298 3142 410 3208 insanis
432 3166 467 3208 ac
485 3145 603 3209 furiosis
622 3144 803 3228 dogmatibus
822 3144 937 3207 diversa
958 3145 1097 3229 quaedum
1117 3147 1277 3229 excogitat.

128 3245 241 3313 Verum
264 3269 300 3311 ne
323 3248 352 3311 in
375 3248 532 3332 praefando
554 3247 607 3311 sim
631 3246 763 3331 longior,
786 3247 821 3310 ad
845 3267 907 3310 rem
930 3248 1020 3333 ipsam
1043 3248 1208 3332 aggrediar.

213 3552 379 3621 Heracleon
395 3555 484 3640 igitur
497 3577 561 3619 cum
577 3555 651 3634 suis,
675 3566 706 3619 ut
721 3554 861 3633 diximus,
885 3555 986 3618 eadem
1003 3575 1066 3617 cunr
1081 3553 1185 3619 Marco
1199 3555 1278 3621 aliis·
1298 3560 1356 3628 usp.
1375 3562 1406 3611 tt.

127 3678 202 3743 quc,
226 3660 274 3742 qui
290 3655 426 3723 Marcum
441 3668 675 3738 antecesserunt,
698 3659 734 3723 de
749 3655 951 3744 Ogdoadibus‚
975 3658 1127 3742 superiore
1143 3657 1277 3723 uimirum

127 3771 157 3827 et
180 3761 339 3839 inferiore,
374 3761 475 3826 scutit.
523 3759 635 3825 Deinde
659 3761 778 3846 triginta
799 3764 934 3825 Aeonum
958 3760 1038 3845 paria
1057 3760 1132 3824 baud
1152 3759 1276 3826 absimili

126 3863 242 3929 ratione
263 3863 425 3929 constituit.
477 3863 632 3929 llcmiuenr
654 3885 769 3949 quoque
787 3884 954 3949 supremum
974 3861 1100 3927 omnium
1120 3862 1276 3929 Parentem

127 3966 308 4053 pronuntiat,
332 3987 417 4052 quem
433 3978 464 4030 et
476 3964 602 4053 Bytbum
618 3967 759 4032 nominat.
797 3965 930 4030 Eundem
947 3987 1002 4030 nec
1017 3987 1125 4037 ararem
1142 3988 1209 4032 esse
1223 3988 1277 4032 nec

127 4067 264 4134 feminam
281 4079 377 4153 putat,
402 4090 418 4132 a
436 4091 494 4155 quo
510 4071 714 4137 universorum
731 4067 829 4134 Mater
844 4068 970 4147 existat,
994 4091 1078 4154 quam
1094 4081 1124 4133 et
1140 4067 1231 4154 Sigen
1248 4082 1278 4135 et

127 4169 291 4237 Veritatem
313 4171 447 4257 appellet.
492 4172 541 4236 bb
563 4172 617 4236 bec
636 4172 794 4237 secundam
811 4168 956 4249 Matrem,
988 4192 1062 4257 quae
1081 4172 1111 4236 in
1130 4171 1276 4238 oblivione

126 4272 221 4359 posita
236 4286 300 4354 est,
330 4274 473 4360 originem
489 4273 637 4353 traxisse,
668 4295 754 4358 quam
771 4273 935 4340 Acbanrotb
953 4275 1072 4360 perinde
1090 4287 1122 4342 ut
1137 4276 1186 4339 ulii
1202 4299 1276 4341 ιιιιιι-

126 4387 231 4462 cupit,
251 4397 269 4439 ι
284 4397 341 4462 qua
355 4376 492 4461 deinceps
506 4377 537 4440 in
553 4377 667 4440 defecto
684 4378 842 4442 constituta
856 4388 925 4441 sunt
939 4378 1046 4442 omnia.
1078 4376 1138 4443 Sed
1154 4381 1275 4466 amplius

158 4528 182 4582 3.
200 4532 370 4595 „tromeda
381 4533 428 4583 teto
439 4535 500 4583 runt.
532 4532 593 4596 tear
606 4534 701 4600 χεῖρας,
718 4527 761 4586 τοι
775 4528 804 4588 bb
819 4529 906 4586 ἕκατον
920 4527 1076 4601 ὀφθαλμοὺς,
1099 4532 1143 4588 καί
1158 4550 1217 4589 rcere
1232 4533 1276 4601 ptr

124 4593 279 4666 mesoleucos
294 4615 353 4668 κιφ.
371 4605 438 4664 σοι,
455 4602 577 4652 oonctcutt
593 4602 711 4653 Petcutur.
