3046 5084
396 363 530 416 rinnon
548 365 611 417 nra.
625 366 645 416 t.
662 366 744 418 non.
758 366 803 417 ut.
821 366 922 417 ιιιιιιι.
934 368 1017 418 ιιιιι.
1221 355 1280 419 621

67 492 73 501 '
132 479 297 577 substituit:
321 485 458 549 Mundum
471 490 545 547 mei.
586 482 646 550 set
662 484 807 571 integrum
823 487 989 573 caputillnd
1006 487 1122 571 exipsa
1139 489 1284 550 sermonis

132 594 178 646 est
199 584 407 668 consequentia
432 586 630 651 manifestum.
677 585 717 651 Et
740 588 874 673 qnoniam
899 600 1007 676 patrem
1031 589 1136 652 hortum
1160 589 1285 675 appellat

131 706 165 749 ac
182 686 285 766 deoru,
309 688 460 771 praeclare
475 689 544 753 illud
562 691 706 770 ostendit,
730 692 888 776 quemlihet
903 714 942 755 ex
958 692 1048 776 patris
1064 692 1108 754 sui
1125 693 1190 777 lege
1205 692 1285 756 velut

131 788 271 873 quoddam
295 791 374 854 vitae
398 790 602 875 patrimonium
625 814 712 879 posse
733 795 890 878 consequi,
926 814 979 858 neo
1002 795 1078 857 illam
1096 795 1282 874 condemnat,

131 901 181 955 ant
205 891 319 972 reiicit,
350 895 401 957 sed
423 891 477 957 ehs
500 895 594 977 potins
617 895 718 980 quiin
741 897 806 981 lege
827 898 962 960 vixerunt
982 897 1174 961 immortalem
1194 897 1283 960 vitant

132 995 253 1058 sortitos
276 1016 342 1060 esse
365 1006 505 1077 testatur,
529 995 658 1084 Moysen
682 999 834 1079 videlicet,
859 1022 893 1062 ac
917 1000 1070 1085 prophetas
1093 1011 1220 1063 ceteros.

215 1093 317 1161 Schol.
336 1098 388 1163 Ll.
422 1104 540 1164 Furtum
556 1114 649 1164 aretem
666 1114 712 1163 est
723 1123 785 1164 oum
802 1108 1042 1184 cpprcpmqucret
1056 1106 1183 1178 lerr'rlo,
1218 1125 1280 1163 ece·
1294 1116 1347 1161 nuc.
1358 1121 1389 1174 te,
1403 1121 1435 1164 as.

130 1221 183 1261 eus
198 1202 354 1263 clumudot:
384 1206 449 1264 lesu
457 1205 632 1285 stromat,
663 1209 796 1268 meierere
810 1209 881 1266 mei!
924 1209 1040 1267 Etcum
1061 1218 1177 1268 romulus
1196 1218 1278 1280 esset,

130 1308 187 1379 uit,
211 1308 295 1365 Fides
318 1317 366 1366 triu
389 1318 416 1366 te
436 1310 543 1368 saluum
556 1310 641 1390 serit.

214 1403 317 1470 Relut.
335 1405 387 1470 Ll.
419 1405 537 1473 Nullum
553 1409 630 1473 inest
645 1408 675 1473 in
690 1409 746 1472 lide
762 1411 954 1474 mendacium.
995 1409 1074 1475 Nam
1089 1413 1113 1474 si
1131 1413 1281 1491 mentitur,

130 1507 202 1571 fides
219 1530 276 1572 nou
293 1521 349 1573 est.
396 1512 438 1575 At
452 1511 502 1575 ille
516 1534 580 1575 cnm
598 1511 739 1590 dixisset,
763 1517 823 1574 Fili
832 1518 939 1588 Dauid,
965 1536 982 1577 a
998 1509 1118 1578 Christo
1135 1515 1280 1591 laudatur,

130 1631 295 1695 nomenque
314 1614 467 1678 confessus
488 1616 563 1697 qnod
581 1615 707 1700 petierat
723 1614 871 1700 impetrat.
915 1615 985 1680 Non
1005 1616 1053 1680 ille
1070 1617 1236 1701 increpator
1252 1629 1282 1681 nt

130 1714 274 1791 mendax,
298 1715 350 1777 sed
367 1716 553 1800 praedicatur
570 1728 601 1780 nt
618 1716 723 1780 lidelis.
767 1715 837 1782 Non
857 1719 953 1782 carnis
971 1718 1060 1802 igitur
1081 1730 1144 1782 erat
1160 1740 1280 1804 expers,

130 1816 177 1898 qni
198 1815 235 1878 oh
259 1816 337 1879 illam
363 1819 488 1883 nominis
510 1818 725 1882 invocationem
749 1840 837 1883 caeco
865 1821 960 1884 visum
983 1822 1120 1885 restituit.
1167 1819 1281 1906 Quippe

131 1939 190 1981 non
206 1938 280 1983 rana
294 1920 439 1984 duntaxat
455 1919 566 2007 specie,
590 1922 641 1984 scd
658 1921 754 2006 reipsa
770 1924 927 1986 secundnm
946 1944 1064 1987 caruem
1082 1946 1098 1987 e
1116 1925 1207 2007 stirpe
1222 1920 1281 1985 Ila·

129 2020 205 2085 vidis
223 2023 365 2106 originem
385 2024 512 2088 duxerat
529 2025 564 2088 de
582 2022 752 2088 heatissima
770 2023 884 2108 virgine
901 2023 998 2089 Maria
1014 2037 1111 2105 natus,
1135 2037 1165 2088 et
1181 2048 1197 2089 a
1214 2046 1281 2088 san·
1353 2032 1357 2037 ’

130 2133 177 2186 oto
200 2124 303 2210 spirito
328 2128 480 2191 formatus.

214 2224 315 2292 Schcl.
335 2228 402 2293 Lll.
434 2227 584 2294 Mutilavit
597 2229 670 2293 istae
694 2234 856 2309 Assumptr's
867 2235 1009 2292 duodecim
1023 2237 1074 2306 uit,
1098 2235 1172 2293 Eece
1183 2253 1280 2293 nseeu-
1297 2243 1351 2288 tuto.
1364 2247 1394 2290 st.

129 2335 219 2393 dimus
237 2335 475 2412 Hierosolymam,
500 2345 530 2394 et
544 2334 808 2395 consummabuntur
825 2338 917 2395 omorio
934 2357 1004 2414 qrrce
1022 2340 1128 2413 scrupeo
1147 2346 1281 2414 scalper

124 2437 278 2514 prcpdetus
295 2439 329 2496 de
334 2438 404 2516 filio
420 2439 556 2498 dcmrirr's:
580 2440 726 2511 mudum,
751 2439 908 2510 occidetur,
934 2448 963 2497 et
976 2443 1059 2499 tereth
1075 2442 1121 2498 die
1136 2450 1277 2516 resurget.

127 2533 210 2600 llaec
233 2536 330 2601 omnia
352 2538 481 2602 sustulit.

211 2740 313 2806 Relnt.
328 2741 394 2807 Lll.
424 2741 467 2808 Ut
482 2765 621 2828 nusquam
636 2754 717 2808 recta
732 2744 893 2827 gradiator.
923 2741 1106 2827 Quamquam
1120 2744 1196 2808 illins
1209 2744 1281 2808 chli-

129 2845 224 2930 qnitas
243 2866 278 2909 ac
295 2847 369 2909 mala
387 2847 416 2909 in
434 2846 569 2910 omnihus
588 2847 659 2924 lidos
675 2847 848 2932 reprehendi
865 2856 971 2930 potest.
1019 2843 1119 2910 Verba
1138 2847 1214 2910 enim
1233 2846 1281 2909 illu

128 2947 322 3013 dissimularit
345 2948 430 3028 ideo,
464 2959 497 3012 nt
520 2969 595 3033 quae
618 2950 653 3012 ad
677 2949 787 3012 Christi
810 2948 975 3033 passionem
999 2950 1123 3013 attinent
1146 2960 1277 3033 negaret.

129 3040 188 3114 Sed
203 3072 267 3114 enm
284 3051 387 3116 deinde
401 3050 575 3116 crucifixum
590 3052 712 3115 eundem
730 3073 797 3115 esse
813 3051 982 3131 confitetur,
1005 3053 1111 3116 lrnstra
1127 3063 1174 3115 est
1187 3051 1281 3114 otonis

128 3151 164 3215 ab
187 3173 223 3216 eo
246 3154 424 3238 depravandi
446 3155 523 3218 illius
546 3155 601 3218 loci
624 3164 778 3239 susceptos
800 3153 893 3218 lahor.

213 3256 313 3319 Schol.
333 3253 417 3319 Llll.
450 3255 607 3344 Expnuxit
629 3269 659 3321 et
679 3269 766 3343 capnt
786 3257 855 3321 illud
874 3258 909 3318 de
929 3257 1030 3335 asino,
1061 3254 1231 3341 Bethphage
1250 3266 1279 3318 et
1292 3274 1388 3334 capto,
1401 3281 1434 3324 rt.

128 3358 200 3422 urhe
215 3369 301 3442 alque
317 3359 436 3445 templo.
483 3363 618 3438 Quoniam
632 3365 768 3441 scriptum
785 3372 842 3435 est,
867 3365 971 3420 domus
986 3379 1046 3420 meu
1062 3362 1159 3420 domus
1174 3363 1280 3420 oratio-
1293 3378 1348 3424 tutu.
1361 3384 1393 3427 aa.

127 3467 172 3522 uis
193 3464 348 3524 recuditur.
395 3466 434 3524 Et
446 3465 550 3545 foer'tis
571 3485 630 3525 eom
651 3467 811 3545 spelrrmum
834 3466 985 3524 latronum.

210 3666 311 3732 Relnt.
329 3665 414 3732 Llll.
448 3665 545 3733 Caeca
565 3680 611 3733 est
627 3669 796 3753 improbitas
816 3668 926 3746 omnis,
952 3688 1006 3730 nec
1026 3689 1060 3732 ea
1078 3666 1157 3730 videt
1176 3666 1280 3750 quihus

127 3769 263 3854 redargui
282 3771 392 3855 possit,
426 3794 459 3836 ac
475 3788 513 3835 se¹
524 3772 599 3856 qnod
619 3771 683 3836 lieri
701 3773 803 3856 nequit
817 3771 953 3848 omnino,
988 3770 1120 3834 veritatis
1137 3768 1214 3833 riam
1231 3791 1280 3833 oo·

127 3872 237 3936 collare
259 3883 358 3958 sperat
380 3894 479 3960 posse.
526 3872 577 3938 Sic
599 3875 655 3939 iste
674 3872 890 3961 praetermissis
913 3873 949 3936 iis
968 3872 1102 3936 omnihus
1125 3892 1199 3956 qnae
1219 3873 1279 3934 dixi

128 3975 269 4061 capitibus
293 3976 414 4061 abrupte
437 3978 588 4056 transiliit,
622 3989 654 4040 ut
677 3977 745 4040 illud
765 3978 800 4039 de
819 3976 925 4060 templo
945 3975 1139 4038 testimoninm
1159 3974 1277 4054 vitaret,
1387 4049 1392 4059 ¹

127 4099 184 4161 quo
207 4079 354 4164 peculiare
378 4080 433 4143 sibi
458 4080 526 4144 illud
551 4101 618 4144 esse
642 4101 675 4142 ac
698 4078 807 4142 nomini
831 4100 884 4142 sno
908 4078 1094 4141 constitutum
1118 4076 1277 4161 siguificat.

126 4181 174 4244 Ao
192 4181 329 4266 deinceps
352 4181 387 4244 ab
408 4180 607 4245 Hierichuntis
626 4182 774 4245 mentione
795 4192 883 4246 totam
903 4182 1017 4245 itineris
1035 4181 1142 4244 seriem
1161 4181 1277 4261 omittit,

128 4292 215 4367 utque
239 4280 410 4347 Bethaniam
435 4305 470 4347 ac
495 4282 663 4369 liethphage
685 4284 864 4369 pervenerit.
910 4282 1004 4348 Vetus
1030 4284 1106 4346 euim
1133 4296 1196 4348 erat
1218 4285 1277 4363 via,

128 4405 202 4469 quus
219 4405 271 4472 per
288 4382 398 4451 Olircti
417 4397 544 4450 montem
561 4384 770 4473 llierosclyma
788 4387 928 4466 ducebat,
953 4408 1037 4471 qnam
1054 4386 1129 4452 hand
1144 4388 1280 4473 ignorant

159 4534 201 4590 21.
221 4541 331 4591 Gouurue
349 4533 420 4592 ‘'Olc
442 4541 523 4594 reiro
545 4539 684 4609 παρέκυψε,
752 4541 793 4593 25.
811 4544 891 4604 supro
908 4534 955 4594 ὅτι.

126 4605 167 4660 iro
183 4605 209 4661 du
226 4607 317 4676 μηδέιι
336 4603 509 4678 o’phuuodrlcp-
753 4608 794 4664 26.
813 4613 894 4700 Supra
910 4613 973 4662 obest
988 4605 1153 4678 κληὲήσεται
