3046 5084
350 361 486 414 Pannntt
506 361 568 413 utu.
583 363 604 412 i.
620 363 702 415 ΤΟΜ.
715 363 749 414 11.
764 362 864 413 HhEll.
880 363 991 413 xxvn.
1186 353 1247 414 213

98 480 231 548 rentibus
248 480 341 545 adbuc
358 477 518 564 apostolis,
541 475 633 542 Petro
648 479 811 543 scilicetne
826 478 918 545 Panlo
936 481 1063 566 episcopi
1079 482 1127 545 alii
1145 488 1246 547 snrro-'

97 584 171 669 gari,
191 584 265 667 quod
279 583 366 646 iidem
380 581 421 645 illi
437 578 623 662 praedicandi
639 579 784 662 evangelii
800 583 894 662 gratie
911 582 940 644 in
958 583 1030 645 alias
1046 581 1132 645 urbes
1149 585 1245 666 regio·

95 705 204 773 uesqne
223 685 433 769 profectionem
452 681 654 764 susciperent,
685 700 788 742 carere
806 691 900 742 antem
919 683 1055 766 episcopo
1072 680 1168 747 Roma
1186 706 1245 747 non

94 798 203 872 posset.
252 783 401 868 Siquidem
418 779 528 843 Paulus
544 782 575 843 in
592 779 761 864 Hispaniam
780 781 931 865 pervenit,
954 780 1061 846 Petrus
1075 803 1148 845 vero
1167 781 1245 846 Pon-

75 900 152 953 tum
177 911 211 953 ac
232 885 403 969 Bithyniam
430 902 640 967 saepenumero
664 883 842 967 peragravit.
887 883 933 946 Ac
956 884 1020 946 lieri
1043 905 1114 946 sanc
1138 885 1243 970 potuit,

93 1000 125 1054 nt
140 991 262 1075 primum
281 983 434 1050 Clemente
452 983 625 1061 constituto,
650 1004 714 1046 enm
734 984 759 1046 is
776 985 928 1068 defugeret
946 985 985 1067 (si
1002 985 1043 1048 ita
1059 997 1154 1049 tamen
1174 1009 1245 1051 cou-

94 1091 176 1174 tigit,
210 1089 285 1170 qnod
308 1108 364 1171 ago
384 1084 528 1170 opinando
547 1085 642 1170 potius
663 1105 748 1168 qnam
765 1087 962 1149 asseverando
981 1087 1122 1170 dixerim)
1142 1100 1244 1173 postca

93 1189 192 1268 Lino,
216 1184 360 1271 Cletoque
376 1189 515 1266 mortuis,
538 1186 586 1270 qui
601 1183 664 1249 ΧΙΙ
680 1207 820 1250 annorum
839 1190 932 1272 spatio
946 1189 1113 1272 singulatim
1130 1192 1244 1276 episco-

95 1303 193 1376 patum
213 1290 416 1368 obtinuerunt,
448 1299 515 1373 post
535 1289 732 1373 apostolorum
751 1287 832 1352 Petri
851 1287 991 1373 Paulique
1014 1311 1134 1370 necem,
1168 1314 1243 1376 qnae

95 1395 124 1455 iu
141 1412 247 1454 annum
263 1389 394 1454 Neronis
408 1387 482 1453 ΧΗ.
503 1389 642 1469 incurrit,
667 1400 726 1453 tum
743 1391 856 1454 demum
875 1392 1071 1476 pontificatum
1087 1415 1243 1478 capessere

95 1496 134 1557 sit
152 1503 279 1556 coactus.
325 1488 384 1555 Sed
405 1501 557 1574 utcumque
576 1512 644 1556 sese
662 1513 711 1555 res
729 1492 878 1570 habuerit,
911 1493 1110 1558 Romanorum
1128 1496 1243 1580 pontili-

97 1618 161 1659 cnm
184 1596 238 1658 ista
257 1593 408 1656 successio
429 1602 492 1655 est:
523 1590 631 1657 Petrus
650 1592 822 1673 etPaulus‚
854 1593 948 1659 Linus
968 1618 1002 1659 ac
1021 1591 1140 1676 Gletes,
1173 1594 1243 1662 Cle·

95 1717 195 1773 mens,
227 1693 399 1771 Enaristus,
435 1693 619 1771 Alexander,
653 1692 787 1779 Xystus,
819 1695 1037 1781 Telesphorus,
1071 1696 1238 1780 Edenates,

95 1798 245 1884 Hyginus,
274 1792 365 1876 Pius,
396 1795 558 1872 Anicetus,
589 1795 636 1878 qni
652 1808 698 1858 est
713 1817 729 1859 a
745 1818 790 1858 me
807 1798 892 1881 paulo
909 1809 976 1860 ante
992 1799 1021 1861 in
1039 1800 1242 1885 episcoporum

94 1901 195 1963 ordine
213 1910 394 1962 numeratus.
440 1898 487 1959 Ac
503 1894 612 1958 nemini
628 1916 699 1958 sane
715 1897 817 1959 mirum
835 1897 967 1961 videatur
982 1922 1035 1961 cnr
1048 1901 1162 1985 singula
1181 1914 1242 1966 tan-

93 2014 123 2065 ta
140 2023 205 2064 cum
222 1999 371 2085 diligentia
390 1996 597 2083 percurrerim.
635 1994 695 2060 Per
710 1997 782 2060 haec
798 1999 875 2061 enim
891 2011 1029 2083 perpetuo
1045 2013 1125 2065 certa
1141 2026 1242 2066 secur-

93 2090 213 2187 rataque
229 2102 339 2167 veritas
356 2100 530 2164 ostenditur.
577 2095 774 2180 Qrtamohrcm
791 2099 922 2177 Aniceti,
942 2113 972 2163 ut
989 2103 1094 2165 dictum
1110 2116 1155 2166 est
1170 2115 1241 2168 tem-

93 2226 181 2290 pore,
210 2201 386 2268 Marcallina
402 2203 449 2264 illa
468 2199 591 2262 Romam
608 2200 747 2280 veniens,
781 2214 809 2264 ct
827 2197 1074 2285 Carpocratianae
1092 2205 1241 2269 doctrinae

94 2309 175 2374 viros
193 2326 352 2381 evomens,
384 2303 490 2366 multos
508 2300 568 2364 illic
584 2323 685 2365 errore
704 2324 758 2366 sno
776 2305 949 2389 depravatos
966 2305 994 2366 in
1013 2306 1133 2369 exitium
1150 2307 1242 2392 impu-

94 2409 137 2491 tit,
161 2409 346 2489 indidemque
362 2402 569 2468 Gnosticorum
585 2415 653 2468 suut
667 2405 794 2467 excitata
810 2406 977 2489 primordia.
1024 2404 1140 2470 Habent
1154 2431 1242 2493 porro

95 2506 317 2596 carpocratiani
334 2507 462 2590 depictas
478 2507 624 2570 coloribus
639 2505 800 2590 imagines,
833 2507 947 2591 qnidam
968 2509 1054 2571 etiam
1071 2498 1177 2572 aureas
1193 2522 1244 2572 aut

94 2621 268 2695 argenteas,
300 2609 347 2672 vel
367 2630 407 2671 ax
425 2608 480 2671 alia
499 2609 620 2673 materia
639 2610 747 2685 iactas,
779 2630 850 2692 quas
869 2630 935 2672 esse
953 2607 1021 2673 lesu
1040 2609 1148 2694 effigies
1167 2612 1242 2673 affir-

95 2725 191 2793 mant,
221 2712 397 2794 easdemque
419 2708 559 2774 aPontio
578 2708 674 2773 Pilato
696 2710 731 2774 ad
753 2707 863 2775 Christi
886 2711 1103 2775 similitudinem
1121 2714 1240 2790 effictas,

96 2838 153 2900 que
169 2826 298 2899 tempore
314 2814 392 2876 iuter
404 2812 536 2876 homines
549 2813 685 2896 degebat.
725 2809 784 2876 Sed
800 2814 939 2875 eiusmodi
956 2814 1097 2897 imagines
1112 2815 1242 2879 occultas

95 2917 221 2993 habeut,
244 2936 299 2978 nac
316 2937 373 2977 non
388 2925 418 2978 et
433 2914 668 3000 philosophorum
684 2915 881 2997 quorundam,
906 2924 937 2977 nt
952 2913 1150 3000 Pythagorae,
1173 2915 1241 2981 Pla-

95 3017 191 3095 tonis,
215 3016 400 3096 Aristotelis,
424 3017 622 3099 aliorumque,
647 3016 751 3099 quibus
770 3038 820 3079 eas
839 3039 911 3101 quas
927 3017 987 3079 dixi
1007 3014 1117 3081 Christi
1132 3019 1241 3102 effigies

95 3120 237 3198 miscent,
261 3128 292 3181 et
308 3129 423 3181 erectas
441 3119 526 3182 simul
543 3138 645 3181 omnes
663 3119 801 3198 adorant,
825 3119 860 3180 ad
879 3139 986 3202 easque
1001 3120 1149 3201 gentilium
1169 3121 1243 3182 ritus

96 3223 260 3286 instituunt.
305 3216 466 3286 Collocatis
487 3219 564 3282 enim
582 3220 745 3283 simulacris
767 3221 849 3298 istis,
880 3241 954 3304 qnae
974 3242 990 3283 a
1007 3222 1163 3304 gentilibus
1180 3219 1243 3283 lieri

96 3325 193 3389 solent
214 3323 351 3407 deinceps
374 3322 536 3407 perficiunt.
582 3320 708 3405 Quinam
730 3343 802 3387 vero
824 3334 893 3386 sunt
912 3323 1035 3406 gentiles
1059 3324 1078 3386 ii
1097 3322 1170 3385 ritus
1195 3319 1244 3383 alii

96 3446 180 3511 quan
194 3425 349 3502 sacrificia,
373 3434 547 3508 caeteraque
560 3424 678 3508 generis
694 3421 843 3488 ciusdem?
887 3421 1045 3487 Caeterum
1059 3425 1099 3486 ita
1114 3423 1169 3486 soli
1182 3421 1245 3484 ani·

95 3548 161 3591 mae
182 3528 304 3591 salutem
327 3525 472 3590 attibnunt
495 3536 527 3590 nt
550 3527 587 3590 ab
609 3525 672 3590 eius
691 3528 894 3591 communione
918 3547 1041 3611 corpora
1062 3524 1244 3608 segreganda

96 3639 209 3716 putent.

16 3736 21 3744 '
181 3728 378 3813 Quamobrem
401 3732 479 3794 omui
503 3732 568 3795 illos
591 3751 646 3817 ope
670 3732 825 3817 profligare
849 3737 964 3814 oportet
986 3739 1071 3811 atque
1095 3738 1241 3794 evertere.
1263 3745 1322 3810 cap.
1339 3746 1392 3797 Vtt.

94 3832 202 3918 Neque
223 3833 300 3896 enim
323 3834 461 3916 estquod
481 3834 622 3896 eiusmodi
641 3835 774 3919 dogmata
793 3831 965 3917 praesertim
984 3851 1001 3892 a
1020 3830 1068 3892 tali
1084 3829 1243 3916 impostore

96 3937 227 4021 proiecta
243 3934 385 4020 quispiam
404 3945 582 3998 contemnat.
626 3935 745 4000 Atenim
763 3937 841 3998 dicat
858 3932 975 4016 aliquis,
998 3930 1106 3996 Nonne
1125 3953 1160 3997 ea
1178 3944 1246 3997 sunt

96 4037 216 4122 cognitu
242 4036 338 4100 incilia
359 4034 538 4120 stultitiaque
561 4037 747 4122 plenissima?
791 4033 868 4100 Sunt
895 4056 929 4097 ea
956 4057 1038 4099 vero.
1089 4033 1149 4100 Sed
1175 4034 1245 4096 insi-

96 4139 242 4225 pientibus
255 4140 343 4203 stulta
359 4139 526 4223 plerumque
542 4139 766 4224 persuadentur,
786 4139 845 4200 imo
860 4137 946 4200 etiam
961 4139 1117 4223 prudentes
1134 4159 1151 4200 a
1166 4146 1244 4198 recta

96 4242 145 4305 via
166 4242 340 4320 deflectunt,
375 4239 430 4303 uisi
455 4240 541 4302 animi
566 4240 611 4304 vis
633 4240 708 4302 adsit
731 4240 863 4302 veritatis
887 4241 1097 4305 exercitatione
1120 4240 1243 4301 firmata.

98 4341 293 4426 Quamobrem
313 4365 377 4407 curn
396 4343 427 4405 in
443 4343 545 4405 iisdem
563 4342 667 4425 quihus
685 4338 786 4405 Simon
807 4342 926 4427 magicis
944 4345 1053 4407 artibus
1071 4352 1245 4423 caeteraque

97 4464 231 4509 errorum
246 4447 330 4509 faece
347 4444 513 4531 Carpocras
530 4443 661 4521 haereat,
686 4464 740 4507 nos
757 4446 873 4508 easdem
889 4466 1003 4530 quoquc
1017 4446 1051 4507 ad
1067 4443 1146 4506 illum
1163 4464 1247 4506 evar-

97 4547 219 4611 teudom
237 4549 366 4612 rationes
384 4546 594 4612 adhibebimus.
641 4542 674 4610 Si
693 4545 770 4610 enim
786 4547 884 4632 ignota
907 4547 954 4611 illa
977 4568 1031 4610 nec
1054 4545 1112 4609 nllo
1132 4544 1248 4608 nomine
