3046 5084
253 322 313 384 708
675 333 795 386 ειαοτι
811 333 980 385 εειειειαιι

253 449 396 535 ούρανῶν.
441 452 501 514 Καί
520 450 621 533 ἐπειδὴ
642 448 662 533 ἡ
684 448 821 533 ἀλήθεια,
851 449 903 526 τάς
920 452 1026 533 ἑαυτῆς
1042 447 1163 528 ἀκτῖνας
1180 448 1403 534 ἀποστίίβννσα

253 555 295 628 είς
315 549 347 616 τό
368 555 503 629 παντελὲς
523 551 597 618 κατά
614 551 780 638 πρόγνωσιν
801 559 875 617 θεοῦ
896 558 954 618 τῶν
970 554 1189 638 ἐπιφερομένων
1210 557 1328 632 κακῶν,
1360 553 1403 628 είς

107 670 111 675 ’
132 682 183 728 ρος.
196 670 241 714 m.
255 657 367 739 ἔλεγχον
380 653 550 739 προετύπου
565 653 636 731 τούς
650 652 741 736 αύτῆς
754 652 870 740 λόγους,
892 662 1043 738 πανταχοῦ
1056 657 1254 741 προεθέσπισε
1267 654 1301 720 τό
1314 662 1404 720 θεῖον

252 756 373 843 γράμμα
388 754 442 840 την
459 755 604 842 ἀναίρεσιν
619 764 678 822 τῶν
695 755 855 838 μελλόντων
871 754 946 822 κατά
963 765 1016 841 τῆς
1032 754 1173 840 ἀληθείας
1189 759 1401 843 ἐπεγείρεσθαα

252 857 303 936 Ὡς
318 858 480 944 διαρρήδην
497 856 586 935 αύτός
604 886 662 925 που
680 856 698 924 ό
714 858 816 944 πόριος
831 861 873 934 είς
888 861 1000 944 ἔλεγχον
1016 866 1070 925 τοῦ
1086 862 1208 925 ἐλεεινοῶ
1223 862 1276 925 καί
1291 867 1402 925 πεπλα-

254 963 384 1044 νημένον
398 961 537 1048 Σευήρου
553 960 659 1043 φάσκει
673 958 762 1037 αύτός
776 958 880 1026 ἑαυτόν
897 960 950 1044 την
964 959 1107 1045 ἀμπελον,
1127 963 1229 1047 λέγων,
1249 957 1326 1047 Ἐγοό
1343 962 1402 1045 είμι

254 1061 274 1147 ἦ
291 1061 418 1146 ἀμπελος
434 1062 455 1146 η
471 1061 606 1147 ἀληθινή.
651 1067 693 1127 Εἰ
708 1065 740 1128 δέ
756 1062 832 1139 όλως
846 1061 957 1144 ψεκτόν
974 1055 1012 1146 ἦν
1028 1062 1061 1130 τό
1080 1070 1133 1146 τῆς
1148 1061 1278 1146 ἀμπέλου
1295 1061 1402 1148 ὄνομα,

255 1164 311 1232 οῦκ
327 1165 364 1230 ἀν
380 1174 433 1232 τοῦ
450 1163 594 1248 ὀνόματος
609 1169 649 1241 είς
665 1164 769 1231 ἑαυτόν
786 1167 912 1230 ἐποιεῖτο
928 1163 981 1246 τόν
996 1162 1163 1249 ὁμοιότητα.
1203 1163 1287 1231 Ἀλλά
1301 1169 1356 1232 καί
1372 1170 1405 1232 σί

256 1267 414 1334 ἀπόστολοί
429 1291 519 1348 φασιν
537 1271 566 1332 ἐν
581 1275 616 1356 τῇ
638 1265 790 1345 1Διατάξει
806 1275 842 1356 τῇ
858 1268 1024 1355 καλουμένῃ
1042 1266 1103 1350 ότι,
1128 1273 1238 1334 Φντεία
1256 1274 1335 1334 θεοῦ
1351 1270 1403 1334 καί

256 1369 392 1454 ἀμπελῶν
407 1368 427 1453 ἦ
441 1369 586 1452 καθολικη
604 1373 746 1452 ἐκκλησία.
789 1367 871 1433 Ἀλλά
885 1370 935 1433 καί
951 1367 1040 1445 αύτός
1057 1368 1192 1458 όκύριος
1204 1368 1293 1438 πόλιν
1310 1372 1344 1436 ἐν
1360 1376 1402 1458 τῷ

256 1471 410 1560 εὐαγγελίῳ
432 1470 606 1554 ποιούμενος
628 1470 681 1553 τὴν
702 1479 754 1536 τοῦ
776 1469 948 1554 ἀμπελῶνος
965 1471 1136 1558 παραβολήν
1157 1473 1218 1553 ότι,
1246 1471 1337 1558 Ἀνείρ
1358 1498 1404 1549 τις

256 1573 465 1667 οίκοδεσπότης
478 1571 549 1656 εἶχεν
563 1572 730 1656 ἀμπελῶνα,
751 1576 801 1639 καί
817 1576 929 1651 ἐξέδοτο
944 1570 1034 1639 αύτύν
1045 1583 1199 1661 γεωργοῖς,
1220 1576 1272 1640 καί
1286 1577 1403 1659 ἔπεμψε

257 1684 351 1761 ζητῶν
366 1674 491 1761 καρπόν,
513 1679 563 1742 καὶ
579 1674 633 1742 ούκ
649 1678 776 1741 ἔδωκαν·
800 1675 870 1741 ἀλλά
885 1679 933 1741 καί
950 1674 1047 1756 πόλιν,
1066 1673 1154 1762 Ἀνήρ
1168 1703 1214 1754 τις
1229 1676 1402 1745 οίκοδεσπό·

257 1808 309 1864 της
325 1783 397 1863 ἐχων
414 1777 587 1862 ἀμπελῶνα,
611 1781 715 1861 ἐξῆλθε
727 1787 819 1861 ζητῶν
834 1778 956 1865 ἐργάτας
970 1782 1012 1855 είς
1026 1778 1078 1845 τόν
1092 1777 1265 1862 ἀμπελῶνα,
1287 1782 1340 1845 καί
1354 1782 1403 1847 ίαί

255 1890 355 1969 τρίτην
377 1881 472 1966 ῶραν,
493 1883 544 1945 καί
566 1883 665 1964 ἕκτην,
688 1884 739 1946 καί
758 1881 895 1965 ἐννύτην,
916 1883 967 1947 καί
983 1881 1152 1965 ἓνδεκάτην·
1183 1879 1225 1959 ῶς
1240 1880 1404 1961 ἐξάπαντος

257 1985 290 2053 τό
305 1993 358 2068 τῆς
373 1987 584 2066 ἐπιτηδεύσεως
596 1982 772 2069 σκευῶρημα
786 1987 837 2049 καί
849 1983 955 2050 τούτου
967 1989 1021 2050 τοῦ
1034 1981 1203 2061 ἀπατεῶνος
1215 1983 1404 2069 πανταχόθεν

259 2092 332 2173 ἔχειν
347 2090 380 2152 τό
396 2086 605 2172 τιτρῶσκεσθαι
621 2085 697 2175 λόγῳ
712 2094 766 2170 τῆς
781 2084 927 2169 ἀληθείας.
972 2084 1038 2152 Κάν
1053 2112 1084 2152 τε
1099 2086 1154 2174 γάρ
1169 2091 1355 2168 ἐπιφαίνεται
1367 2086 1403 2155 τό

259 2190 365 2267 σκότος
382 2188 482 2271 φωτός
499 2188 538 2272 μη
554 2187 716 2274 παρόντος,
739 2187 775 2254 δι’
792 2188 890 2276 όλίγου
909 2196 1074 2275 σπινθῆρος
1089 2188 1110 2273 ἡ
1126 2189 1218 2257 αῦτοῦ
1233 2186 1406 2271 ἀφόντασις

258 2303 310 2378 τῆς
328 2291 497 2378 ἀνατροπῆς
512 2290 666 2377 γενήσεται.
710 2290 871 2375 Συντόμως
892 2294 924 2357 δέ
940 2293 1080 2377 κέγρημαι
1097 2299 1134 2383 τῇ
1149 2293 1270 2379 αίρίσει,
1298 2292 1351 2359 δνά
1366 2292 1403 2360 τό

259 2396 317 2481 ἤδη
336 2398 456 2473 ἐξειπεῖν
471 2393 517 2460 ότι
532 2391 674 2471 εύάλωτος
688 2392 860 2480 ύπάρχουσα
876 2393 912 2460 ού
927 2401 1036 2477 πολλῆς
1051 2398 1143 2461 δεῖται
1157 2397 1304 2483 ίργασίας,
1324 2392 1405 2481 πρός

261 2502 399 2565 σύστασιν
416 2506 469 2580 τῆς
482 2495 543 2563 κατ’
559 2496 650 2581 αύτῆς
668 2495 820 2581 ἀληθείας·
842 2496 964 2580 μάλιστα
980 2497 1023 2577 δί,
1045 2496 1091 2565 ότι
1103 2495 1177 2583 τάχα
1189 2493 1273 2582 οίμαι
1283 2498 1336 2564 καί
1349 2524 1406 2581 μη·

260 2604 321 2668 κίτι
342 2604 375 2668 ἐκ
392 2598 498 2684 ταύτης
513 2597 655 2686 ύπάργειν
675 2599 773 2680 τινάς,
796 2597 852 2664 ἀλλ’
874 2603 902 2664 εί
920 2597 978 2686 ἀρα
995 2604 1126 2678 σπανίοις
1145 2602 1178 2667 ἐν
1195 2596 1334 2669 ἀνανεύσω
1353 2600 1403 2683 μί-
1504 2668 1508 2675 ,

261 2727 347 2792 ρεσιν.

345 2907 417 2975 Ἀπό
433 2907 541 2992 ταύτης
561 2910 593 2975 δὲ
610 2908 823 2995 παρελθόντες,
853 2907 948 2996 ῶςπερ
965 2912 1110 2993 σκορπίον
1128 2907 1224 2977 δεινόν
1240 2906 1411 2993 καταπατή-

263 3037 378 3092 σαντες,
401 3010 523 3098 ἀθρόως
536 3010 588 3087 τάς
603 3014 669 3095 ἑξῆς
685 3010 931 3094 διασκοπήσομεν,
952 3018 1028 3079 θεοῦ
1043 3009 1098 3096 τὴν
1111 3010 1237 3095 δύναμιν
1252 3008 1410 3079 hudo&-

264 3144 345 3202 μενοι
367 3119 408 3191 είς
428 3113 587 3198 βοήθειαν,
616 3122 668 3179 τοῦ
689 3140 719 3179 τε
739 3113 773 3180 τό
791 3112 901 3196 ἀληθίς
915 3118 1023 3194 εἰπεῖν,
1052 3116 1104 3181 καί
1120 3121 1173 3180 τοῦ
1190 3110 1282 3181 αύτόν
1297 3114 1350 3197 ίμί
1364 3110 1411 3197 μὴ

264 3223 462 3305 βλάπτεσθαι,
483 3217 606 3301 μάλιστα
621 3219 687 3304 περί
703 3225 757 3299 τῆς
771 3214 908 3299 τοιαύτης
920 3219 1019 3300 δεινῆς
1035 3218 1087 3283 καί
1103 3213 1253 3304 ἀλιτηρίου
1266 3222 1328 3283 τῶν
1339 3217 1411 3303 aar

266 3323 366 3408 μάτων
387 3324 525 3406 μέλλοντα
546 3318 722 3402 ύποφαίνειν
741 3322 948 3405 κακοτροπίας.

534 3570 711 3640 ΚΑΤΑ
764 3568 1143 3656 ΤΑΤΙΑΝΩΝ,

444 3685 575 3781 εἰκοστὴ
603 3690 700 3780 ἕκτη,
737 3683 761 3779 ἡ
785 3688 844 3759 καὶ
868 3682 1122 3785 τεσσαρακοατδ
1145 3686 1234 3779 ἕκτη.

132 3850 199 3915 Κεφ.
217 3846 250 3902 α’.
356 3835 498 3912 Τατιανός
511 3862 555 3911 τις
569 3833 672 3918 ἀνίστη
687 3833 811 3912 τούτους
826 3833 1041 3918 διαδεξόμενος,
1061 3831 1129 3917 ἤτοι
1140 3830 1217 3901 mo}
1228 3830 1300 3911 τούς
1312 3828 1417 3901 αύνὸν

146 3978 197 4022 μς.
210 3967 256 4011 ενι.
269 3939 394 4026 χρόνους
416 3937 473 4018 ῶν,
506 3937 527 4021 ἢ
543 3936 600 4021 μετ’
619 3938 741 4019 αύτούς,
772 3937 859 4004 πόλιν
874 3934 928 4020 τήν
944 3938 1052 4003 ἑαυτοῦ
1067 3944 1121 4020 τῆς
1133 3938 1316 4017 κενοφωνίας
1330 3937 1417 4003 διδα-

268 4048 387 4110 σκαλίαν
400 4040 645 4127 προστησάμενος.
684 4044 744 4107 Καί
758 4041 795 4107 τά
808 4042 860 4124 μὲν
872 4048 985 4127 πρῶτα,
1001 4036 1049 4106 οία
1062 4037 1102 4123 δὴ
1113 4036 1175 4107 ἀπό
1186 4034 1333 4123 ‘mim
1345 4064 1419 4107 un·

268 4151 350 4221 δείας
366 4142 519 4230 ῦπάρχων,
549 4143 724 4228 συνακμάζει
737 4142 883 4234 Ἰουστίνιμ
903 4151 943 4233 τῷ
962 4140 1133 4232 φιλοσόφῳ,
1163 4138 1250 4227 ἀνδρί
1264 4138 1341 4231 είγίμ
1361 4142 1419 4209 καί

270 4254 345 4338 φίλω
363 4256 455 4328 θεοῦ,
489 4256 551 4338 1τῷ
569 4246 628 4314 ἀπό
648 4255 840 4335 Σαμαρειτῶν
857 4250 898 4326 είς
918 4244 1047 4333 Χριστόν
1061 4242 1271 4313 πεπιστευκότα
1316 4234 1420 4323 Θύσσος

307 4440 471 4491 cn.1v.-
491 4440 511 4492 l.
533 4445 627 4492 constit.
642 4444 742 4505 Αραείυλ.
755 4444 822 4492 lim.
855 4439 963 4508 κλησία,
988 4438 1033 4494 καὶ
1054 4433 1173 4506 ἀμπελύν
1195 4430 1274 4491 αύταῦ
1293 4432 1418 4499 &mle

269 4524 371 4574 prooem.
383 4512 449 4576 (ενοι.
460 4512 489 4572 1,,
500 4508 593 4573 ρ.199.
611 4513 710 4561 Ροίτυιιι
723 4512 824 4572 apostol.
855 4515 905 4562 ατίλ

271 4580 307 4630 εδ.
324 4579 411 4645 clem:
429 4578 495 4630 Θεοῦ
509 4576 599 4645 φυτεία
610 4574 630 4644 η’
644 4574 767 4644 καθολικεὶ
781 4574 823 4631 ἐκ·
891 4577 951 4631 (ίαν.
961 4578 983 4629 1.
999 4604 1033 4619 -
1050 4574 1074 4629 1.
1089 4576 1119 4629 ία
1129 4574 1185 4629 ΙΙΙ
1194 4576 1274 4641 ΠΗ.
1288 4576 1358 4629 u
1368 4572 1418 4631 tu*
