3046 5084
355 346 489 398 romanu
509 346 571 398 tre.
584 348 605 399 ι.
621 348 704 400 rou.
717 349 760 399 ιιι.
778 349 876 399 nucu.
889 349 970 399 ιιιιι.
1180 336 1242 398 559

82 482 142 546 quo
158 462 222 525 vult
239 464 398 548 pertineatq
422 465 466 528 sic
484 467 561 529 enim
577 467 700 530 asserite
726 463 903 545 Dominum,
927 478 1079 551 postquam
1097 489 1112 529 a
1131 464 1394 534 {beonetsetena

81 563 248 649 baptizatus
266 577 329 645 est,
354 567 466 631 dixisse
483 568 652 654 discipulis:
683 575 826 650 Bcpn‘smc
843 571 931 630 dobeo
949 571 1107 649 dapn'zcri,
1132 582 1162 629 ct
1175 573 1244 649 qnid

80 670 144 728 colo
168 672 227 728 meisi
248 682 282 730 nt
299 673 445 751 perfetum
467 675 580 749 ipsum?
610 692 645 734 ae
670 692 804 735 rursum:
839 674 958 732 Culicem
983 673 1070 732 dohec
1097 672 1191 732 bibere
1214 684 1245 731 et

81 773 152 850 qnid
166 773 227 832 nole
243 777 303 832 πίει·
316 783 348 832 nt
361 775 487 851 impleam
505 775 608 834 illem?
631 776 707 837 uude
724 773 821 857 plures
838 773 902 836 illos
919 773 1076 858 baptismos
1095 793 1241 836 comsanen-

83 882 129 934 tus
153 883 208 935 est.

165 972 326 1037 Praeterea
346 977 439 1059 legem
459 998 494 1040 ac
513 976 668 1063 propbetas
687 999 788 1041 omues
808 978 922 1057 abiicit3
954 952 1027 1061 qbcs
1047 977 1186 1062 principis
1206 977 1240 1039 il·
1260 985 1318 1054 Gap.
1337 991 1376 1040 tv.

81 1075 137 1138 lius
156 1076 270 1155 afflatu,
299 1079 346 1161 qui
368 1078 443 1141 bunc
460 1079 560 1143 orbern
579 1080 725 1157 condidit,
751 1080 926 1143 vaticinatos
944 1081 1105 1142 existimat.
1154 1077 1240 1143 Cbri-

80 1187 156 1241 stum
175 1199 247 1242 vero
265 1180 331 1242 ideo
348 1181 383 1243 de
400 1182 483 1245 coelo
501 1182 648 1267 delapsum
666 1183 715 1245 illo
733 1203 749 1244 e
769 1193 906 1267 parente,
940 1183 986 1265 qui
1004 1203 1057 1246 uec
1076 1182 1167 1246 videri
1186 1203 1240 1244 nec

80 1281 224 1344 nominari
248 1293 361 1367 potest,
392 1294 424 1346 ut
446 1293 476 1346 et
498 1285 611 1348 animas
634 1284 787 1362 liberaret,
819 1295 849 1346 et
868 1281 1042 1347 ludaeorum
1065 1306 1099 1347 ac
1117 1285 1190 1368 legis
1210 1295 1240 1346 et

80 1383 286 1469 prophetarum
314 1397 401 1470 atque
425 1387 589 1450 istiusmodi
612 1397 778 1450 ceterorum
809 1388 892 1449 deum
922 1389 1124 1470 redargueret.
1177 1384 1239 1448 lmo

80 1485 114 1548 ad
132 1486 245 1549 iuleros
263 1509 355 1572 nsque
372 1490 561 1553 descendisse
578 1488 737 1566 domiuum,
762 1499 793 1551 ut
808 1499 837 1552 et
854 1486 950 1551 Caino
967 1500 996 1551 ct
1014 1486 1105 1566 Coro,
1131 1509 1164 1551 ac
1181 1485 1239 1550 Da-

80 1587 160 1651 tbani
177 1599 207 1651 et
220 1588 362 1668 Abironi‚
388 1613 442 1655 nec
460 1613 516 1654 nou
535 1590 633 1669 Esau,
658 1613 692 1654 ac
708 1590 875 1654 nationibus
891 1592 1044 1669 omuibus,
1070 1591 1173 1675 quibus
1192 1589 1238 1652 lu·

79 1690 218 1754 dacorum
236 1691 308 1755 deus
328 1694 422 1756 luerat
437 1695 573 1777 ignotus,
598 1694 721 1757 salutem
742 1695 877 1756 afferret:
904 1694 1029 1757 Abelum
1048 1714 1132 1771 vcro,
1158 1691 1238 1755 Eno-

78 1792 181 1871 cbnm,
206 1791 371 1873 Nodinum,
396 1795 594 1874 Abraemum,
620 1792 770 1874 isaacum,
798 1793 951 1873 lacobum,
976 1793 1122 1880 Moysen,
1147 1793 1238 1857 Davi·

79 1894 144 1958 dem
167 1916 203 1958 nc
224 1893 413 1961 Salomonem
439 1899 496 1962 illic
522 1898 661 1975 relictos,
696 1898 831 1980 quoniam
859 1896 1031 1960 ludaeorum
1056 1899 1159 1975 deant,
1193 1897 1237 1958 in-

78 1997 196 2080 quiunt,
231 2011 433 2082 agnoverunt,
469 2000 517 2084 qui
542 1999 745 2065 universitatis
773 2001 906 2062 corrditor
935 2021 968 2062 ac
994 1998 1151 2061 fabricator
1178 2009 1234 2076 est,

68 2099 199 2185 'eiusque
216 2100 297 2184 leges
314 2112 344 2164 et
360 2103 491 2167 instituta
506 2103 599 2167 secuti
616 2113 701 2180 sunt,
726 2123 761 2164 ac
776 2123 834 2163 iton
852 2122 884 2164 se
901 2103 995 2184 potius
1012 2101 1095 2163 alteri
1112 2101 1151 2163 illi
1168 2101 1235 2177 deo,

77 2201 127 2285 qui
151 2202 245 2266 videri
269 2205 362 2267 oculis
388 2207 506 2289 nequit,
541 2207 728 2269 addixerunt.
782 2202 841 2265 lam
870 2204 1046 2267 mulierculis
1071 2202 1236 2287 baptizandi

76 2313 252 2388 potestatem
277 2307 354 2368 lacit.
400 2305 482 2370 Nibil
506 2319 552 2370 est
574 2309 650 2371 enim
674 2307 748 2392 apud
766 2306 831 2367 illus
850 2304 905 2368 uisi
923 2304 1047 2368 ludibrio
1064 2327 1099 2368 ac
1117 2304 1177 2367 risu
1194 2305 1236 2367 di-

76 2407 261 2489 guissimum,
287 2429 352 2471 eum
368 2410 415 2473 rel
432 2410 581 2495 mysteriis
595 2410 667 2494 ipsis
680 2408 862 2472 adstantibus
878 2404 1105 2470 Catecbumenis
1121 2405 1237 2492 operari

76 2528 137 2572 non
157 2507 299 2574 dubitent.
346 2510 432 2595 Quod
452 2512 487 2575 ad
508 2511 755 2574 resurrectionem
777 2511 897 2588 attinet,
923 2509 997 2572 bauc
1014 2509 1063 2572 ille
1081 2529 1235 2593 corporum

77 2630 144 2674 esse
161 2623 270 2696 negat,
285 2613 326 2677 uti
343 2613 520 2692 monuimus,
545 2613 706 2676 animarum
723 2613 869 2690 coricedit,
894 2613 997 2695 quibus
1012 2613 1083 2675 solis
1099 2612 1234 2690 salutem,

76 2733 136 2776 non
153 2713 223 2776 item
241 2717 431 2800 corporibus,
462 2715 686 2780 circumscribit.
733 2714 905 2778 Animarum
925 2714 1048 2799 denique
1069 2714 1105 2776 ab
1122 2712 1188 2777 aliis
1206 2714 1234 2775 in

60 2815 133 2879 elia
157 2838 282 2902 corpora
305 2819 495 2904 migrationes
518 2841 553 2883 ac
576 2819 718 2882 transitus
740 2817 853 2880 statuit.

163 2919 274 2985 Verum
291 2921 387 2985 inanis
403 2943 438 2985 ac
454 2922 574 2985 ridicula
591 2922 663 2984 baec
681 2919 778 3005 opinio
795 2919 873 2982 omni
890 2939 928 2981 ex
945 2929 1026 3002 parte
1043 2918 1180 2996 concidit,
1206 2928 1237 2981 ut
1256 2923 1313 2990 cap.
1334 2927 1362 2972 V·

74 3022 105 3085 in
127 3022 193 3086 aliis
213 3023 384 3088 haeresibus
404 3035 491 3088 antea
509 3024 671 3087 docuimus.
718 3021 776 3106 Qui
796 3021 873 3084 cuim
895 3041 1052 3105 resurgere
1071 3022 1168 3085 anima
1186 3021 1235 3084 illa

75 3136 191 3210 potest,
216 3147 289 3210 quae
307 3147 452 3210 uunquam
470 3127 600 3190 corruit?
644 3123 798 3207 Quomodo
816 3125 932 3208 iuquam
951 3124 996 3202 ei,
1021 3145 1095 3207 quae
1112 3145 1170 3186 uon
1186 3144 1234 3185 ce·

74 3227 159 3300 cidit,
191 3229 369 3292 resurrectio
399 3230 563 3293 tribuetur?
613 3225 756 3312 Quicquid
784 3226 860 3289 euim
890 3226 981 3304 cadit,
1016 3225 1233 3288 resurrectione

74 3350 147 3415 opus
172 3329 269 3393 babet.
314 3327 403 3394 Cadit
425 3343 522 3394 autem
546 3352 604 3394 nou
629 3331 741 3406 areima,
775 3331 826 3391 scd
850 3351 968 3413 corpus.
1016 3327 1102 3408 Quod
1124 3328 1232 3390 idcirco

73 3435 196 3510 πτῶμα,
228 3434 283 3496 boe
305 3444 350 3495 est
368 3435 512 3512 cadaver,
545 3432 906 3497 eonsuetudocorumunis
925 3431 1067 3515 appellat,
1101 3430 1233 3513 adeoque

73 3534 208 3598 domiuus
223 3535 298 3620 ipse,
324 3558 388 3599 cuns
403 3536 446 3598 sie
462 3536 605 3620 loquitur:
633 3538 801 3616 Ubicumque
814 3546 859 3596 est
870 3539 985 3612 πτῶμα,
1009 3534 1035 3594 id
1052 3542 1097 3595 est
1112 3553 1228 3617 corpus,
1245 3547 1299 3591 uae.
1310 3549 1341 3604 n,
1352 3550 1384 3592 er.

72 3640 133 3699 illic
153 3641 404 3718 congregabantur
423 3651 452 3699 et
470 3642 591 3720 oan'lce.
639 3635 745 3721 Neque
762 3637 837 3699 euim
856 3637 998 3720 sepulcris
1014 3636 1126 3698 aruimas
1141 3635 1233 3697 inolu-

72 3738 186 3818 dimus,
211 3741 263 3804 sed
280 3762 403 3826 corpora
422 3741 498 3804 bnmi
516 3743 635 3805 defossa
650 3740 870 3824 componimus3
895 3738 998 3822 quibus
1015 3737 1104 3801 divini
1119 3739 1232 3822 praedi·

72 3843 189 3906 catione
206 3842 289 3906 serbi
306 3864 374 3927 spcs
391 3843 618 3907 resurrectionis
635 3844 809 3906 ostenditur.
857 3840 1107 3921 Quemadmodum
1127 3840 1156 3902 in
1173 3841 1232 3902 iru-

71 3944 162 4008 menti
187 3965 279 4028 grano
302 3946 466 4029 ceterisque
492 3946 653 4009 seminibus
677 3945 799 4021 accidit,
833 3942 998 4028 exquibus
1021 3942 1171 4028 apostolus
1194 3944 1228 4004 ad

70 4046 156 4110 iidem
175 4048 334 4111 faciendam
354 4048 487 4132 exempla
507 4048 661 4133 produxit,
686 4058 717 4110 ut
733 4057 763 4108 et
781 4047 904 4130 ipsemet
921 4047 949 4108 in
969 4045 1124 4129 evarrgelio
1140 4045 1231 4107 domi·

71 4171 146 4213 unse
170 4153 251 4223 Nati,
278 4150 387 4233 iuquit,
409 4173 531 4230 genarum
542 4153 683 4231 sancienti
693 4153 795 4210 cadens
810 4155 838 4210 s'n
855 4162 958 4210 ternam
974 4151 1223 4231 mantuanensem,
1235 4164 1383 4221 tonantem.

70 4258 161 4334 rincum
178 4256 268 4314 solnm
285 4265 387 4313 munet.
435 4252 477 4314 At
493 4253 642 4335 apostolus
661 4252 818 4314 cumidem
838 4262 1039 4335 argumentum
1059 4260 1228 4334 pertractat,

69 4353 258 4440 insipientem
278 4375 343 4418 euur
361 4354 486 4439 appellat
507 4354 556 4438 qui
572 4376 629 4417 uon
648 4355 752 4433 credit,
776 4366 826 4418 aut
841 4354 959 4417 omuino
975 4353 1124 4419 haesitans
1138 4354 1229 4417 iuter·
1331 4406 1336 4411 .

69 4469 169 4542 rugat,
190 4460 381 4538 Quomodofit
394 4463 589 4518 resurreetio?
610 4460 691 4538 quali
701 4468 793 4519 antem
808 4479 925 4539 corpure
940 4461 1072 4518 censent?
1106 4455 1154 4519 Ac
1169 4466 1382 4525 sta-nomnen

71 4559 121 4624 tim
141 4569 245 4624 contra
261 4559 328 4624 illos
348 4561 392 4624 sic
409 4559 554 4645 disputat:
577 4564 733 4641 Incipiens,
759 4571 789 4622 tn
806 4564 881 4642 qnod
894 4565 1014 4622 seminas
1030 4581 1085 4622 nnn
1103 4561 1228 4641 vrbq‘fieu·
1239 4571 1296 4618 tntu
1309 4573 1342 4617 ee.
