3046 5084
698 330 818 383 SANCTI
834 331 1002 383 EPIPHANII

538 488 695 558 ΚΑΤΑ
734 489 1164 561 ΓΡΑΜΜΑΤΕΩΝ.

328 611 472 702 Δευτέρα
488 606 609 701 αἵρεσις
627 601 692 677 άπὸ
710 611 768 679 τοῦ
786 604 1013 701 Ἰουδαϊσμοδ,
1039 604 1320 700 πεντεκαιδεκάτη
1340 610 1379 682 δὲ

730 731 774 819 τῇ
796 722 980 824 ἀκολουθίᾳ.

362 854 449 919 Μετά
478 853 604 930 τούτους
632 852 703 930 τοδς
726 857 953 929 Σαδδουκαίους
976 862 1159 940 Γραμματεῖς
1187 852 1341 940 γεγόνασιν
1370 854 1432 921 άνά

277 960 365 1040 μέσον
388 963 441 1021 τοῦ
465 955 590 1039 χρόνου,
617 957 668 1021 καί
689 953 744 1019 σδν
767 952 868 1029 αὐτοῖς
891 953 945 1036 τήν
968 952 1083 1037 ήλικίαν
1105 958 1297 1041 κατάγοντες,
1321 960 1432 1034 οἵτινες

277 1051 353 1141 ἦσαν
370 1061 544 1141 δευτερωταί
559 1063 613 1122 τοῦ
629 1055 734 1138 νόμον,
758 1053 798 1131 ῶς
814 1056 1017 1140 γραμματικήν
1035 1083 1100 1121 τινα
1115 1056 1278 1140 ἐπιστήμην
1292 1054 1432 1144 ὖφηγοό-

278 1186 371 1240 μενοι,
393 1157 429 1222 τά
444 1158 515 1224 άλλα
531 1159 706 1245 πράττοντες
721 1165 781 1222 τῶν
794 1155 963 1238 Ἰουδαίων,
984 1157 1121 1242 περιττήν
1140 1162 1173 1223 δέ
1188 1185 1253 1223 τινα
1267 1164 1363 1242 δῆθεν
1378 1183 1431 1225 σο-

278 1258 418 1343 φιστικήν
431 1259 582 1345 ὑφήγησιν
596 1257 804 1343 εἰςιγγοάμενοι,
828 1257 865 1324 οὔ
881 1259 956 1324 κατά
974 1257 1066 1341 νόμον
1082 1257 1175 1340 μόνον
1191 1264 1333 1342 βιοῦντες,
1357 1259 1432 1326 ἄλλά

277 1361 498 1448 περισσότερον,
527 1367 636 1439 ξεστῶν
656 1359 841 1443 βαπτισμοδς
858 1359 1056 1441 φυλάσσοντες
1072 1362 1123 1425 καί
1142 1367 1292 1445 ποτηρίων
1309 1365 1361 1428 καὶ
1381 1390 1431 1429 πι-

277 1463 376 1530 νάκων
390 1466 440 1529 καλ
455 1471 514 1530 τῶν
527 1462 620 1528 άλλων
634 1471 746 1527 σκευῶν
760 1469 813 1544 τῆς
825 1460 996 1548 δπήρεσίας,
1019 1460 1060 1538 ῶς
1074 1467 1169 1547 δῆθεν
1184 1466 1234 1528 ἐπί
1250 1462 1284 1529 τό
1300 1461 1432 1549 άκραιφ-

276 1567 324 1642 νές
345 1567 397 1630 καὶ
414 1564 498 1631 ὅσιον
514 1569 707 1648 διακείμενοι,
730 1573 832 1653 πυγμῇ
852 1566 904 1647 μὲν
925 1562 978 1639 τάς
995 1573 1094 1649 χεῖρας
1116 1564 1299 1647 νιπτόμενοι,
1321 1576 1430 1656 πυγμῇ

277 1669 309 1732 δὲ
321 1669 372 1732 καὶ
385 1665 592 1752 καθαρισμοός
605 1693 686 1742 τινας
698 1663 735 1730 δι’
746 1664 865 1732 ὑδάτων
878 1669 929 1731 καί
941 1673 1074 1750 λουτρῶν
1086 1664 1332 1749 άποσμήχόμενοι,
1348 1670 1432 1750 ἐγυν-

277 1793 324 1845 τες
341 1770 374 1833 δέ
393 1795 459 1834 τινα
479 1769 632 1853 κράσπεδα
654 1766 816 1850 σημαντικά
837 1776 897 1833 τῶν
919 1766 1018 1833 αὐτῶν
1042 1773 1204 1848 πολιτείας,
1227 1771 1269 1844 είς
1291 1772 1432 1847 ἐπίδειξιν

277 1869 398 1951 κόμπον
414 1873 463 1935 καί
479 1873 601 1935 ἔπαινον
616 1877 676 1934 τῶν
691 1871 859 1951 θεωμένων.
883 1873 944 1934 Καὶ
959 1869 1144 1954 φυλακτήρια
1161 1867 1230 1954 παρ’
1246 1873 1363 1947 έαντοῖς
1378 1874 1431 1937 ἐπὶ

276 1970 313 2037 τά
329 1969 431 2054 ἱμάτια
447 1975 613 2051 ἐπετίθετο,
635 1974 765 2037 τουτέστι
781 1974 889 2038 πλατέα
905 1975 1021 2055 σήματα
1035 1971 1201 2056 πορφύρας.
1247 1972 1431 2055 Νομίσειεῶ

278 2071 316 2138 άν
333 2100 393 2152 τις,
421 2073 577 2159 ἐπειδήπερ
598 2077 650 2138 καὶ
672 2077 704 2139 ἐν
726 2082 766 2163 τῷ
789 2073 942 2162 εδαγγελίφ
975 2080 1085 2138 1τοῦτο
1107 2075 1279 2159 ἐμφέρεται,
1307 2073 1348 2157 μή
1369 2073 1431 2160 άρα

279 2178 373 2260 λπερὶ
394 2175 561 2260 περιάκτων
585 2179 674 2261 λέγει,
702 2175 803 2259 ἐπειδή
830 2175 885 2262 γάρ
910 2178 960 2239 καί
984 2177 1109 2240 εδοόθασί
1126 2201 1204 2251 τινες
1225 2174 1262 2240 τά
1282 2180 1431 2262 περίαπτα

280 2276 465 2360 φυλακτήρια
482 2275 641 2360 όνομάζειν.
683 2277 745 2342 Οόκ
760 2281 816 2359 έγει
831 2278 863 2340 δὲ
880 2274 899 2341 ό
915 2274 1001 2361 λόγος
1016 2274 1050 2341 τό
1066 2275 1207 2360 παράπαν
1226 2279 1294 2363 περί
1311 2276 1429 2344 τοότουι

279 2376 357 2443 Ἀλλ’
376 2378 476 2462 ἐπειδή
496 2379 614 2457 στολάς,
637 2376 687 2443 εἴτ’
706 2371 761 2442 οὖν
783 2376 949 2460 ἀμπεχόνας
967 2380 998 2443 οἱ
1016 2386 1147 2444 τοιοῦτοι
1165 2377 1358 2462 άνεβιίλλοντο
1378 2383 1431 2446 ιιαί

280 2480 469 2563 δαλματικάς,
493 2478 542 2544 είτ’
560 2473 614 2545 οὖν
629 2483 811 2564 κολοβίωνας
827 2482 860 2544 ἐκ
874 2478 1070 2561 πλατυσήμων
1088 2478 1139 2544 διά
1152 2478 1313 2567 πυρφόροις
1326 2479 1431 2567 άλουρ·

165 2603 216 2649 σεε·
231 2594 262 2639 ³³·
280 2591 404 2666 γοῦφεῖς
426 2583 709 2662 κατεσκευασμένας,
736 2578 772 2644 τά
797 2581 829 2646 δέ
854 2580 970 2663 σήματα
993 2588 1046 2663 τῆς
1066 2581 1225 2669 πορφύρας
1244 2581 1431 2667 φυλακτήρια

280 2683 424 2748 είοόθασιν
438 2686 469 2746 οἱ
479 2680 679 2765 ήκριβωμένοι
692 2681 906 2765 μετονομάζειν,
923 2681 1030 2748 τούτου
1045 2686 1142 2749 ἕνεκεν
1153 2683 1341 2770 φυλακτήρια
1353 2683 1431 2751 αάτιί

278 2786 329 2847 καί
349 2780 367 2847 ό
381 2782 485 2867 κάρτος
502 2781 563 2847 κατ’
581 2785 712 2859 ἐκείνους
726 2787 832 2869 είρηκε.
876 2792 974 2867 Διγλοῖ
987 2785 1020 2850 δί
1034 2783 1055 2869 ή
1069 2782 1236 2851 άκολουθία
1249 2783 1304 2869 τήν
1318 2785 1430 2873 φράσιν

278 2891 333 2965 τῆς
344 2881 514 2966 όνομασίας,
535 2886 587 2949 καί
600 2883 636 2951 τά
653 2885 806 2972 κράσπεδα
819 2894 881 2951 τῶν
894 2891 1024 2969 ίματίαν.
1059 2886 1102 2951 Τά
1114 2887 1276 2972 κράσπεδα,
1294 2891 1347 2954 ἵνα
1359 2892 1429 2979 εἴπῃ

279 2988 439 3070 κροσσοιίς,
461 2989 511 3052 καί
534 2985 571 3052 τά
592 2987 794 3074 φυλακτήρια,
827 2992 878 3054 ἰ’να
902 2992 971 3078 είπή
993 2995 1045 3071 τῆς
1066 2988 1228 3075 πορφύρας
1245 2988 1284 3055 τοί
1304 2992 1428 3074 σήματα.

282 3090 363 3170 Φησί
377 3087 449 3174 γάρ,
463 3089 531 3154 Ὅτι
550 3087 709 3155 πλατόνετε
726 3089 763 3154 τά
778 3089 979 3175 φυλακτήρια,
1001 3092 1050 3155 καί
1067 3088 1103 3155 τά
1120 3091 1274 3175 κράσπεδα
1288 3100 1348 3158 τῶν
1364 3095 1429 3176 ίμα-

278 3195 350 3257 τίων
362 3187 448 3273 ήμῶν
463 3189 640 3275 μεγαλάνετε.
673 3189 821 3268 Ῥοίσκους
835 3191 891 3277 γάρ
904 3218 987 3267 τινας
1000 3195 1050 3258 ἐπί
1063 3190 1100 3257 τά
1116 3195 1243 3279 τέσσαρα
1266 3192 1430 3279 ιπτερόγια

278 3301 332 3359 τοῦ
344 3297 489 3379 τρίβωνος
501 3296 625 3368 ἕκαστος
636 3288 710 3376 εἶχεν
723 3296 753 3370 ἐξ
766 3291 858 3359 αὐτοῦ
872 3301 925 3359 τοῦ
940 3293 1085 3378 στήμονος
1097 3296 1346 3379 καταδεδεμένους
1357 3288 1429 3382 δνφλ

276 3394 373 3485 χρόνῳ
393 3394 593 3481 ἐνεκρατεόετο
611 3393 633 3476 ἢ
650 3400 817 3480 παρθενίαν
834 3394 951 3478 ήσκεεν,
975 3395 1077 3479 ἐπειδή
1094 3395 1149 3483 γάρ
1167 3400 1288 3471 ἐκαστος
1305 3392 1427 3477 ταξάμε·

279 3523 330 3573 νος
344 3497 428 3583 ῶριζε
441 3495 546 3583 καιρόν
560 3493 709 3582 άγνείαςή
724 3500 900 3582 ἐγκρατείας,
914 3501 1070 3564 καὶταῦτα
1086 3496 1186 3565 αὐτῶν
1200 3497 1235 3564 τά
1248 3495 1428 3583 πρωτότοκα

279 3589 332 3676 ήν,
354 3603 395 3675 είς
414 3600 448 3667 τό
467 3604 623 3684 ἐμφαίνειν
644 3609 707 3675 τοῖς
727 3597 900 3685 άνθράποις
918 3600 954 3666 τά
973 3596 1041 3686 παρ’
1061 3599 1164 3677 αὐτοῖς
1186 3596 1428 3687 ἐπαγγελλόμενα,

279 3698 329 3761 ἵνα
351 3705 453 3782 μηδείς
474 3702 588 3786 ἅψηται
610 3706 704 3785 δῆθεν
725 3710 785 3767 τῶν
804 3701 996 3788 ήγιασμένων.
1042 3742 1045 3749 ¹

365 3804 559 3888 Δευτεροόσεις
577 3806 610 3871 δέ
625 3802 694 3890 παρ’
712 3803 813 3881 αότοῖς
833 3807 968 3890 τέσσαρες
987 3796 1071 3887 ήσαν.
1117 3809 1188 3870 Μία
1205 3805 1259 3889 μδν
1273 3806 1316 3881 είς
1334 3801 1430 3887 δνσμσ

281 3903 436 3976 Μωϋσέως
455 3913 509 3968 τοῦ
530 3905 703 3993 προφήτου,
727 3909 848 3991 δευτέρα
865 3908 898 3971 δέ
913 3909 955 3981 εἰς
973 3904 1026 3971 τόν
1043 3904 1220 3972 διδάσκαλον
1238 3903 1338 3973 αότῶν
1353 3904 1431 3972 ’Am-

279 4005 337 4084 βάν
359 4000 437 4066 οὕτω
457 4007 654 4089 καλούμενον,
676 4009 697 4090 ἢ
712 4012 902 4093 Βαρακιβᾶν,
925 4006 995 4089 άλλη
1012 4008 1044 4072 δέ
1062 4011 1104 4083 εἰς
1119 4006 1173 4073 τόν
1186 4005 1310 4084 Ἀνδολν,
1331 4004 1430 4089 ήἍν

279 4111 350 4181 κᾶν,
373 4100 426 4167 τόν
445 4104 495 4167 καί
510 4103 645 4188 Ἰούδαν,
667 4113 750 4195 ἐτέρα
767 4111 800 4176 δέ
818 4113 859 4185 εἰς
878 4109 949 4186 τοός
969 4108 1056 4186 υίυδς
1073 4107 1326 4192 *Ἀσσαμωναίοκ
1368 4104 1430 4172 Ἐκ

279 4204 392 4270 τούτων
405 4210 464 4268 τῶν
484 4207 631 4292 τεσσάρων
647 4211 848 4297 δευτεροόσεων
865 4210 944 4276 ὕὅσα
964 4208 1033 4297 παρ’
1048 4209 1151 4287 αότοῖς
1165 4207 1341 4292 νενόμισται,
1364 4207 1429 4292 οίή-

313 4343 371 4411 ῦρο.
393 4346 411 4395 1.
436 4369 469 4380 -
514 4345 536 4393 1.
561 4344 634 4396 τοῦτο
660 4351 711 4398 cod.
737 4352 834 4414 Ηλεδιγ.
902 4348 927 4403 3.
948 4353 984 4414 Cf.
1009 4353 1094 4401 Franc.
1110 4350 1197 4400 muci
1220 4347 1275 4413 (ὑλ.
1294 4347 1428 4417 Salmone)

279 4412 352 4472 Υιιίςο
368 4410 458 4477 τούτῳ.
869 4422 985 4482 confutat.
1008 4419 1242 4469 animadversionum
1262 4419 1345 4468 λπίοιι.
1372 4418 1428 4468 Gn·

281 4552 286 4561 ι
312 4479 414 4597 ίιώγιτεερί
435 4482 577 4543 praepositio
598 4480 743 4535 desideratur
763 4488 834 4548 υυίςο
866 4491 932 4537 οοείιι·
947 4503 973 4549 ρ.
988 4488 1080 4551 ὀλιςς.

277 4562 303 4599 ιιι
385 4583 391 4596 .
