3046 5084
248 311 307 374 160
663 315 969 368 ειουτιοειειιιαιι

245 435 346 518 νότητι
360 434 392 500 δέ
405 433 581 519 φερομένην,
597 431 790 516 ἐζηλοτύπησε
803 430 922 513 ταύτην,
937 433 988 495 καί
1001 427 1076 494 κατά
1089 428 1143 513 την
1158 431 1236 495 ἰδίαν
1247 427 1402 516 άσέλγειαν

136 566 188 611 1⁸³5·
200 553 233 598 Π·
245 536 316 614 τοῦς
332 536 436 612 άλλους
452 533 527 600 εἰναι
543 540 667 617 νομίσας
682 532 718 598 τά
734 541 838 619 πρῶτα
854 535 906 616 μὲν
921 535 1109 616 ἐμπαροινῶν
1124 535 1166 609 εἰς
1181 529 1236 615 τὴν
1253 533 1332 597 ἰδίαν
1348 561 1402 619 γα-

246 638 334 724 μετὴν
349 640 476 716 διετέλει,
503 640 576 702 3καί
592 635 731 718 διαβολάς
745 661 827 711 τινας
842 633 918 724 αῦτη
933 637 1083 718 ἐπιφέρων
1096 634 1145 700 διά
1159 634 1262 721 λόγων.
1311 634 1351 701 Τό
1367 636 1401 701 δὲ

245 743 336 826 πέρας
352 739 458 805 ἑαυτόν
473 742 653 804 κατέσπασεν
670 735 707 803 οῦ
721 737 814 821 μόνον
829 739 870 812 εἰς
884 737 937 818 την
949 744 1052 821 χρῆσιν
1066 745 1120 819 τῆς
1134 735 1243 817 σαρκός
1256 733 1310 819 τὴν
1322 735 1402 800 κατά

246 842 337 924 φύσιν
359 848 419 907 τῶν
435 839 625 927 άνθρῶπων,
657 837 727 904 άλλά
743 840 793 903 καί
812 842 853 913 εἰς
869 838 1045 920 βλάσφημον
1057 837 1202 904 ὑπόνοιαν
1218 840 1269 903 καὶ
1285 837 1402 921 βλάβην

245 948 445 1030 κακοτροπίας
465 945 516 1008 καλ
539 940 678 1023 έπλάνην
699 938 914 1026 παρειςδύσεως
938 947 1105 1026 ὅπονηράς.

114 1151 182 1217 Κεφ.
198 1145 229 1219 β’·
332 1149 393 1211 Καὶ
416 1149 553 1211 ἐντεῦθεν
575 1142 712 1227 άρχονται
734 1145 766 1207 οἰ
784 1150 836 1224 τῆς
857 1142 1058 1226 ψευδωνύμου
1080 1144 1216 1229 γνώσεως
1236 1151 1336 1220 κακῶς
1356 1151 1400 1233 τῷ

246 1248 349 1336 κόσμῳ
367 1245 558 1326 έπιφύεσθαι.
601 1246 678 1327 φημί
696 1245 727 1308 δέ
745 1246 924 1323 Γυωστικολ,
951 1248 1001 1309 καί
1024 1250 1213 1327 Φιβιωυῖται,
1235 1247 1286 1310 καί
1303 1249 1335 1311 οί
1346 1247 1401 1312 τοῦ

246 1349 432 1431 Ἐπιφανοῦς
454 1346 646 1428 καλούμενοι,
677 1351 890 1430 Στρατιωτικοί
915 1371 946 1410 τε
974 1348 1024 1411 καλ
1048 1348 1217 1426 Λευιτικοί,
1246 1351 1297 1413 καὶ
1320 1347 1401 1414 άλλοι

249 1456 376 1526 πλείους.
411 1449 558 1524 Ἕκαστος
572 1446 628 1534 γάρ
644 1447 757 1512 τούτων
770 1447 823 1530 τὴν
838 1450 945 1512 ἑαυτοῦ
961 1451 1071 1533 αἵρεσιν
1086 1458 1148 1525 τοῖς
1161 1448 1290 1514 πάθεσιν
1305 1448 1401 1514 αύτοῦ

249 1552 452 1635 ἐπισπόμενος
474 1556 582 1637 μυρίας
608 1548 699 1625 όδοός
723 1549 862 1631 ἐπενόησε
884 1553 997 1625 κακίας.
1046 1552 1129 1626 Τινές
1149 1552 1201 1633 μὲν
1224 1550 1279 1637 γάρ
1302 1550 1402 1618 αῦτῶν

249 1653 394 1741 Βαρβηλιό
410 1681 473 1718 τινα
489 1656 676 1731 δοξάζουσιν,
698 1650 736 1733 ἣν
753 1649 814 1716 άυω
831 1649 1000 1731 φάσκουσιν
1017 1649 1092 1716 εἰναι
1108 1656 1139 1717 ἐν
1154 1651 1251 1742 όγδόῳ
1267 1652 1401 1742 οῦρανῶ·

251 1756 382 1838 1ταύτην
401 1757 432 1821 δὲ
450 1753 509 1821 άπδ
527 1762 581 1819 τοῦ
597 1752 708 1839 πατρός
724 1757 948 1836 προβεβλῆσθαί
965 1760 1070 1834 θφασι.
1114 1757 1243 1839 Μητέρα
1261 1756 1293 1820 δέ
1307 1754 1403 1838 αύτήν

250 1856 324 1925 εἰναι
340 1861 371 1923 οἰ
383 1858 435 1940 μὲν
450 1865 504 1922 τοῦ
519 1853 705 1937 Ἰαλδαβαῶθ
715 1857 860 1939 λέγουσιν,
883 1859 913 1920 οί
927 1855 958 1919 δέ
974 1863 1028 1920 τοῦ
1044 1855 1195 1938 Σαβαύθ·
1217 1853 1269 1922 τόν
1285 1857 1317 1921 δέ
1332 1857 1402 1922 υἱόν

250 1960 357 2042 ταύτης
369 1960 576 2044 κεκρατηκέναι
593 1964 646 2022 τοῦ
658 1956 789 2039 ἑβδόμου
804 1954 935 2040 ούρανοῦ
951 1960 981 2022 ἐν
997 1957 1104 2041 θράσει
1118 1960 1174 2022 τινὶ
1188 1960 1239 2031 καλ
1253 1961 1285 2024 έν
1296 1984 1400 2043 τυραν-

250 2068 318 2128 νίδι.
362 2065 450 2147 Λέγει
466 2062 498 2126 δέ
515 2068 577 2135 τοῖς
591 2056 731 2124 ύκοκάτω
747 2058 806 2136 ότι,
835 2056 910 2144 Ἐγιό
927 2063 1000 2142 εἰμι,
1023 2062 1131 2143 φησὶν,
1153 2057 1319 2146 όπρῶτος,
1348 2063 1402 2125 καὶ

252 2162 269 2231 ό
288 2163 358 2248 μετά
373 2171 481 2242 ταῦτα,
503 2164 554 2227 καλ
571 2159 647 2243 πλὴν
664 2164 735 2243 ἐμοῦ
755 2158 811 2225 οῦκ
825 2162 902 2225 ἔστιν
918 2163 1015 2246 έτερος
1028 2160 1110 2237 θεός.
1158 2158 1268 2243 Τήνςδέ
1283 2167 1401 2248 Βαρβη-

249 2264 289 2332 λῶ
308 2263 467 2348 άκηκοέναι
484 2262 535 2330 τόν
548 2262 636 2349 λόγον
651 2269 772 2340 τοῦτον,
803 2264 852 2326 καὶ
866 2269 997 2328 κλαῦσαι.
1046 2261 1162 2345 Ταύτην
1183 2264 1215 2328 δέ
1236 2261 1282 2329 άεί
1300 2271 1400 2346 φαίνε-

251 2377 324 2434 σθαι
339 2377 401 2444 τοῖς
417 2365 556 2450 άρχουσιν
574 2368 605 2431 ἐν
620 2363 768 2451 εῦμορφίρι
783 2364 850 2441 τινί,
872 2367 922 2428 καί
938 2362 1090 2429 άποσυλάν
1104 2362 1138 2429 τό
1156 2367 1186 2442 ἐξ
1199 2362 1298 2433 αὐτῶν
1313 2369 1401 2454 σπέρ·

252 2497 292 2554 μα
306 2468 343 2535 δι’
356 2467 467 2553 ἡδονῆς
481 2470 532 2532 καὶ
546 2465 697 2550 ἐκχύσεως,
713 2469 764 2530 ἵνα
776 2469 871 2548 δῆθεν
886 2466 940 2548 τὴν
959 2464 1069 2548 ἀὐτῆς
1082 2464 1207 2549 δύναμιν
1219 2465 1272 2551 τήν
1283 2471 1325 2544 εἰς
1338 2472 1401 2533 δια·

252 2571 368 2659 φόρους
380 2579 538 2655 σπαρεῖσαν
549 2561 641 2644 αὖθις
654 2567 740 2633 πάλιν
753 2564 924 2658 άνακομίζη.
953 2571 1012 2633 Καί
1026 2566 1121 2644 οῦτως
1134 2571 1168 2634 ἐκ
1180 2567 1316 2652 τοιαύτης
1327 2566 1401 2635 ύπο-

251 2677 364 2749 θέσεως
384 2672 416 2737 τό
438 2679 491 2753 τῆς
508 2668 600 2736 αὐτοῦ
615 2673 816 2755 αἰσχρολογίας
832 2669 1017 2754 4μυστήριον
1032 2677 1074 2759 τῷ
1090 2668 1191 2759 κόσμιμ
1205 2667 1398 2756 ῦπειςηνεγκε.

254 2778 314 2839 Καί
331 2798 421 2852 τινες,
452 2770 491 2848 ῶς
507 2775 597 2855 ἐφην,
625 2779 684 2837 τῶν
697 2773 918 2858 προειρημένων
932 2771 982 2837 διά
997 2779 1106 2855 πολλῆς
1120 2777 1352 2857 κακομηχανίας,
1381 2772 1401 2839 δί

254 2873 294 2958 μὴ
311 2876 400 2955 θέμις
424 2877 538 2959 ὕλίγειν
556 2881 636 2954 πῶς,
668 2876 699 2940 ἐν
720 2877 877 2962 πολυμιξίμ
898 2876 1116 2959 γυναικῶνκαὶ
1136 2877 1167 2940 ἐν
1189 2878 1403 2962 αἰσχροποιίαις

252 2974 422 3059 άνηκέστοις
437 2974 673 3061 άναστρέφεσθαι
686 2980 835 3052 ἐδίδαξαν·
865 2972 906 3052 ῶς
921 2979 972 3040 καί
988 3002 1049 3041 που
1066 2973 1085 3042 ό
1100 2973 1262 3062 άγιῶτατος
1277 2976 1403 3045 άπόστο-

252 3077 303 3156 λός
320 3097 409 3159 φησι,
442 3076 485 3142 Τά
501 3076 557 3164 γάρ
576 3085 678 3167 κρυφῇ
694 3077 831 3162 γινόμενα
847 3074 898 3142 ὕπ’
913 3076 1012 3143 αύτῶν
1026 3077 1146 3162 αἰσχρόν
1162 3082 1223 3144 ἐστι
1238 3082 1290 3145 καί
1301 3083 1403 3167 λέγειν.

258 3188 306 3270 Τῷ
322 3180 353 3244 δέ
367 3182 535 3269 βουλομένῳ
547 3178 600 3261 τὴν
613 3179 767 3244 άντίθετον
780 3182 853 3245 ἰδεῖν
867 3182 900 3245 ἐκ
912 3179 1079 3263 πνεύματος
1091 3177 1177 3266 άγίσυ
1189 3183 1258 3267 περί
1270 3188 1323 3264 τῆς
1334 3179 1402 3247 τοί·

253 3310 306 3350 του
323 3284 459 3367 αίρέσεως
472 3278 641 3364 άνατροπήν
655 3282 749 3346 ἰστέον
763 3283 841 3347 ἐστίν
856 3278 915 3347 άτιό
930 3289 985 3365 τῆς
997 3289 1052 3348 τοῦ
1066 3278 1151 3367 όγίου
1164 3277 1304 3346 Ἰωάννου
1317 3279 1403 3347 'Ano-

253 3385 426 3467 καλύψεως,
448 3383 483 3461 ῦς
499 3381 624 3470 γράφων
640 3389 693 3472 μιᾷ
707 3390 766 3448 τῶν
783 3386 942 3467 ἐκκλησιῶν
960 3387 993 3450 ἐκ
1010 3382 1170 3469 τιροςῶπου
1189 3386 1313 3468 κυρίου,
1334 3408 1402 3447 του-

254 3489 330 3553 τέστι
345 3495 387 3577 τῷ
402 3484 555 3575 ἐπισκόπιμ
572 3492 613 3574 τῷ
629 3489 721 3551 ἐκεῖσε
735 3489 963 3567 κατασταθέντι,
985 3484 1040 3551 σύν
1052 3493 1090 3576 τῇ
1106 3481 1228 3566 δυνάμει
1244 3491 1298 3549 τοῦ
1315 3480 1402 3571 άγίου

256 3592 376 3672 αγγέλου
390 3597 444 3655 τοῦ
456 3590 506 3655 ἐπὶ
521 3594 575 3653 τοῦ
592 3591 823 3674 θυσιαστηρίου,
845 3591 954 3672 φησίν,
967 3586 1064 3672 Ἔχεις
1079 3588 1151 3652 δέτι
1166 3583 1271 3667 καλόν,
1293 3585 1339 3654 ότι
1357 3615 1403 3672 μι-

255 3697 314 3764 σεῖς
335 3688 370 3753 τά
392 3695 542 3778 ἐργατῶν
565 3697 764 3769 Νικολαϊτῶν,
787 3690 807 3755 δ
828 3692 879 3756 καί
902 3689 959 3776 έγῶ
981 3695 1065 3774 μισῶ.

121 3801 188 3868 Κεφ.
203 3793 236 3868 γ’.
341 3792 530 3875 ιΠρούνικόυ
545 3818 575 3858 τε
590 3790 694 3858 2άλλοι
707 3799 844 3875 τιμῶντες
856 3790 921 3858 τινά
936 3790 977 3869 ῶς
990 3793 1042 3857 καί
1056 3783 1139 3858 οῦτοι
1153 3796 1304 3875 μυθωδῶς
1316 3791 1403 3858 πάλιν

148 3881 241 3940 ΡΜ
255 3894 298 3970 εἰς
314 3887 422 3973 ταύτην
439 3894 492 3977 τὴν
508 3893 654 3961 ῦπόνοιαν
668 3903 723 3978 τῆς
738 3897 943 3982 αἰσχρουργίας
958 3893 995 3959 τό
1012 3896 1126 3960 ἑαυτῶν
1140 3893 1227 3978 πάθη
1244 3897 1404 3962 ἐπιτελοῦν·

255 3996 304 4071 τές
324 4013 396 4075 φασι
417 4002 469 4076 τῆς
488 4001 660 4080 Προυνίκου
681 3996 736 4079 τὴν
757 3996 883 4081 δύναμιν
903 3999 1074 4082 συλλέγομεν
1093 3995 1153 4065 άπό
1172 4007 1233 4065 τῶν
1249 3996 1402 4081 σωμάτων,

257 4095 307 4162 διά
328 4119 358 4160 τι
378 4099 437 4158 τῶν
454 4098 598 4179 ρευστῶν,
628 4100 705 4182 φημί
721 4100 753 4164 δέ
770 4106 861 4185 γονῆς
875 4100 925 4164 καί
940 4105 1144 4183 καταμηνίων,
1174 4102 1242 4187 περί
1257 4092 1300 4165 ῶν
1315 4094 1401 4184 όλίγητ

290 4251 314 4304 Ξλ
332 4249 392 4317 καλ,
412 4253 474 4314 quod
490 4253 636 4302 desideratur
652 4256 677 4304 in
690 4256 727 4304 ed.
737 4258 813 4317 φτίιιι.
881 4255 905 4306 5.
918 4254 1028 4320 πονηρᾶς
1040 4258 1092 4307 ωδ
1103 4256 1335 4306 λὀιίαιλιδιΡιίοο.
1358 4270 1402 4306 πο·

257 4325 279 4370 τι
292 4321 344 4370 τοῦ.
359 4321 455 4383 Rhodia.
463 4356 471 4383 ‚
489 4333 505 4368 ο
520 4322 616 4369 Ραουίο
630 4335 660 4369 εκ
674 4324 724 4372 cod.
741 4325 814 4374 Vane.
846 4320 934 4389 νηρίας
950 4325 1003 4374 τοῦ.
1018 4325 1114 4387 amia.
1130 4328 1151 4372 ει
1166 4322 1219 4371 τόν.
1232 4325 1308 4384 princ.

256 4392 289 4438 αἰ
304 4390 440 4438 restitutum.
883 4390 942 4440 Cn.
959 4392 992 4441 11.
1013 4419 1047 4430 -
1072 4392 1095 4441 1.
1112 4388 1156 4442 καλ
1171 4388 1264 4454 ταύτην
1281 4384 1332 4443 αἀδ
1351 4393 1401 4441 τοῦ.

290 4455 315 4504 4.
328 4451 422 4519 πλάνην
435 4455 731 4508 ιοδ.λόιι’τ.τιιδ.Ρτίου.
751 4455 815 4512 πλά-
849 4460 922 4509 ἰοίἰο.
1017 4494 1021 4500 -

227 4534 231 4541 “
256 4537 302 4590 mc
317 4523 368 4574 Μ
382 4524 479 4588 Μελ·
495 4529 517 4575 ⁶⁸
530 4525 584 4575 ⁶45²·
595 4523 671 4587 ΝΜ·
880 4524 905 4578 2.
921 4525 988 4594 φασὶ
1003 4528 1055 4580 ωδ.
1066 4526 1306 4578 mmm).
1335 4523 1404 4596 φητλ
