3046 5084
387 373 521 425 rnunnn
540 374 601 426 ι.ιιι.
615 376 636 426 ι.
653 375 736 427 rona.
749 376 780 427 ιι.
797 375 896 427 naun.
908 377 1033 427 xxxin.
1225 366 1285 431 403

132 493 273 558 brioatnm
295 504 452 573 asserunt,
484 505 515 558 et
533 494 659 556 eundem
674 493 855 557 conditorem
874 516 907 557 ao
925 507 1036 580 patrem
1056 514 1123 559 csse
1141 495 1285 559 dictitant.

133 593 243 660 Verum
262 596 321 673 illi,
352 594 401 680 qui
417 594 560 659 eiusmodi
576 594 711 680 dogmata
729 594 784 658 sibi
802 595 927 659 invicem
944 596 1213 675 communicarunt,
1237 618 1288 662 ve-

133 697 286 762 benrenter
303 696 472 762 hallucinati
488 708 575 774 sunt,
605 707 637 761 et
652 696 689 761 ab
707 717 743 760 eo
761 718 846 780 quem
864 697 919 761 sibi
938 710 1168 783 proposuerant,
1199 720 1288 784 scopo

134 802 268 865 veritatis
283 800 469 864 aberrarunt.
510 797 588 862 Nam
604 819 688 863 neca
704 801 837 884 perlecto
850 800 904 863 deo
921 821 955 863 ac
969 811 1050 885 patre
1067 800 1195 864 stabilita
1207 799 1289 864 sidc-

134 918 198 981 tur,
224 915 323 988 utpote
342 903 438 966 minus
458 901 605 986 perfectu,
629 903 711 965 etad
728 901 773 965 sui
791 901 1003 967 absolutionem
1021 902 1103 987 plura
1120 903 1290 966 desiderans

134 1028 168 1071 ao
187 1006 322 1069 mandata
339 1006 479 1090 quaedam
494 1003 659 1082 continens,
683 1024 758 1088 quae
773 1005 818 1068 dei
833 1014 937 1068 natura
953 1027 987 1067 nc
1003 1005 1121 1069 decreto
1138 1016 1207 1070 suut
1219 1005 1291 1069 alie-

135 1129 184 1172 na.
230 1105 342 1223 Neqpe·
352 1127 425 1170 vero
440 1106 601 1170 adversarii
617 1106 794 1192 improbitati
812 1106 965 1170 tribuenda
980 1107 1032 1170 lex
1045 1118 1102 1186 est,
1127 1108 1209 1172 cuius
1224 1129 1290 1193 pro·

134 1209 228 1296 prium
247 1209 287 1272 sit
303 1209 401 1294 inique
418 1211 533 1288 lacem
565 1208 671 1293 quique
689 1209 730 1272 ita
745 1219 893 1288 statuunt,
925 1230 999 1293 quae
1016 1230 1031 1273 a
1049 1210 1197 1275 salvatore
1213 1210 1290 1274 dicta

135 1322 205 1375 sunt
227 1332 406 1396 nequaqnam
428 1310 674 1375 animadvertunt.
720 1309 765 1377 lta
787 1314 863 1376 enim
886 1312 936 1376 ille
957 1313 1171 1398 pronuntiavit,
1202 1316 1306 1375 Stare
1301 1319 1384 1426 thrtth·

136 1419 245 1477 domum
264 1417 311 1475 cel
327 1417 465 1476 orbitatem
481 1436 537 1476 non
549 1435 650 1494 posse,
681 1436 753 1496 pune
769 1422 798 1478 ιἰι
814 1421 933 1497 seipsam
949 1420 1038 1478 dicabo
1055 1421 1103 1477 ιιι.
1130 1413 1287 1487 P-raeter

135 1538 169 1581 ea
192 1518 328 1581 mundum
350 1538 367 1580 a
389 1536 422 1580 se
444 1516 617 1580 fabricatum
638 1517 763 1596 asserit,
795 1524 940 1600 omniaque
952 1542 1008 1600 per
1025 1525 1115 1599 ipsunt
1124 1521 1224 1602 sucta,
1259 1531 1287 1580 ιι
1300 1525 1439 1581 toene-12³·

133 1626 194 1682 sebe
208 1625 268 1702 ipm
281 1621 357 1681 nobil
366 1621 556 1702 massuetum.
591 1616 706 1703 Quibus
721 1620 820 1683 verbis
834 1621 983 1706 apostolus
999 1621 1288 1685 mendacissimorum

136 1723 283 1786 bominum
296 1720 415 1785 minime
429 1721 552 1786 solidam
566 1721 737 1807 sapientiam
752 1723 871 1802 refellit,
895 1744 951 1786 nec
967 1724 1104 1807 pestilero
1116 1723 1202 1787 alicui
1219 1725 1286 1802 deo,

130 1825 182 1888 sed
201 1825 300 1902 iusto,
325 1833 356 1886 et
375 1822 568 1908 improbitatis
585 1824 680 1887 omnis
698 1824 816 1887 inimico
835 1825 949 1888 illarum
969 1846 1065 1889 rerum
1085 1826 1287 1890 auctoritatem

133 1925 277 1991 concedit.
326 1922 386 1990 sen
404 1927 628 1989 temerariorum
646 1925 794 1989 hominum
812 1927 859 1989 illa
877 1927 980 1990 iudicia
998 1940 1083 2006 sunt,
1107 1949 1202 2011 neque
1218 1949 1288 1991 cou-

132 2029 235 2093 ditoris
252 2029 456 2114 providentiae
471 2048 593 2092 caussas
609 2027 852 2111 intelligentium,
877 2029 982 2113 quique
1001 2051 1058 2092 non
1076 2030 1164 2092 animi
1180 2030 1286 2109 solum,

132 2132 294 2196 sedetiam
318 2132 451 2218 corporis
475 2130 568 2194 oculis
590 2131 747 2194 videantur
767 2151 833 2194 esse
856 2132 944 2216 capti.
991 2128 1180 2215 Quantopere
1201 2132 1289 2216 igitur

132 2235 173 2298 illi
195 2235 355 2298 averitate
374 2233 537 2297 dissideant
559 2252 597 2296 ex
623 2233 660 2296 iis
676 2253 750 2317 qnae
769 2234 845 2297 dicta
863 2246 933 2297 suut
949 2232 1063 2297 abundo
1080 2245 1162 2318 potes
1179 2255 1289 2317 cogno-

131 2358 227 2402 scere.
274 2335 335 2402 Sed
357 2347 496 2420 utrosque
516 2335 663 2421 proprium
679 2335 811 2420 quiddam
833 2358 868 2399 ac
887 2336 1032 2421 peculiare
1050 2337 1086 2400 ad
1103 2337 1144 2401 ita
1158 2337 1288 2400 sentien-

132 2442 198 2505 dum
211 2440 339 2504 induxit.
369 2439 455 2503 Alios
469 2439 597 2523 quidem,
613 2438 688 2523 quod
701 2449 849 2503 auctorem
865 2439 994 2503 iustitiae
1007 2439 1091 2502 deunr
1102 2439 1285 2523 ignorarent,

131 2542 206 2606 alios
225 2544 301 2627 quod
319 2541 523 2606 universorum
540 2550 689 2627 parentem
708 2562 855 2627 peraeque
872 2542 1038 2618 nescirent,
1070 2562 1154 2626 quem
1175 2542 1224 2607 ille
1238 2564 1286 2607 so·

131 2646 177 2710 lus
194 2645 356 2710 adveniens
374 2645 421 2730 qui
441 2644 523 2709 solus
540 2653 626 2708 norat
642 2645 767 2730 aperuit.
810 2643 907 2709 Nobis
923 2667 996 2708 vcro
1014 2644 1117 2728 quibus
1133 2658 1286 2730 utrumque

131 2749 178 2812 dei
194 2748 338 2812 benebcio
356 2748 504 2833 cognitum
522 2757 586 2827 est,
614 2746 757 2831 reliquum
777 2747 845 2811 illud
866 2758 928 2828 est,
962 2758 993 2811 ut
1010 2749 1045 2811 de
1061 2747 1127 2830 lege
1145 2748 1217 2812 certi
1234 2748 1287 2813 ali-

129 2852 198 2937 quid
214 2844 602 2937 explnratique⁰doceamus,
626 2850 789 2914 cuiusmodi
802 2851 939 2914 videlicet
953 2851 1002 2914 illa
1018 2852 1068 2930 sit,
1089 2861 1147 2915 cta
1160 2873 1285 2936 quonam

130 2953 302 3040 legislatore
318 2954 448 3018 sancita:
478 2953 520 3016 ita
537 2963 633 3016 tauma
651 2963 683 3015 ut
698 2953 832 3038 quicquid
850 2975 866 3016 a
884 2953 968 3017 nobis
984 2954 1102 3018 allatum
1119 2955 1224 3035 luerit,
1258 2956 1286 3019 id

128 3078 188 3145 non
208 3056 324 3121 aliunde
342 3076 428 3141 quam
444 3077 484 3119 ex
500 3055 571 3140 ipsis
587 3055 744 3119 salvatoris
759 3055 859 3119 verbis
876 3056 1025 3141 probetur.
1072 3054 1127 3121 llis
1144 3057 1220 3120 enim
1238 3078 1287 3120 so·

128 3161 165 3225 lis
183 3159 264 3225 velut
280 3158 395 3223 itineris
416 3157 537 3222 ducibus
555 3155 692 3221 adhibitis
713 3158 748 3222 ad
770 3180 869 3223 rerum
886 3159 1083 3244 cognitionem
1101 3159 1165 3224 sine
1184 3181 1286 3223 errore

133 3261 332 3348 perducimur.

214 3362 350 3450 lnprimis
366 3363 456 3449 igitur
471 3364 621 3427 sciendum
637 3373 684 3428 est
697 3364 865 3428 universam
882 3365 958 3428 illam
973 3365 1086 3448 legens,
1112 3385 1186 3447 quae
1202 3365 1285 3449 quin·
1305 3376 1363 3446 Cep.
1379 3381 1421 3430 tv.

130 3488 187 3553 que
201 3464 300 3531 Mosis
317 3466 514 3531 voluminibus
529 3466 712 3546 continetur,
745 3488 802 3531 non
821 3467 857 3530 ab
874 3490 931 3531 uno
950 3488 1017 3530 esse
1032 3466 1201 3551 legislatore
1219 3489 1285 3552 pro-

130 3573 249 3651 fectam,
274 3570 338 3635 solo
354 3568 492 3634 videlicet
507 3570 574 3647 deo,
599 3569 650 3633 sed
666 3568 788 3634 admista
805 3570 945 3654 quaedam
961 3569 1106 3633 bominum
1123 3589 1190 3633 esse
1205 3591 1286 3635 man·

129 3676 209 3754 data,
233 3684 275 3751 ut,
301 3673 542 3759 quemadmodum
558 3673 690 3737 salvator
701 3674 765 3759 ipse
780 3673 889 3752 docuit,
916 3673 1058 3736 trilariam
1074 3672 1124 3735 les
1139 3672 1179 3736 sit
1190 3675 1285 3737 omnis

126 3775 292 3842 distributa.
338 3773 491 3860 Quaedam
510 3776 588 3841 enim
605 3776 641 3840 ad
659 3775 752 3860 ipsum
771 3777 856 3840 deum
874 3776 994 3860 eiusque
1010 3775 1177 3840 sanctiones
1197 3777 1285 3862 perti-

130 4001 219 4052 Gnost
237 4000 351 4066 systema
367 4012 425 4062 pop.
440 3995 497 4050 162.
530 4001 577 4051 Peo
594 3999 690 4066 ‹elpodo-
762 3997 800 4051 16.
817 3996 849 4050 τὰ
865 3999 915 4050 τῶι
932 4001 1287 4051 mercedemmercederm

129 4085 173 4130 τοι
188 4071 215 4119 in
231 4069 299 4119 edltb
315 4071 380 4118 estet
397 4065 530 4132 αἰροῦιτις.
724 4070 809 4119 babent
824 4084 852 4119 τι
867 4066 923 4132 τῆς.
957 4069 1068 4118 Petosiris
1083 4064 1209 4148 γνώσεως
1217 4073 1287 4130 putot

163 4138 203 4189 11.
217 4136 691 4199 ltoeeseripsimeiinpeenipericelopro
725 4138 809 4186 deesse.
837 4137 1057 4186 Canericsvertit:
1070 4134 1209 4203 Superest
1201 4146 1285 4217 utaque

126 4220 154 4257 eo
169 4205 304 4269 quodlibet
319 4206 404 4254 babent
419 4220 469 4255 τωι
485 4219 514 4256 τι
530 4201 592 4268 ibic
608 4202 641 4256 τί.
724 4203 796 4253 uobis
812 4219 915 4269 quorum
930 4203 1056 4254 amborum
1071 4221 1181 4255 errorem
1196 4204 1284 4272 cogni·

162 4274 202 4326 rt
218 4265 358 4355 tntetbqe''
340 4288 386 4325 urs
401 4270 487 4339 λέγων.
513 4273 626 4323 Paeane
639 4286 691 4323 cor·
724 4281 778 4321 tum
794 4271 912 4322 habemus
920 4289 1072 4340 ‚exponere
1088 4272 1135 4323 tibi
1151 4290 1182 4324 sc
1198 4272 1285 4324 decla·

124 4345 182 4407 nteit
197 4335 231 4396 eei
246 4357 282 4394 τι.
722 4357 779 4391 rare
795 4345 847 4390 cett.

158 4409 200 4465 13.
215 4406 342 4477 γεγονέναι
358 4411 479 4462 emendari
494 4403 1285 4473 mamonae.ctn.tv.-1.edeoieepemtproed-

159 4475 202 4533 14.
216 4494 349 4530 ιιιιιοιιιιι
365 4481 434 4530 vertit
451 4480 587 4532 σιπιιιιιι.
721 4477 771 4531 τῶι
785 4479 854 4560 qnod
859 4481 929 4542 culpo
943 4483 1013 4530 estet.
1036 4482 1117 4530 Posset
1129 4474 1283 4548 ιιιιιιιαῦτῷ

159 4546 255 4599 15.11ιι
270 4550 521 4601 anaximenes
544 4539 899 4616 casamassancia.

123 4605 196 4670 siros
211 4617 266 4668 edit
281 4618 358 4679 petere.

1008 4699 1079 4770 26*
