3046 5084
348 324 596 379 rannnnmnn
613 325 961 385 murmurosum.
1171 316 1232 380 unt

75 441 190 508 Pudeat
207 453 237 508 to
251 443 381 509 seeundo
395 440 547 531 Babylon,
570 464 607 513 as
619 437 815 511 Sodomoiom
830 466 908 511 nova
923 447 1068 516 eoniusio.
1115 445 1233 530 Quous-

76 567 132 630 que
155 546 270 630 linguas
292 545 365 610 istas
387 547 570 611 oonlundesl
613 544 775 631 Quousque
797 558 898 610 ooutra
923 569 976 612 eos
998 547 1104 633 quibus
1124 570 1232 614 noeere

76 648 146 713 nibil
162 659 246 734 potes
261 657 339 712 tuam
354 648 480 712 armabis
492 649 665 727 audaoiaorl
690 647 769 713 Nam
783 649 896 732 angelis
912 651 970 714 vius
985 651 1097 716 moliris
1108 652 1229 731 afferre,

75 761 106 814 et
128 752 166 814 ab
189 751 314 814 eeclesia
336 749 471 815 veritatis
491 771 645 816 sermones
662 750 831 829 abiudisas‚
863 753 945 835 quasi
965 753 1005 815 ita
1023 764 1155 816 sarnetum
1172 750 1233 817 Lot

76 853 245 937 alloquares
268 857 350 915 Educ
365 857 441 914 udos
458 856 534 916 illos.
581 852 692 920 Verum
710 863 777 917 tuus
794 854 823 916 In
840 862 870 916 te
886 864 1008 917 conatus
1025 856 1152 935 recidet,
1178 876 1232 920 neo
1245 871 1370 927 omino.

75 956 141 1020 ideo
164 954 299 1018 veritatis
321 954 387 1019 illos
409 975 562 1020 sermones
581 953 682 1035 eiieis,
712 956 765 1020 aed
783 955 950 1040 tibimetipsi
967 957 1138 1021 eaecitatem
1156 958 1232 1022 iudi·

75 1058 138 1141 gis,
161 1067 250 1140 atquo
266 1057 295 1120 iu
313 1057 486 1121 densissima
503 1057 597 1122 noetis
612 1058 739 1142 ealigine
753 1058 898 1137 versuris,
924 1059 1003 1121 iores
1020 1059 1152 1144 palpans,
1177 1081 1232 1124 neo

74 1159 246 1238 inveniens,
280 1160 374 1223 doneo
396 1160 439 1224 sol
463 1171 545 1224 ortus
568 1160 673 1238 luerit,
709 1170 795 1243 tuque
815 1159 913 1223 iudicii
932 1160 1007 1227 diem
1026 1161 1169 1247 aspicias,
1201 1162 1231 1225 in

75 1283 132 1346 quo
154 1262 313 1325 mendaciis
336 1262 393 1325 tuis
413 1261 523 1326 vindex
546 1263 621 1346 ignis
639 1273 786 1326 occurrat.
832 1259 911 1325 Num
928 1262 974 1326 bio
991 1273 1038 1342 te,
1074 1263 1116 1327 uti
1133 1264 1229 1342 vides,

74 1373 223 1448 expectat.
270 1359 410 1428 Ceterum
427 1365 501 1450 apud
517 1364 679 1449 apostolom
695 1385 754 1427 non
769 1363 892 1448 legitur,
916 1368 1035 1446 Propter
1048 1368 1153 1446 legem,
1179 1367 1230 1430 sed

74 1466 144 1530 illud
160 1485 177 1528 a
195 1474 223 1528 te
242 1487 393 1552 perperam
408 1479 454 1531 est
468 1467 624 1530 adieetum.
670 1464 756 1551 Quod
772 1467 797 1529 si
813 1467 889 1529 istud
906 1468 1081 1548 addidisset,
1105 1489 1231 1533 eonsen-

21 1580 26 1590 '
75 1579 192 1632 taneum
215 1568 244 1632 ei
267 1570 360 1647 loret,
393 1570 469 1654 quod
492 1569 528 1633 ab
550 1569 614 1633 eius
637 1569 870 1655 domino-Inerat
893 1569 1017 1651 dietum,
1051 1593 1106 1632 non
1125 1576 1232 1634 renim

73 1694 104 1733 se
126 1685 160 1734 ut
181 1675 270 1751 legem
291 1675 426 1745 solueret,
451 1676 501 1733 sod
522 1683 556 1732 ut
574 1675 748 1752 adimpleret.
794 1666 798 1672 ’

159 1769 260 1837 Sobel.
276 1769 355 1838 XIV
373 1784 402 1836 et
419 1770 526 1837 XXII.
561 1778 595 1835 In
619 1777 681 1854 lege
702 1778 838 1854 seriptum
861 1785 920 1836 est:
953 1779 1087 1853 Quunrizm
1109 1780 1139 1836 r'n
1161 1778 1381 1848 aluminosum.

74 1880 181 1957 birgurb
201 1888 231 1937 et
250 1878 333 1938 ludti's
354 1879 420 1937 olri's
442 1880 543 1957 loquor
560 1878 666 1956 populo
688 1879 764 1937 duab.

157 1978 260 2042 Relut.
276 1975 355 2042 XIV
372 1989 401 2042 et
414 1974 522 2041 XXII.
557 1976 624 2040 Nisi
646 1977 695 2040 illa
718 1997 792 2061 quee
815 1977 844 2040 iu
867 1978 933 2061 lege
950 1978 1095 2064 praedicta
1113 1979 1231 2043 Inerant

73 2081 208 2146 dominus
222 2081 387 2166 implesset,
413 2080 481 2164 qnid
496 2079 639 2143 attinebat
653 2080 815 2164 apostolom
832 2100 868 2143 ea
886 2102 1133 2161 commemorare,
1156 2101 1229 2165 quse

73 2204 113 2248 ex
129 2185 194 2269 lege
208 2183 302 2248 veteri
319 2185 435 2247 Inerant
452 2182 575 2246 innovo
591 2192 767 2247 testamento
784 2184 933 2268 perlecta?
977 2179 1229 2266 Quemadmodum

73 2297 104 2350 et
117 2287 250 2351 salvator
264 2286 328 2372 ipse
345 2287 544 2363 demonstrat,
569 2286 691 2349 eundem
709 2305 741 2349 so
759 2305 827 2348 esse
845 2285 893 2369 qui
912 2297 971 2349 tum
987 2287 1016 2348 in
1034 2286 1099 2369 lege
1113 2285 1229 2349 loeutus

73 2400 137 2468 est,
160 2390 191 2452 io
207 2389 284 2453 buno
300 2389 415 2452 modum
432 2387 655 2452 interminatus:
682 2393 748 2451 ideo
761 2390 1136 2472 ‹ffinsmfm'genernnbni
1148 2392 1223 2462 barb,
1240 2406 1277 2450 νυ.
1289 2407 1322 2462 oi,
1336 2406 1366 2451 m.

73 2497 196 2567 eldrici,
228 2514 336 2573 semper
355 2495 388 2552 ti
402 2503 501 2553 errant
518 2495 615 2565 eorde,
651 2502 697 2570 et,
727 2495 828 2553 Iuraui
842 2496 871 2551 si
884 2492 1041 2552 inueniunt
1058 2496 1087 2553 r'n
1105 2496 1228 2573 requiem

73 2618 170 2659 meum.
216 2592 380 2680 Propterea
397 2593 426 2657 iu
442 2593 507 2657 aliis
523 2593 631 2677 linguis
649 2593 813 2658 locuturum
830 2613 864 2656 se
882 2613 949 2656 esse
967 2592 1164 2672 denuntiavit,
1198 2604 1230 2658 ot

74 2709 104 2762 et
121 2699 237 2762 loeutus
256 2709 320 2776 est,
350 2717 407 2760 neo
422 2695 548 2781 ingressi
565 2695 608 2760 illi
625 2707 704 2761 suot.
750 2694 925 2759 Huiusmodi
942 2695 1018 2759 enim
1037 2696 1171 2780 quiddam
1186 2696 1229 2760 di·

73 2800 193 2886 scipulis
206 2801 269 2864 suis
284 2800 396 2863 dixisse
412 2799 536 2882 legitur:
562 2801 645 2861 Vobis
657 2803 752 2861 dotum
767 2812 810 2860 est
824 2821 906 2860 nosse
920 2804 1053 2878 mysterio
1065 2804 1152 2880 regni
1161 2804 1223 2862 dei.-
1239 2817 1323 2912 ppntpp.

73 2908 132 2966 r'llis
148 2915 240 2965 autem
259 2904 462 2984 eportatis,
496 2913 528 2963 ut
543 2904 665 2963 uidentes
683 2924 739 2964 non
759 2906 871 2964 simunt
884 2915 937 2963 eto.
986 2897 1061 2967 Cum
1079 2901 1177 2987 itaque
1195 2897 1378 2976 inridentur.

73 3028 151 3071 nouo
168 3016 344 3071 testamento
360 3026 396 3069 ea
414 3004 519 3088 ubique
533 3005 593 3068 sint
604 3004 721 3090 implete
736 3025 810 3089 quae
825 3005 854 3068 iu
871 3016 972 3070 vetere
989 3004 1225 3085 continebantur,

72 3110 205 3173 dubitare
229 3129 315 3172 nemo
337 3117 434 3192 potest
455 3107 524 3191 quin
548 3105 677 3170 eiusdem
698 3106 784 3171 ambo
803 3117 978 3171 testamenta
998 3108 1044 3170 dei
1061 3108 1138 3189 siut,
1169 3129 1227 3172 nou

72 3211 193 3277 alterius
215 3233 251 3275 ao
273 3210 395 3275 diversi.

158 3312 260 3378 Sobel.
279 3311 340 3379 XV
357 3323 388 3376 el
406 3309 528 3376 XXIII.
563 3315 700 3375 Mulieres
716 3317 746 3374 in
763 3316 881 3375 eeclesia
904 3326 1024 3375 morunt.
1070 3318 1377 3388 Nonem'ntl.cnr.1t‚tt.

67 3422 244 3499 permittitur
265 3419 323 3478 itte
345 3419 437 3497 loqui,
462 3420 513 3477 sed
532 3417 659 3478 subditae
680 3419 752 3489 erist,
776 3421 853 3477 subiit
872 3428 902 3478 et
923 3420 970 3478 lem
990 3420 1070 3479 dieu.

157 3622 260 3688 Relut.
279 3619 342 3687 XV
361 3632 390 3685 et
403 3618 525 3685 XXIII.
562 3617 596 3685 Si
613 3642 653 3686 ex
670 3621 745 3707 legis
762 3622 942 3707 praesoripto
960 3621 1163 3687 sanctissimus
1179 3622 1226 3701 dei

71 3727 222 3813 apostolus
244 3725 388 3791 ecelesiae
413 3725 544 3789 ordinem
567 3745 602 3788 uo
621 3723 801 3810 disoiplioam
819 3724 986 3804 coustituit,
1018 3747 1075 3789 noo
1098 3726 1156 3789 erit
1176 3725 1226 3789 lex

72 3829 183 3895 ordinis
202 3848 327 3915 expers,
352 3849 368 3892 e
387 3849 443 3912 qua
461 3827 592 3892 ordinem
610 3827 761 3913 apostolus
776 3827 940 3908 transtulit,
964 3848 1059 3912 nequo
1078 3829 1114 3893 ab
1130 3829 1226 3893 alieno

17 3974 25 3985 -
45 3979 50 3992 .
72 3933 127 3997 deo
141 3932 359 4018 proficiscetur,
383 3952 457 4016 quae
473 3930 538 3995 viro
554 3930 689 3995 feminam
705 3951 772 3994 esse
786 3929 945 3994 subiectam
964 3931 1115 4017 praecipit.
1160 3928 1227 3996 1100

29 4056 42 4107 J
71 4035 149 4109 enim
166 4045 195 4099 et
210 4034 342 4120 apostolo
357 4035 388 4097 iu
405 4034 564 4099 enudeodis
580 4033 724 4099 ecclesiae
739 4033 850 4117 legibus
866 4033 985 4120 placuit,
1009 4046 1041 4099 ut
1057 4034 1120 4120 ipse
1136 4044 1225 4099 testa-

71 4149 130 4219 tur,
150 4141 341 4202 Sebutetles
356 4142 435 4199 unt.
477 4133 538 4201 Sed
555 4134 670 4223 ubinam
686 4138 801 4200 demum
816 4137 873 4200 ista
886 4136 939 4201 lex
953 4137 1041 4202 diuiti
1077 4135 1224 4202 Nimirum

72 4241 153 4305 eoin
170 4241 235 4305 loeo
253 4239 303 4303 ubi
320 4240 360 4304 ita
376 4239 509 4304 dominus
526 4237 620 4305 Evam
638 4237 809 4323 alloquitur:
833 4244 885 4303 Ad
899 4245 990 4303 orrum
1006 4246 1366 4318 ers'teonoersr'uoeo.a,1s.

72 4357 137 4419 mu,
162 4356 190 4406 et
207 4349 266 4425 ipse
281 4345 470 4405 dominabitur
487 4345 546 4404 nti.
594 4339 671 4406 Nam
690 4343 745 4406 etsi
763 4341 910 4428 plerisque
928 4344 992 4407 aliis
1010 4343 1040 4408 in
1059 4343 1133 4408 loois
1147 4344 1224 4408 idem

71 4447 226 4534 repetitum
249 4446 353 4525 luerit,
383 4445 443 4509 illio
465 4456 561 4509 tamen
586 4445 709 4530 primum
732 4457 778 4510 est
795 4457 975 4532 usurpatum.
1023 4443 1083 4511 Iam
1101 4469 1165 4512 oum
1185 4468 1224 4514 es
