3046 5084
222 366 284 427 514
647 378 767 428 ειαοτι
783 378 953 428 Ευιοιιιυιι

221 491 370 578 πονηρόν,
399 496 450 558 καὶ
472 492 504 558 τό
525 492 655 576 πονηρόν
675 490 809 579 όγαθόν,
841 497 873 557 οἱ
888 494 1019 569 τιθέντες
1037 493 1070 559 τό
1089 492 1201 572 σκότος
1220 502 1307 577 φῶς,
1337 499 1384 563 καλ

220 594 255 661 τό
279 603 345 677 πῶς
364 596 484 675 σκότος,
514 599 545 661 οἱ
560 598 689 681 λέγοντες
710 594 743 660 τό
765 594 857 680 γλυκύ
876 593 999 680 πικρόν,
1029 598 1080 660 καλ
1100 595 1136 661 τό
1154 596 1269 684 πικρόν
1285 598 1383 685 γλυκύ.

224 696 329 780 Πύντη
346 698 402 783 γύρ
419 700 548 780 ἐκφανεῖ
560 697 670 763 παλαιολ
687 702 737 762 καὶ
752 697 839 781 καινή
857 697 990 780 διαθήκη
1008 705 1060 763 τοῦ
1076 696 1158 763 Κύϊν
1170 698 1232 783 τήν
1247 698 1383 784 όσέβειαν

223 803 504 885 έπεκηρυκευομένη.
552 793 641 865 Οὗτοι
658 802 689 865 δὲ
705 808 758 865 τοῦ
774 799 899 876 σκότους
915 798 998 876 όντες
1013 802 1132 884 έρασταδ
1146 804 1202 867 καλ
1218 811 1282 869 τῶν
1296 830 1381 869 καιτο-

220 911 318 968 ποιιδν
335 906 457 986 μιμηταὶ
473 902 620 985 τόν’Ἁβελ
636 910 763 984 μισοῦσι,
780 901 833 968 τόν
850 904 881 967 δὲ
897 902 976 967 Κύϊν
990 901 1137 989 όγαπῶσι,
1160 907 1215 970 καλ
1231 914 1274 995 τῷ
1287 904 1380 995 Ἰούδρ

219 1003 272 1071 τόν
288 1009 409 1071 ἔπαινον
427 1005 558 1071 διδόασι·
581 1010 768 1090 φθοριμαέαν
783 1006 814 1069 δὲ
828 1012 935 1091 γνῶσιν
950 1008 1059 1087 έχουσι,
1081 1004 1137 1071 δύο
1150 1004 1311 1085 τάττοντες
1325 1018 1381 1073 Av-
1396 1046 1402 1063 ι

219 1107 339 1190 νύμεις,
375 1107 588 1192 ἀσθενεστέραν
612 1133 642 1170 τε
666 1110 715 1172 καλ
741 1109 959 1193 δυνατωτέραν,
993 1105 1230 1192 α’ντιμαχομένας
1251 1112 1284 1177 δὲ
1309 1108 1381 1197 πρός

96 1236 148 1280 pag.
162 1224 207 1269 τευ.
222 1209 357 1291 ἀλλήλας,
388 1209 533 1285 ποιούσας
556 1210 587 1274 δὲ
609 1212 640 1273 ἐν
662 1218 701 1298 τῷ
719 1210 821 1297 κόσμῳ
840 1208 877 1275 ού
893 1209 1011 1296 γνώμης
1028 1209 1202 1292 όλλοίοτσιν,
1235 1210 1310 1279 ἄλλό
1325 1220 1380 1279 τῶν

220 1315 417 1398 γεγενημένων
436 1311 506 1387 τούς
525 1314 577 1395 μὲν
593 1311 667 1376 κατύ
684 1312 775 1392 φύσιν
792 1311 850 1377 ύπό
872 1317 978 1389 κακίας
994 1311 1048 1395 τήν
1067 1311 1172 1379 ούσλαν
1189 1316 1285 1398 ἔχειν,
1315 1314 1380 1392 τούς

220 1416 251 1479 δὲ
266 1413 325 1480 α’πό
342 1413 537 1499 ύγαθότητος.
581 1412 697 1479 Ούδένα
713 1415 744 1478 δέ
756 1414 831 1479 κατολ
845 1418 965 1500 γνώμην
980 1413 1097 1501 όγαθόν
1110 1414 1131 1499 ἢ
1145 1424 1270 1496 φαῦλον
1282 1420 1377 1505 λέγον·

219 1540 280 1597 σιν,
304 1516 375 1581 όλλό
396 1517 471 1581 κατύ
494 1515 593 1596 φύσιν.

83 1627 150 1696 Κεφ.
168 1624 199 1681 δ’.
305 1623 366 1683 Καὶ
382 1627 500 1706 πρῶτον
516 1623 624 1701 έδωμεν
640 1621 707 1705 περὶ
723 1626 776 1684 τοῦ
792 1617 871 1685 Κόϊν
887 1617 927 1696 οἷς
941 1617 962 1701 ή
976 1620 1027 1702 μέν
1043 1618 1155 1685 παλαιύ
1170 1621 1311 1707 διαθήκη
1327 1648 1379 1705 φη-

219 1724 280 1801 σὶν,
300 1720 534 1807 Ἐπικατάρατος
550 1721 587 1786 σύ
606 1720 665 1787 ύπό
683 1730 735 1805 τής
753 1729 821 1807 γής,
843 1722 907 1804 ήτις
925 1725 1007 1805 έχανε
1022 1722 1056 1788 τό
1074 1722 1170 1806 στόμα
1187 1722 1286 1809 αύτής
1301 1728 1377 1805 δέξα-

219 1835 292 1889 σθαι
311 1824 345 1890 τό
363 1824 436 1908 αἷμα
452 1834 506 1890 τοῦ
523 1823 655 1905 α’δελφοῦ
672 1847 742 1903 σου,
774 1828 806 1889 έκ
823 1832 876 1907 τῆς
889 1824 984 1909 χειρός
1000 1846 1069 1889 σου·
1099 1827 1151 1890 καλ
1168 1826 1278 1907 πόλιν,
1304 1824 1378 1893 Ἐπι-

218 1926 384 2014 κατύρατος
403 1927 439 1993 σύ
461 1931 492 1993 έν
509 1937 571 2003 τοῖς
587 1931 685 2013 έργοις
702 1949 771 2005 σου,
800 1930 850 1991 καὶ
867 1929 917 2016 έση
934 1929 1041 1992 στένων
1060 1930 1111 1993 καλ
1127 1930 1249 2014 τρέμων
1266 1932 1318 1997 lul
1332 1936 1379 2013 εής

218 2036 280 2116 γής.
325 2030 455 2119 Συνμδό
477 2032 510 2095 δὲ
530 2039 566 2119 τῇ
584 2037 695 2116 παλαιᾷ
714 2031 847 2117 διαθήκη
870 2027 887 2094 ό
905 2028 1008 2114 κύριος
1026 2032 1058 2095 ἒν
1074 2036 1115 2119 τῷ
1133 2028 1300 2123 εύαγγελέμ
1317 2036 1379 2117 περλ

218 2131 326 2197 τούτου
344 2135 433 2219 λέγει,
458 2132 505 2199 ὅτε
518 2130 657 2197 Ἰουδαῖοι
673 2136 786 2217 έλεγον,
808 2129 905 2212 Ἡμεῖς
922 2134 1033 2219 πατέρα
1048 2135 1153 2215 ἔχομεν
1169 2132 1226 2200 τόν
1245 2134 1337 2203 θεόν·
1363 2130 1379 2201 δ

219 2236 251 2300 δὲ
268 2234 371 2321 πόριος
386 2236 462 2321 πρός
478 2234 586 2312 αύτούς
600 2239 668 2317 ἔφη,
689 2231 786 2316 ’Υμεῖς
800 2238 861 2300 υἱοί
876 2238 938 2300 έστε
953 2240 1007 2301 τοῦ
1022 2234 1136 2320 πατρός
1148 2233 1241 2320 ύμῶν
1255 2246 1312 2305 τοῦ
1323 2242 1380 2303 δια-

219 2336 326 2419 βόλου,
359 2337 404 2403 ότι
426 2338 557 2420 ψεύστης
580 2340 673 2415 έστλν,
704 2336 750 2401 ότι
771 2334 902 2422 όπατήρ
922 2335 1015 2403 αύτοῦ
1033 2335 1167 2421 ψεύστης
1185 2332 1241 2423 ἦν·
1275 2344 1380 2415 ἐκεῖνος

219 2437 473 2524 ἀνθρωποκτόνος
492 2434 545 2523 ήν,
573 2442 625 2504 καὶ
647 2442 678 2504 έν
699 2446 734 2528 τή
751 2437 877 2527 ύληθεέμ
896 2436 952 2505 ούκ
970 2442 1096 2523 έμεινεν·
1127 2438 1204 2505 ὅταν
1224 2452 1324 2525 λαλεῖ,
1348 2440 1378 2509 τδ

219 2546 334 2623 ψεῦδος
350 2547 383 2609 έκ
398 2551 457 2608 τῶν
474 2545 557 2607 ἰδέαν
571 2549 663 2619 λαλεῖ,
686 2541 731 2606 δτι
744 2543 795 2605 καλ
810 2539 828 2607 ό
841 2540 938 2627 πατήρ
955 2539 1049 2607 αύτοῦ
1061 2540 1198 2627 ψεύστης
1213 2538 1264 2629 ήν.
1288 2546 1380 2613 Ὅθεν

218 2647 270 2708 καὶ
292 2649 325 2710 αλ
344 2645 428 2709 όλλαι
445 2646 570 2729 αἱρέσεις
586 2642 749 2709 ἀκούουσαι
770 2643 802 2710 τό
821 2648 902 2728 ῥῆμα
920 2652 1007 2710 τοῦτο
1024 2646 1139 2731 πατέρα
1159 2648 1218 2729 μέν
1234 2656 1301 2715 ταῖν
1313 2646 1379 2717 ’λεα-

219 2751 313 2812 δαίων
331 2746 499 2826 φάσκουσιν
520 2744 594 2811 εἶναι
617 2744 669 2811 τόν
690 2746 845 2828 διάβολον,
875 2750 950 2830 ἔχειν
971 2772 1002 2813 τε
1017 2748 1131 2833 πατέρα
1147 2746 1241 2817 δι’λλον
1263 2754 1318 2821 καλ
1332 2750 1380 2819 τόν

219 2847 313 2913 αὐτοῦ
336 2852 448 2935 πατέρα
466 2848 556 2914 πόλιν
577 2851 695 2933 πατέρα.
738 2847 824 2912 Ἀλλολ
843 2846 1077 2935 α’θορογλτόττως
1094 2852 1302 2939 φθέγγονται,
1331 2852 1381 2939 τήν

222 2949 361 3016 διόνοιαν
375 2952 600 3032 τνφλοόττοντες.
645 2954 706 3016 Καὶ
722 2951 778 3037 γόρ
793 2953 841 3017 έπλ
856 2951 909 3018 τόν
922 2952 1043 3019 πάντων
1057 2952 1208 3039 δεσπότην
1221 2956 1303 3025 θεόν
1313 2954 1380 3025 ’ένα-

222 3057 315 3118 δαέοιν
329 3057 421 3119 τεκαὶ
437 3062 623 3141 Χριστιανῶν
635 3056 686 3119 καὶ
699 3053 818 3119 πόντων
829 3053 884 3137 τήν
898 3056 1067 3140 συγγένειαν
1085 3059 1213 3149 ιένιεένφ
1227 3056 1381 3149 Myon,

220 3164 326 3222 τοῦτον
344 3160 455 3243 πατέρα
471 3165 524 3223 τοῦ
541 3161 653 3223 έκεένου
671 3154 784 3241 πατρός
800 3153 874 3222 εἶναι
890 3159 1036 3243 λέγοντες,
1064 3156 1119 3225 τόν
1133 3162 1381 3249 νομοθετήσαντι

221 3260 270 3325 διό
285 3263 443 3338 Μωύσέοις
458 3264 508 3326 καὶ
523 3269 652 3326 τοσαῦτα
668 3262 823 3342 θαυμάσια
837 3259 1026 3343 πεποιηκότα.
1074 3258 1139 3329 ofin
1155 3266 1220 3331 ἔστι
1235 3266 1269 3333 δέ
1284 3274 1381 3345 ταῦτα,

222 3357 245 3428 οδ
264 3362 441 3449 2ύγαπητοέ.
486 3362 587 3439 Λύτός
601 3362 656 3447 γόρ
673 3360 767 3438 εύθύς
782 3385 874 3445 φησιν
886 3360 904 3429 ό
917 3362 1030 3449 κύριος,
1049 3366 1081 3431 έν
1097 3362 1211 3433 δι’πασιν
1226 3364 1318 3453 ήμῑα
1329 3366 1381 3453 τήν

222 3469 387 3549 ἐπιμέλειαν
402 3466 594 3548 ποιούμενος,
621 3470 670 3531 ἰ’να
686 3465 726 3550 μή
745 3469 776 3531 έν
791 3465 971 3552 παρεκβάσει
986 3464 1144 3552 γενόμεθα
1157 3478 1213 3536 τοῦ
1226 3472 1379 3557 προκειμέ-

220 3596 291 3648 νου,
323 3573 406 3656 ἔτερα
426 3567 494 3634 ἄνθ’
512 3571 618 3653 ἑτέρων
634 3568 822 3652 σοφιζόμενοι
840 3571 891 3636 καλ
908 3568 1118 3653 διανοούμενοι
1142 3570 1216 3639 ιότι
1234 3576 1313 3661 λέγει
1327 3600 1379 3641 αα-

220 3675 290 3754 τὲρα
312 3672 439 3738 4αύτοίν
456 3671 529 3738 εἶναι
550 3669 602 3737 τόν
619 3671 773 3755 διάβολον,
799 3671 946 3751 οἸούδαν,
968 3671 1005 3738 δν
1025 3675 1076 3738 καὶ
1091 3680 1237 3741 Σατανᾶν
1249 3678 1378 3761 ιιέαλιμ,

220 3778 270 3841 καὶ
286 3776 429 3860 διάβολον
444 3780 535 3862 λέγων
549 3774 625 3860 πρός
637 3773 708 3851 τούς
722 3774 869 3858 μαθητής,
891 3773 965 3858 Ούχλ
978 3774 1050 3851 τούς
1065 3776 1183 3843 δυόδεκα
1198 3776 1283 3863 ύμᾶς
1296 3784 1377 3861 ἔξαλα-

222 3878 334 3962 ξύμην,·
365 3881 416 3944 καὶ
438 3877 479 3955 εἷς
502 3882 532 3955 ἐξ
546 3876 629 3961 ύμῶν
645 3877 795 3965 διάβολος·
824 3876 889 3961 ούχλ
907 3877 1045 3961 διάβολος
1063 3881 1158 3965 λέγοιτ
1171 3880 1281 3965 φύσει,
1312 3878 1379 3951 ἄλλό

221 3980 299 4046 κατό
316 3980 444 4068 γνώμην.
491 3980 588 4046 Πόλιν
602 3982 635 4046 δέ
651 3984 682 4046 έν
697 3983 785 4070 ἒτέρρι
801 3980 884 4071 τόπῳ
899 3984 974 4067 λέγει
980 4032 989 4061 ,
1012 3980 1129 4068 Πότερ,
1151 3982 1239 4071 κύριε
1252 3984 1379 4075 σύραααὸ

220 4087 270 4149 καὶ
288 4092 352 4171 γῆς,
375 4084 501 4169 τήρησον
513 4085 638 4160 τούτους
653 4084 706 4159 οὓς
718 4082 851 4161 δέδωκάς
866 4110 929 4166 μοι·
952 4083 1002 4150 ὅτε
1014 4082 1095 4169 ήμην
1108 4084 1169 4170 μετ’
1180 4085 1294 4169 αύτσδα,
1309 4084 1376 4173 δαέ-

223 4191 294 4263 λαξα
317 4186 443 4269 αύτούς,
472 4190 524 4252 καλ
542 4184 641 4263 ούδελς
661 4190 691 4263 ἐξ
711 4184 809 4252 αύτιδν
825 4185 974 4267 ύπύλετο,
1004 4190 1032 4252 ελ
1047 4184 1089 4271 μή
1105 4184 1125 4253 ό
1141 4187 1376 4277 υέόςτήςᾶα·

220 4293 306 4366 λείας.
352 4290 451 4355 Πόλιν
468 4288 566 4354 ύλλοτε
583 4292 656 4375 λέγει
675 4290 735 4371 ότι,
765 4300 822 4355 Δεῖ
835 4287 888 4356 τόν
904 4288 972 4355 υἷόν
987 4297 1041 4355 τοῦ
1061 4288 1234 4377 ἆνθρσόπσυ
1248 4296 1375 4383 παρὰ·

220 4398 314 4474 θῆναι
329 4393 404 4459 κατα
417 4393 451 4459 τό
466 4396 665 4479 γεγραμμένον
680 4396 748 4479 περλ
762 4392 868 4460 αύτοῦ·
887 4390 956 4459 ούαλ
970 4394 1002 4458 δὲ
1016 4390 1054 4457 δι’
1068 4386 1107 4459 ού
1120 4398 1375 4485 παραδοθήπτιι·

102 4521 152 4566 τις.
165 4508 211 4552 28⁰.
226 4498 368 4581 συνέφερε
381 4495 437 4583 γύρ
456 4492 535 4584 αύτῷ
552 4498 578 4560 ελ
591 4493 646 4561 ούκ
664 4496 824 4583 ἐγεννήθη,
846 4498 896 4563 καλ
910 4494 946 4562 τό
961 4498 1036 4579 ἑξῆς.
1070 4494 1149 4583 ’Ἆρα
1162 4504 1243 4585 γοῦν
1256 4498 1375 4583 έξόπιν

257 4634 314 4685 Cu.
328 4638 369 4687 λλ.
387 4664 418 4675 -·
437 4636 459 4688 1.
476 4633 571 4689 ἐκείνου
587 4640 690 4689 correxit
705 4638 825 4690 Ριλανλνι.
