3046 5084
198 351 259 412 43ss
622 360 742 411 οιυοτι
758 360 925 411 Emptum!

196 479 246 541 καὶ
264 470 350 552 οὗτος
367 475 408 551 εἷς
425 476 467 543 οδν
481 475 615 563 τυγχάνει
632 473 650 541 ό
664 474 796 541 ἐνταῦθά
814 502 865 558 μοι
883 476 1086 553 σπουδασθεὶς
1101 483 1291 561 φωραθῆναι
1306 478 1357 545 διά

196 584 284 645 θείου
300 579 389 663 λόγου
405 583 454 644 καί
473 584 615 663 βοηθείας
630 586 683 661 τῆς
702 575 833 653 άνωθεν,
863 580 915 643 καὶ
930 585 1121 665 συντριβῆναι
1136 583 1226 663 δίκην
1240 589 1354 667 φαλογ·

197 686 263 766 γίου
287 682 487 766 τετραγυάθου
511 684 633 767 ἑρπετοῦ
657 683 855 762 καλουμένου,
887 679 908 763 ῆ
931 678 971 758 οός
992 679 1051 747 άπό
1076 679 1281 766 άμφιςβαίνης
1303 692 1356 769 τῆς

197 784 356 864 δικεφάλου
370 788 483 867 ἐχίδνης
497 794 644 867 τμηθεῖσα
658 783 771 866 κεφαλῆ
785 786 816 848 ἐν
828 788 971 872 συντομίρι
984 792 1239 869 κατακλασθῆναι.
1272 794 1356 871 Παρ-

198 885 293 951 ελθοίν
316 887 347 950 δὲ
366 895 472 953 τοῦτον
492 887 580 952 πάλιν
597 884 650 962 τάς
666 888 733 968 ἑξῆς
749 884 957 968 διασκοπῆσω,
986 888 1038 951 καί
1056 886 1165 964 ταάτας
1182 886 1303 967 διεξιιδν
1318 887 1355 956 δι’

198 987 282 1071 εὐχῆς
297 987 407 1071 αίτῆσω
424 988 459 1053 τά
474 990 525 1070 μὲν
538 987 600 1053 κατ’
615 987 706 1064 αότάς
719 987 794 1053 κατά
810 986 953 1071 άλῆθειαν
967 991 1090 1066 ἐξειπεῖν
1103 991 1218 1072 μηδένα
1234 992 1269 1057 δὲ
1284 990 1354 1076 βλιί·

197 1109 257 1169 ψαι
277 1089 297 1173 ῆ
319 1088 408 1166 αότός
429 1095 583 1174 βλαβῆναι.

366 1339 543 1405 κατι
590 1337 1180 1426 ΗΡΑΚιΕοΝιΤοΝ,

425 1451 660 1545 ἑξκαιδεκάτη,
688 1450 711 1545 ἡ
737 1456 796 1526 καὶ
822 1451 1003 1550 τριακοστὴ
1031 1457 1121 1547 ἕκτη.

277 1597 444 1684 Ἡρακλέων
465 1626 508 1675 τις
525 1608 629 1665 τοῦτον
646 1599 697 1665 τόν
716 1599 909 1683 Κολόρβασον
925 1602 1101 1683 διαδέχεται,
1128 1598 1182 1684 ἀφ’
1206 1597 1305 1687 οὗπερ
1327 1608 1359 1673 οί

195 1700 414 1786 Ἡρακλεωνῖται
436 1700 625 1783 καλούμενοι,
657 1700 745 1767 οὐδέν
769 1695 854 1784 ῆττον
871 1710 925 1785 τῆς
943 1700 1024 1787 παρά
1043 1710 1149 1771 τοῦτον
1166 1712 1357 1788 κενοφωνίας

197 1803 370 1886 ῆσκημένος.
415 1806 476 1868 Καὶ
498 1804 553 1870 ὅσα
578 1805 631 1885 μὲν
652 1807 759 1870 ἐκεῖνοι
780 1807 909 1889 λέγουσι,
941 1807 992 1870 καλ
1015 1798 1104 1882 οὗτος
1125 1803 1255 1890 όρίζεται
1280 1809 1356 1876 κατά

196 1906 290 1971 πάντα
311 1906 437 1991 τρόπον,
469 1904 518 1971 οἷα
541 1905 578 1988 δῆ
600 1910 629 1983 ἐξ
651 1905 750 1972 αόιοῑν
772 1904 945 1991 ὁρμώμενος
963 1909 1015 1973 καλ
1032 1906 1101 1994 παρ’
1119 1907 1222 1977 ου’τῶν
1236 1909 1294 1979 τόν
1309 1910 1357 1979 ἐόν

196 2008 433 2092 ἀπομυξάμενος,
462 2009 667 2094 περισσότερον
684 2011 715 2074 δὲ
731 2013 826 2090 δῆθεν
843 2006 916 2094 όπίρ
935 2012 1067 2086 ἐκείνους
1081 2012 1114 2077 ἐν
1129 2013 1227 2102 ἐαυτῷ
1245 2012 1353 2081 ιἰναιν·

196 2111 370 2193 πωσάμενός
385 2139 464 2191 τινα,
484 2111 617 2194 βούλεται
632 2114 762 2187 ἐκείνους
776 2109 955 2197 ὑπεραίρειν,
976 2116 1027 2178 ’ίνα
1040 2115 1092 2178 καλ
1106 2115 1202 2204 έαυτρδ
1219 2137 1353 2204 συναγα-

195 2214 251 2300 γῆυ
272 2213 431 2303 ποιῆσγται
452 2221 511 2278 τῶν
531 2212 735 2297 ῆπατημένων.
782 2206 874 2279 Οὗτοι
895 2212 951 2300 γάρ
971 2214 1077 2293 πάντες
1098 2219 1141 2293 είς
1162 2218 1354 2285 fumun!-

196 2325 289 2399 φαλον
302 2316 426 2393 ἕαυτοός
442 2316 685 2392 άνατυποίσαντες
699 2323 783 2396 σῶμα
796 2315 817 2397 ῆ
832 2315 1071 2403 έκατοντάχειρον
1081 2317 1134 2385 τόν
1147 2345 1223 2386 ποτε
1238 2330 1352 2406 μνθιν·

195 2419 301 2501 όμενον
322 2417 404 2505 παρά
425 2429 486 2495 τοῖς
507 2426 564 2483 τῶν
578 2416 722 2501 Ἑλλήνων
739 2428 875 2500 ποιηταῖς
892 2417 1070 2502 ἐμιμήσαντο
1087 2420 1204 2489 Κόττον
1221 2422 1245 2507 ῆ
1263 2423 1352 2511 Βριά·

196 2548 276 2607 ρεου,
299 2521 335 2586 όν
348 2524 399 2587 καὶ
413 2526 567 2605 Αἰγαίωνα
582 2528 733 2599 καλοῦσιν,
754 2520 775 2602 ῆ
794 2520 923 2606 ιΓύγην,
945 2520 1032 2604 ῆτδν
1048 2522 1354 2615 καλοάμενον”Αργον

74 2654 124 2702 ρης.
136 2642 181 2686 ²8³.
195 2622 246 2689 τόν
267 2623 518 2706 πολυόφθαλμον,
547 2627 632 2699 οἵους
654 2627 760 2689 ἐκεῖνοι
780 2626 812 2689 ἐν
832 2632 897 2699 ταῖς
919 2625 1058 2691 ’έαυτοῖν
1078 2628 1253 2717 δαψρεδίιιις
1269 2654 1352 2715 τερσ-

194 2725 342 2805 τεόουται,
365 2725 590 2808 ποιητευόμενοι
604 2727 655 2791 καί
671 2728 801 2810 λέγοντες
815 2728 890 2807 ἐχειν
905 2724 957 2791 τόν
972 2727 1025 2809 μίν
1038 2727 1144 2795 έκστόν
1162 2738 1287 2815 ’χεῖρας
1300 2734 1352 2801 καλ

194 2830 264 2894 ποτέ
280 2830 332 2910 μὲν
345 2828 525 2911 πεντῆκοντα
539 2827 683 2910 κεφαλάς,
713 2829 785 2893 ποτέ
803 2828 835 2893 δέ
850 2827 972 2909 ἐκατόν,
1000 2827 1054 2896 τόν
1068 2831 1101 2896 δέ
1115 2830 1221 2899 έκατδν
1235 2830 1351 2917 δφθαλ

194 2930 284 3014 μυός,
307 2933 358 2995 καί
374 2930 480 2996 τούτου
497 2930 582 2997 ἕνεκά
599 2953 671 3012 φασι
688 2930 740 2996 τόν
755 2927 869 3015 Ἑρμῆν
882 2939 1038 2997 καλεῖσθαι
1051 2928 1281 3019 Ἀργειφόντην,
1311 2934 1353 3017 ὃς

194 3031 362 3118 τόγ”Αργον
375 3032 425 3097 τόν
440 3033 679 3116 πολυόφθαλμον
696 3031 915 3114 πεφονευκότα·
939 3034 1018 3102 οὕτω
1034 3036 1085 3100 καλ
1099 3032 1214 3103 τούτων
1228 3040 1353 3119 Fame

194 3134 371 3218 βουλόμενος
386 3136 481 3224 ἑαυτῷ
495 3134 587 3220 άρχῆν
602 3134 827 3221 προστήσασθαι
840 3135 972 3219 κεφαλῆν
987 3134 1138 3219 οόνόμασεν
1152 3137 1273 3223 ἐαυτδν,
1293 3144 1352 3211 δτι-

193 3266 230 3320 ρα
245 3236 430 3323 όπειςφέρων
446 3237 527 3323 παρά
543 3237 598 3322 τῆν
615 3246 673 3303 τῶν
689 3236 874 3304 διδασκάλων
890 3236 984 3305 αὐτοῦ
998 3246 1214 3322 ματαιοπονίαν
1226 3246 1281 3311 καλ
1294 3272 1350 3329 μ-

191 3340 284 3422 νιοίδη
303 3344 499 3405 διδασκαλίαν.
533 3340 600 3406 Ἵνα
622 3342 654 3407 δέ
676 3339 716 3423 μῆ
739 3343 780 3416 είς
801 3340 877 3407 πολδ
895 3349 990 3425 μῆκος
1006 3340 1099 3409 ἐλάσαι
1113 3350 1169 3411 τοῦ
1187 3352 1351 3433 προοιμίου

192 3443 246 3526 τῆν
267 3443 417 3522 σύνταξιν,
440 3443 595 3525 ἐλεύσομαι
617 3446 657 3518 είς
677 3441 711 3508 τό
734 3448 933 3527 προκείμενον.

58 3561 123 3629 Κεφ.
143 3559 174 3631 μ’.
275 3545 438 3631 Ἡρακλέων
452 3551 550 3611 τοίνυν
563 3539 660 3624 οὗτος,
683 3546 734 3610 καλ
748 3548 779 3610 οί
792 3542 843 3611 εἶπ’
857 3544 951 3613 αότοῦ
961 3544 1197 3634 Ἡρακλιωνῖται,
1219 3548 1263 3631 εἷς
1277 3578 1349 3641 πρι-

193 3658 292 3728 εῖπον,
322 3646 432 3731 ὅμοίως
448 3648 568 3738 Μάρκῳ
590 3654 640 3714 καί
660 3670 718 3714 τισι
738 3655 797 3712 τοῖν
819 3647 877 3735 πρό
900 3646 994 3715 αότοῦ
1010 3652 1077 3734 περί
1097 3658 1157 3717 τοῖν
1172 3650 1348 3741 Ὀγδοάδιν

193 3749 314 3832 φάσκει,
345 3760 397 3833 τῆς
416 3750 476 3817 άνω
495 3753 590 3834 φημί,
620 3754 671 3816 καλ
687 3758 740 3832 τῆς
756 3748 849 3816 κάτω·
879 3750 1004 3817 Ἔπειτα
1021 3754 1122 3821 δέκαλ
1138 3752 1193 3833 τάς
1209 3762 1349 3847 συζυγίας

194 3861 252 3919 τῶν
268 3852 424 3937 τριάκοντα
438 3856 565 3919 Αίοίνων
580 3858 652 3931 ίσως
665 3852 785 3932 δοξάζει.
820 3852 1008 3941 ’Ἄνθρωπον
1023 3857 1057 3922 δὲ
1069 3857 1123 3924 καί
1135 3855 1229 3937 αότδς
1239 3858 1349 3943 φάσει

193 3952 266 4021 είναι
282 3954 334 4021 τόν
350 3953 412 4021 άνω
426 3964 486 4022 τῶν
503 3956 579 4022 δίων
600 3958 733 4041 Πατέρα,
756 3956 793 4022 δν
807 3959 859 4023 ιιαί
876 3956 981 4025 Βυθδν
994 3958 1224 4047 προςηγόρευσε.
1269 3962 1348 4033 nn'.

191 4065 270 4122 λεται
291 4058 323 4122 δέ
344 4055 435 4123 αότόυ
456 4061 507 4124 καλ
525 4056 614 4135 αότός
631 4061 724 4146 λέγειν
741 4059 813 4142 μῆτε
831 4059 920 4144 άρρεν
941 4060 1013 4143 μῆτε
1029 4069 1124 4145 θῆλυ·
1153 4066 1186 4142 ἐξ
1202 4062 1301 4133 νάεοό
1315 4068 1350 4135 δέ

192 4156 263 4224 εἶναι
282 4157 336 4240 τῆν
355 4167 414 4224 τῶν
435 4160 511 4227 ὅλων
534 4164 675 4246 Μητέρα,
706 4162 744 4245 ῆν
764 4165 816 4227 καί
834 4161 930 4248 Σιγῆν
951 4161 1085 4245 όνομάξιι
1105 4166 1157 4231 ιισιλ
1177 4162 1347 4251 Ἀλήθεια.

175 4258 254 4334 ,Ἀπ’
271 4260 362 4344 αὐτῆς
379 4263 411 4326 δὲ
429 4260 502 4327 εἶναι
519 4261 572 4343 τῆν
588 4267 726 4350 δευτέραν
741 4267 871 4351 Μητέρα
885 4264 940 4349 τῆν
954 4269 987 4333 ἐν
1001 4265 1082 4357 λῆθργ
1100 4270 1280 4355 γενομένην,
1308 4270 1349 4359 ᾖ

190 4366 241 4428 καλ
257 4362 397 4447 Ἀχαμοίθ
417 4366 467 4429 καί
489 4362 579 4440 αότός
598 4374 694 4448 καλεῖ,
724 4370 754 4447 ἐξ
775 4360 814 4451 ῆς
833 4366 939 4435 λοιπόν
954 4368 990 4434 τά
1007 4367 1105 4436 πάντα
1121 4372 1153 4437 ἐν
1168 4368 1348 4461 δστιρῆμιι

227 4522 283 4572 (λιν.
299 4523 318 4572 1.
335 4551 369 4561 -
388 4524 409 4573 1.
426 4518 508 4588 γόαην
524 4525 575 4573 cod.
587 4526 660 4574 λὀλίο.
695 4526 785 4591 Gypen
801 4528 887 4599 λιρίλιοζ
901 4530 972 4579 etiam
987 4532 1014 4579 λα
1028 4530 1133 4581 mim
1146 4530 1267 4585 cnd-

224 4594 248 4642 ¹2.
265 4589 360 4644 ἑαυτῶν
376 4605 423 4641 mn
438 4596 556 4653 comparet
572 4594 598 4641 ιἰι
613 4595 665 4643 cod.
676 4594 773 4659 λλεδὶρ.
