3046 5084
389 332 523 385 ranaau
541 333 638 387 erar.
653 336 734 387 ron.
746 337 778 388 n.
796 337 895 388 aean
910 335 1031 388 xxnrn.
1202 312 1284 392 '223

44 504 50 516 .
136 463 202 517 anto
216 451 355 516 diximus.
389 453 491 535 Atque
504 450 572 514 itti
563 452 620 535 spei
635 462 704 516 rent
717 472 792 536 qnos
807 451 917 518 Paulas
925 458 1023 538 sulm
1033 462 1386 538 membranaceum

136 558 280 635 opmoios
299 554 449 624 subdotus,
475 554 709 633 hunosamoter
728 575 760 614 re
779 559 809 614 io
829 560 968 634 apostolor
990 560 1106 618 caran
1304 527 1336 580 ¹¹¹
1349 528 1380 572 u.

217 653 362 719 Matthaei
383 653 461 716 euim
484 651 640 734 evangelio
662 672 720 714 noa
741 653 874 736 integro,
905 658 956 718 sed
979 676 1019 719 ex
1041 668 1122 741 parte
1144 659 1285 725 duntaxat
1304 673 1362 740 cop.
1382 674 1412 724 v.

135 768 266 834 utuntur,
291 755 427 818 nimirum
444 763 564 837 propter
578 752 793 836 genealogiam,
816 774 890 837 quae
906 755 970 818 eius
984 768 1029 819 est
1044 758 1141 821 caruis
1157 761 1284 844 propria,

134 859 209 941 quod
234 857 350 940 quidem
371 854 517 938 evangeiii
538 854 734 917 testimonium
756 855 898 933 afferunt,
932 866 1017 940 atque
1041 857 1082 920 ita
1100 860 1284 944 praedicant.

135 961 254 1042 Suffioet
270 959 424 1035 disceptabo
446 959 854 1035 essetneutorrgr‘rtcrerirr.
901 956 1383 1042 Quidrgitur,1nquruutiatuu

136 1057 338 1123 Circumcisus
360 1067 406 1120 est
424 1054 525 1119 iesus·
557 1067 588 1119 tu
607 1077 721 1140 quoquo
741 1057 804 1142 ipse
823 1058 1043 1122 circumcidere
1089 1056 1226 1124 Christus
1246 1082 1286 1125 ax
1298 1032 1332 1085 κ’
1344 1034 1377 1074 ²⁵

137 1160 211 1242 legis
227 1158 406 1244 praescripto
424 1156 512 1220 vitam
529 1157 672 1221 instituit:
697 1169 727 1221 tu
745 1159 835 1242 igitur
852 1160 953 1222 euclem
973 1162 1073 1224 tacito.
1120 1161 1197 1225 Hinc
1212 1185 1286 1226 uou-

137 1260 208 1324 nnth
225 1259 269 1322 sic
285 1261 322 1323 ab
340 1259 397 1323 iilis
415 1270 551 1342 tanquam
574 1260 727 1323 venenatis
744 1261 928 1344 serpentibus
946 1261 1060 1347 abrepti
1077 1264 1284 1327 erasionibus

136 1363 251 1425 illorum
266 1360 426 1425 rationibus
441 1360 657 1439 assentiuntur,
681 1382 721 1424 ex
739 1382 774 1424 eo
790 1363 916 1425 maxime
934 1364 1009 1446 quod
1026 1374 1055 1427 et
1072 1359 1209 1428 Christus
1227 1366 1284 1428 cir-

137 1463 340 1527 cumcisionem
361 1462 533 1545 susceperit.
579 1459 664 1544 Quod
689 1463 723 1525 ad
747 1460 869 1527 Paulum
891 1466 1033 1546 pertinet,
1068 1465 1144 1528 hunc
1168 1467 1284 1551 penitus

138 1565 313 1650 explodunt,
337 1575 492 1649 propterea
507 1564 631 1647 qnod
606 1565 856 1628 curcumcisiouem
872 1566 1028 1643 abdicarit,
1053 1578 1082 1629 ct
1100 1570 1224 1632 eundem
1240 1569 1283 1632 id·

137 1667 215 1730 circo
233 1665 384 1743 reiicinut,
414 1666 490 1748 quod
509 1665 586 1728 istud
606 1666 803 1747 usurpaverit:
836 1671 1029 1748 Qur'cuoqme'
1015 1691 1044 1729 ιιι
1063 1672 1126 1749 lege
1144 1673 1281 1750 scrufica-
1294 1689 1372 1733 cerac

136 1773 217 1842 mrira',
240 1771 371 1847 agretia
385 1771 549 1828 eacriirbta‘s:
573 1775 620 1842 eb,
645 1770 682 1827 Sr
695 1771 946 1842 cricumcriiamr'rrr,
974 1774 1102 1831 Charitas
1117 1775 1192 1833 nr'leil
1204 1741 1314 1833 uobrb⁶’
1307 1741 1371 1795 Ἠ

128 1873 267 1950 proderet

217 1969 266 2033 Aa
284 1969 357 2032 haec
374 1964 534 2032 Cerinthus
552 1967 636 2030 homo
653 1966 792 2045 stolidus,
816 1990 851 2030 ac
869 1968 1037 2034 stolidorum
1057 1973 1213 2055 magister,
1237 1975 1280 2036 di·
1298 1979 1358 2047 cap.
1374 1982 1416 2032 Vt.

133 2091 201 2135 cere
217 2070 288 2134 nihii
306 2081 352 2133 ast
366 2071 495 2146 veritus,
526 2089 644 2154 passum
661 2069 774 2151 qnidam
793 2090 827 2131 ac
844 2070 1013 2134 crucifixum
1030 2093 1098 2136 esse
1118 2071 1279 2154 Christum,

133 2173 261 2236 noudum
278 2183 373 2234 tamen
392 2193 410 2235 a
430 2171 552 2234 mortuis
568 2171 744 2247 cxcitatum,
769 2191 804 2232 ec
822 2181 881 2232 turn
897 2173 1010 2234 demum
1029 2194 1092 2236 cum
1111 2177 1216 2237 mortui
1234 2197 1282 2249 re·¹

133 2285 255 2359 surgent
270 2293 373 2336 omues
390 2273 589 2336 excitandum.
618 2269 720 2355 ltaque
733 2272 876 2335 eiusmodi
891 2273 1005 2335 ittorum
1024 2286 1053 2336 et
1071 2274 1147 2338 dicta
1165 2287 1195 2338 et
1211 2278 1282 2359 dog·

133 2388 210 2441 enata
231 2375 392 2438 cohaerere
414 2375 492 2437 nulio
515 2375 601 2437 modo
627 2385 758 2458 possunt.
809 2371 891 2436 inditi
876 2374 997 2456 iemqua
1023 2372 1132 2438 Paulus
1159 2379 1203 2440 sic
1230 2398 1282 2441 eos

133 2479 181 2563 qui
198 2486 419 2542 resurrecturos
436 2487 566 2539 mortuos
582 2476 742 2539 diffiderent
755 2476 917 2558 redarguit
952 2480 989 2536 Se
1000 2482 1107 2537 mortua
1118 2500 1173 2540 noo
1185 2501 1282 2540 rmor-
1296 2488 1420 2584 hitto:
1359 2491 1420 2544 r15.

130 2593 220 2660 gunt,
248 2601 337 2660 nepae
354 2581 482 2639 Chritus
498 2582 666 2639 commonet.
712 2575 738 2640 F
741 2577 881 2660 odemque
899 2579 1024 2661 pertinet
1041 2578 1126 2642 ittet:
1158 2585 1282 2642 Edonus
1320 2542 1406 2636 otuu

133 2694 162 2744 et
182 2683 323 2754 habemas,
354 2701 420 2741 cres
440 2683 512 2741 enain
529 2684 688 2741 meamne
735 2678 812 2741 Turn
831 2680 925 2741 istutl.
957 2683 1054 2740 Nolite
1071 2703 1187 2756 errare5
1218 2704 1281 2742 eor·

132 2795 265 2863 rumpuat
281 2784 365 2843 bonos
379 2804 470 2844 mores
483 2785 622 2862 eochae'u
634 2801 734 2862 proco.
779 2781 827 2843 Ac
845 2802 960 2844 rursum
978 2801 1042 2859 eos,
1065 2782 1113 2864 qui
1131 2779 1281 2848 Christum

134 2884 226 2947 adhue
243 2884 443 2947 rerurrexisse
462 2892 621 2966 negarent,
653 2882 708 2945 hoc
726 2883 810 2945 modo
828 2883 992 2946 convincit:
1024 2887 1061 2945 Si
1075 2888 1207 2948 Christus
1224 2909 1281 2949 eon

133 2990 306 3059 recurrerat,
329 3007 402 3048 euna
419 2997 463 3047 est
473 2989 649 3065 praedabutio
664 2995 777 3057 noetrc,
801 2988 893 3046 ιἰιιιιιὶι
907 2988 1019 3064 etfider
1036 2997 1145 3048 umbo:
1174 2993 1280 3049 obveni·

133 3098 301 3149 murum
314 3101 345 3149 et
348 3091 428 3170 salsi
443 3100 525 3150 testes
541 3090 589 3149 dei
593 3132 602 3160 ,
634 3090 761 3166 quantiam
774 3092 922 3148 suscitavit
939 3091 1097 3162 Cbrabtum,
1128 3111 1206 3169 quem
1224 3111 1280 3150 non

131 3193 287 3251 ιιιειιῖιιιιὶι.
333 3187 448 3272 Quibus
469 3189 594 3266 iudicat,
627 3183 776 3251 Christum
799 3209 817 3251 a
840 3189 961 3252 mortuis
984 3189 1143 3254 excitatum
1168 3190 1281 3274 praedi·

131 3311 216 3356 casse
238 3290 353 3374 quidem
374 3290 540 3376 apostolos,
572 3291 710 3373 quasdam
730 3309 801 3354 aare
821 3290 959 3354 haereses
979 3293 1092 3356 tametsi
1110 3291 1282 3357 surrexisse

131 3388 283 3458 Christum
312 3403 500 3471 assererent,
536 3402 714 3455 mortuorum
743 3401 839 3454 tamen
864 3393 1111 3455 resurrectionem
1141 3410 1278 3473 negasse.

130 3491 248 3559 Etenim
271 3495 303 3558 iu
326 3495 379 3557 hac
400 3493 463 3579 ipsa
482 3494 603 3577 regione
624 3492 732 3571 Asiae,
766 3513 820 3556 uec
843 3516 901 3557 nou
925 3505 954 3556 et
977 3493 1007 3555 in
1028 3492 1145 3557 Galatia
1163 3492 1279 3558 iliorum

131 3596 272 3661 eiusmodi
297 3596 398 3660 scheba
420 3594 587 3680 cumprimis
611 3615 646 3658 ac
670 3595 820 3681 disciplina
844 3595 953 3659 floruit.
1003 3591 1050 3656 De
1075 3615 1132 3676 qno
1156 3594 1233 3659 istud
1260 3617 1278 3659 a

128 3697 288 3762 maioribus
305 3699 440 3761 traditum
456 3696 640 3783 accepimus,
671 3698 825 3761 nonnullos
841 3718 882 3760 ex
898 3717 934 3759 eo
952 3714 1063 3777 genera
1081 3695 1154 3759 citra
1170 3695 1277 3780 baptis·

128 3821 206 3863 mum
229 3800 416 3879 excessisse,
446 3821 481 3862 ac
502 3822 554 3884 pro
577 3800 613 3863 iis
636 3799 709 3863 elios
731 3799 902 3884 baptismum
925 3797 1093 3862 eorumdem
1112 3799 1277 3884 suscepisse

128 3901 265 3980 nomiae,
297 3921 335 3965 ne
359 3922 425 3964 cnm
446 3912 580 3965 extrema
601 3902 714 3964 demum
737 3899 954 3964 resurrectione
975 3901 1106 3964 revocati
1127 3901 1163 3965 ad
1185 3901 1275 3966 vitam

128 4013 245 4082 essem,
277 4003 476 4089 praetermissi
497 4002 631 4088 baptismi
653 4022 763 4088 poenas
785 4002 999 4085 dependerent,
1033 4013 1119 4088 atquc
1140 4003 1204 4066 eius
1227 4003 1276 4085 qui

127 4104 265 4169 muudum
287 4105 416 4168 condidit
438 4104 627 4167 dominationi
647 4104 814 4167 subessent.
861 4098 953 4167 Cuius
975 4103 1018 4167 rei
1039 4107 1132 4191 gratia
1154 4126 1276 4189 usurpa·

126 4216 187 4271 ῑιιιι
203 4206 275 4271 ittet
291 4207 328 4269 ab
343 4205 476 4292 apostolo
493 4206 592 4268 eadem
608 4207 643 4268 ad
662 4225 716 4267 nos
730 4204 879 4268 auditione
894 4206 1035 4291 perlatum
1051 4220 1113 4271 est:
1138 4211 1176 4269 Si
1187 4212 1426 4281 nantuacense

128 4329 164 4369 no
181 4314 288 4372 mortui
305 4332 361 4373 non
378 4319 550 4387 resurgunt,
580 4311 650 4387 qrn'd
667 4311 800 4386 estquod
816 4309 996 4388 baptizantur
1009 4333 1064 4391 pro
1082 4315 1173 4390 abach?
1215 4306 1277 4372 Ve-

129 4428 193 4472 rum
213 4410 263 4473 alii
285 4412 434 4475 communie
458 4397 512 4472 hoc
535 4408 657 4492 apostoli
679 4409 784 4472 dictum
803 4408 1031 4496 interpretantur
1052 4413 1087 4475 de
1111 4411 1145 4475 iis
1165 4410 1211 4495 qui
1232 4410 1276 4473 in·
