3046 5084
365 303 498 355 numann
516 304 580 356 ntae
590 306 611 356 1.
629 305 711 357 rora
726 307 768 358 tn.
784 307 883 358 nunn.
897 307 1047 357 xxxam.
1221 296 1282 358 509

131 421 170 485 tia
188 422 237 487 vel
250 423 285 485 ad
299 424 466 508 usurpanda
481 423 527 488 dci
541 423 683 510 mysteria
699 426 902 505 convenimus,
927 426 1034 489 nullum
1052 425 1202 490 nobiscum
1217 447 1282 490 sce·

129 525 194 604 lus,
226 525 403 612 voluptatem
427 526 552 605 nnllam,
584 526 679 591 nullas
703 547 767 590 eum
793 548 936 611 quoquam
959 528 1138 606 simultates,
1173 529 1280 592 nullum

130 625 256 712 deniqne
272 628 302 691 in
322 628 426 692 animis
443 629 553 692 nostris
570 627 763 712 improbitatis
778 628 933 712 vestigium
951 629 1117 692 ederamus.
1163 630 1281 712 Alioqui

131 731 277 812 quomodo
291 731 452 794 columbam
466 729 655 808 imitabimur,
672 730 729 794 nisi
743 731 869 793 malitiae
882 730 973 793 simus
988 734 1146 815 expertes?
1174 728 1282 813 Quam·

132 852 216 914 qnam
235 854 328 914 genus
345 832 414 896 illud
430 832 527 896 avium
545 854 604 896 non
623 834 701 896 omni
719 854 757 896 ex
776 844 858 917 parte
878 831 1020 895 laudabile
1036 834 1085 895 sit.
1132 831 1187 896 Est
1205 835 1280 897 enim

130 934 305 1019 propensius
321 935 350 998 in
365 935 529 1014 libidinem,
554 955 590 999 ac
603 935 681 998 coitn
698 934 878 1018 frequentius
891 935 999 1013 utitur,
1023 944 1121 1019 utpote
1137 937 1282 999 salacissi-

129 1056 206 1098 mnm
233 1048 261 1098 et
287 1026 489 1121 voluptriosnm
512 1036 635 1114 animal,
670 1038 744 1100 adde
765 1037 940 1100 imbecillum
966 1047 996 1099 et
1022 1037 1171 1120 ignavum.
1222 1037 1281 1103 Sed

131 1137 206 1222 qnod
220 1138 296 1201 idem
308 1139 425 1202 minime
442 1139 546 1202 malum
561 1140 733 1223 patiensque
747 1139 796 1217 sit,
819 1159 873 1201 arec
888 1139 1012 1202 iniuriae
1027 1140 1202 1219 meminerit,
1222 1151 1280 1203 tum

130 1260 202 1303 vero
218 1241 294 1324 quod
311 1240 461 1304 columbae
478 1241 577 1326 specie
591 1241 711 1325 spiritns
727 1251 845 1304 sanctus
859 1241 1042 1325 apparuerit,
1065 1242 1188 1327 idipsum
1207 1244 1282 1325 quod

130 1342 243 1428 spiritui
261 1353 364 1406 sancto
380 1353 495 1427 gratum
512 1365 545 1406 ac
561 1343 717 1407 iucundum
734 1353 796 1419 est,
826 1343 991 1406 innocentis
1008 1344 1157 1408 columbae
1173 1346 1281 1430 simpli-

130 1445 246 1509 citatem
261 1443 369 1508 imitari
389 1466 442 1508 nos
460 1445 506 1508 dei
522 1434 653 1513 Verbum
670 1447 836 1526 admonuit,
868 1459 915 1523 ut,
947 1447 1022 1528 quod
1039 1448 1074 1509 ad
1092 1447 1196 1510 bonum
1215 1450 1281 1511 atti-

130 1558 196 1626 net,
228 1547 386 1633 prudentes
409 1557 439 1610 et
457 1546 588 1627 callidis,
602 1547 763 1615 sarmatum
782 1569 853 1611 vero
871 1549 1017 1633 simplices
1035 1568 1101 1613 esse
1119 1549 1279 1614 videamur.

131 1645 197 1730 Qua
212 1651 328 1713 ratione
343 1651 437 1713 omnis
454 1650 572 1713 illorum·
582 1650 757 1717 machinatio
775 1650 954 1714 dissolvitur.
994 1648 1071 1714 Nam
1089 1663 1119 1714 et
1134 1653 1281 1736 apostolus

128 1753 338 1816 vewratoriam
357 1752 545 1816 calliditatem
563 1761 593 1815 et
611 1753 750 1816 malitiam
769 1753 1009 1816 abundantiorem
1029 1754 1098 1816 nulli
1118 1777 1203 1838 qnam
1221 1755 1281 1827 dia·

129 1854 197 1917 bolo
216 1875 251 1919 ac
268 1856 396 1939 serpenti
416 1854 527 1917 tribuit.
576 1859 683 1928 Trineo,
707 1855 817 1938 inquit,
842 1878 877 1916 ne
892 1860 970 1916 arcet
983 1877 1097 1935 sarpam
1110 1861 1214 1918 Herem
1233 1868 1431 1927 set-coctas.

131 1961 216 2019 ducit
227 1969 333 2043 astutae
347 1979 411 2031 suu,
436 1962 476 2018 itu
490 1969 708 2038 corrumpentem
722 1979 821 2018 sensus
835 1963 933 2031 nestri,
956 1969 986 2017 et
998 1963 1131 2019 accidunt
1143 1981 1161 2019 u
1175 1963 1282 2040 sr'rnplr‘·

130 2065 215 2121 nitate
235 2071 263 2122 ct
283 2065 414 2123 casalata
429 2063 538 2121 Christi
555 2081 590 2121 ac
611 2064 730 2121 abablius
779 2057 852 2123 Vide
871 2069 902 2121 ut
919 2079 994 2143 quae
1012 2071 1114 2124 contra
1131 2058 1246 2124 llevam
1264 2083 1280 2124 a

131 2173 268 2245 serpente
290 2171 401 2228 structa
423 2172 491 2225 sunt
513 2162 708 2246 corruptelam
731 2170 760 2225 et
776 2161 981 2246 nequissimam
998 2163 1133 2225 astutiam
1152 2185 1186 2227 ac
1204 2167 1282 2227 irau-

130 2265 194 2328 dem
210 2265 359 2350 apostolus
376 2284 444 2328 essc
459 2264 644 2349 pronuntiet,
670 2282 764 2348 neque
781 2263 866 2327 laude
883 2263 1001 2348 dignum
1020 2264 1162 2349 quispiam
1180 2266 1281 2331 abillo

131 2377 326 2452 perpetratum
350 2367 478 2430 deliniat.

224 2468 373 2553 Quocirca
398 2470 477 2533 omni
506 2490 547 2533 ex
572 2479 654 2555 parte
679 2469 795 2533 illorum
820 2468 1030 2553 constringitur
1059 2491 1093 2533 ac
1119 2470 1285 2535 declaratur
1303 2478 1416 2546 CaplX.

131 2571 275 2650 amentia,
299 2573 324 2635 si
342 2571 405 2656 qnia
424 2571 556 2636 veritatis
574 2572 735 2635 doctrinam
751 2592 786 2636 ac
802 2572 921 2657 spiritns
937 2573 1030 2635 sancti
1044 2573 1196 2636 scientiam
1212 2574 1283 2636 velit

130 2674 294 2760 percipere.
340 2671 400 2738 Sed
421 2695 457 2738 ne
476 2685 588 2760 tempus
605 2673 682 2738 ultra
699 2687 867 2754 conteram,
892 2674 945 2738 bac
963 2675 1042 2739 uelut
1061 2675 1165 2739 difficili
1182 2696 1217 2738 ac
1233 2696 1283 2760 pe·

130 2775 257 2840 riculosa
276 2777 368 2862 pelagi
385 2786 558 2862 tempestate
571 2780 753 2863 perfunctus,
775 2777 909 2861 scapham
927 2778 962 2840 ad
977 2778 1050 2841 alins
1065 2778 1281 2861 navigationum

130 2899 234 2943 cursus
256 2879 428 2965 expediam,
460 2881 533 2943 adeo
555 2891 587 2943 ut
607 2882 706 2943 lances
725 2880 802 2965 ipsas
821 2880 951 2943 studiose
970 2891 1103 2959 teneam,
1136 2881 1233 2944 divina
1253 2881 1281 2944 vi

130 3002 165 3046 ac
181 2993 348 3047 sauctorum
367 2982 502 3068 precibus
519 2983 665 3060 conlisus,
689 2994 721 3049 nt
736 2993 767 3046 et
781 2982 970 3047 vehementes
988 2984 1056 3047 irati
1072 2985 1160 3047 maris
1178 2983 1281 3047 llnctus

129 3097 160 3150 ct
177 3096 387 3150 venenatarum
403 3085 511 3148 ibidem
527 3084 685 3149 bestiarum
702 3085 816 3169 species
833 3087 1045 3170 praetereundo
1059 3088 1220 3164 videamus,
1237 3087 1281 3149 ni-

128 3188 225 3273 bilqne
246 3188 332 3251 nobis
354 3189 472 3251 interim
491 3208 695 3251 muraenarum
721 3199 770 3250 aut
789 3189 957 3272 pastinacae
980 3199 1030 3252 aut
1048 3190 1209 3253 dracaenae
1231 3200 1280 3251 aut

127 3291 269 3355 carcharii
290 3291 340 3354 vel
356 3311 537 3376 scorpaenae
559 3292 641 3354 virus
664 3291 746 3353 exitii
769 3291 890 3370 alferat,
922 3313 957 3355 ac
977 3294 1091 3354 demum
1110 3294 1145 3354 ad
1165 3290 1277 3353 lelicem

129 3393 262 3459 veritatis
284 3403 398 3479 portum
421 3393 556 3477 precibus
578 3403 609 3456 et
630 3393 811 3456 orationibus
834 3396 898 3457 lreti
921 3394 1069 3478 navigium
1090 3393 1278 3478 appellamus,

129 3507 159 3561 ut
183 3498 255 3561 haec
279 3497 308 3560 in
333 3496 417 3560 nobis
438 3517 508 3559 vera
531 3496 570 3559 sit
591 3497 755 3581 scripturae
776 3496 939 3560 sententia:
973 3501 1029 3574 Qui
1047 3501 1185 3576 nenegant
1203 3517 1279 3557 mure
1293 3507 1380 3602 lippatprp

127 3606 245 3663 obtures
266 3604 518 3662 domr‘rar‘norrunt.
565 3600 612 3662 aa
630 3600 750 3663 alteram
771 3600 859 3685 igitur
876 3600 1030 3682 deinceps,
1064 3608 1094 3662 ut
1111 3599 1138 3661 id
1157 3619 1277 3662 narrare
1330 3591 1336 3614 '
1376 3590 1382 3602 ⁸

127 3703 289 3789 possimus,
312 3703 521 3787 profectionem
544 3702 735 3787 accingimur.

369 3943 710 4051 ADVERSUS
751 3941 1040 4035 llAIANOS,

297 4087 379 4160 quae
406 4070 457 4141 eal
482 4064 630 4157 haeresis
649 4062 799 4157 XVIII,
826 4065 896 4140 sire
915 4060 1113 4138 XXXVIII.

213 4213 272 4299 Qui
288 4213 392 4281 Caiani
410 4217 497 4300 vulgo
513 4197 717 4303 nuncupantur
732 4218 868 4281 haeresin
885 4238 968 4281 snam
985 4238 1003 4279 a
1018 4212 1112 4280 Caino
1127 4213 1276 4298 cognomi
1295 4223 1354 4291 cip.
1366 4224 1384 4271 1.

128 4330 245 4385 narunt.
292 4319 379 4384 Ilnnc
395 4319 473 4383 enim
490 4321 675 4405 praedicant,
699 4333 729 4385 et
748 4331 897 4406 parentem
915 4341 999 4384 suum
1017 4318 1171 4404 appellant.
1218 4312 1277 4400 Qui

129 4424 243 4510 qnidem
260 4423 368 4505 variis,
400 4435 433 4488 ut
448 4423 490 4486 ita
507 4423 618 4504 dicam,
650 4446 666 4490 e
682 4426 818 4490 {luctuum
834 4423 1037 4489 iactationibus
1053 4422 1159 4487 emersi
1174 4421 1276 4486 eodem
