3046 5084
397 347 532 400 Psttstut
547 347 609 398 ΠΙ.
621 350 642 399 Ι.
656 349 737 401 'NE
750 351 783 403 tt.
796 350 897 402 ΗΔΕΒ.
908 351 1009 402 XXIX.
1211 340 1268 401 232

136 486 193 527 nou
211 466 248 529 sit
266 465 295 528 in
311 467 471 541 selvatore,
495 465 620 547 quodid
640 485 756 529 urcem
771 443 907 548 pertinet,
931 469 1082 552 aliquando
1098 473 1267 550 pericolum.

136 564 201 628 ldoc
216 568 291 629 euius
306 577 374 630 sunt
389 569 437 649 qui
453 575 560 649 negent
575 564 723 648 impletum
739 567 848 644 luisseq
872 590 925 631 uos
943 581 1035 631 tanuen
1053 568 1136 651 plane
1148 569 1188 631 ita
1202 592 1270 633 con-

135 667 236 748 tigisse
260 667 497 731 monstrabimus.
543 663 633 729 Nulla
658 667 735 729 enirn
759 668 806 730 vel
831 667 947 731 miniosa
973 669 1087 732 divinae
1111 670 1272 752 scripturae

135 769 222 831 dictio
244 781 339 854 potest
361 770 511 831 excidere.

217 871 365 953 Quocirca
382 870 505 932 thronus
526 868 574 930 illc
590 866 713 931 Doridis
732 890 767 931 ec
786 871 886 952 regale
906 871 1010 933 solium
1034 869 1104 949 uiuit
1128 871 1203 933 alind
1226 882 1271 934 est
1291 887 1404 951 eapttt.

134 993 218 1055 quam
237 971 382 1034 ecclcsiae
399 980 518 1033 sancus
533 970 744 1049 sacerdotium,
768 972 843 1055 qood
861 972 942 1054 regis
965 971 1051 1043 simol
1075 992 1110 1034 ao
1129 973 1273 1054 pontilicis

135 1073 276 1155 dignitato
297 1073 326 1133 in
344 1092 432 1134 unum
448 1080 594 1134 contracta
612 1070 639 1133 ci
655 1072 789 1134 dominus
808 1071 954 1147 attribuit,
985 1094 1019 1136 sc
1036 1071 1156 1138 Davidis
1178 1085 1272 1137 aeter·

136 1195 203 1235 nuni
222 1173 291 1235 illud
311 1192 403 1255 neque
422 1173 577 1257 periturum
597 1195 720 1256 unquam
739 1174 841 1236 solium
859 1174 888 1236 in
908 1174 1028 1236 eandem
1044 1175 1176 1238 contulit.
1208 1173 1272 1239 lllic

136 1275 212 1335 erriru
227 1271 369 1337 Dauidica
392 1274 477 1336 sedes
498 1284 636 1357 perpetua
658 1277 845 1338 successione
871 1276 905 1338 ad
924 1271 1073 1339 Christum
1092 1297 1182 1360 usqne
1205 1297 1269 1358 per-

135 1375 258 1453 rnansit,
281 1396 344 1438 curn
363 1375 441 1437 nullo
458 1394 580 1457 usqum
598 1384 727 1459 tempore
746 1377 782 1439 de
803 1374 892 1439 ludas
908 1377 985 1440 tribu
1003 1377 1147 1462 principes
1165 1379 1267 1442 desiis-

135 1485 213 1551 sent,
236 1476 328 1539 donec
342 1474 390 1538 ille
407 1476 488 1538 uenit
503 1481 553 1536 eui
564 1482 686 1557 reposito
699 1490 791 1540 ercet.
836 1482 876 1540 Et
892 1485 959 1558 epse,
983 1479 1094 1562 inquit,
1111 1486 1330 1560 ecpeetouccen.
1340 1502 1371 1551 u.
1386 1503 1416 1545 u.

127 1583 266 1656 ‚gennem
311 1575 427 1639 Etenim
449 1577 504 1640 suls
524 1580 679 1640 adveutum
698 1575 809 1643 Christi
825 1581 933 1643 domiui
953 1581 1040 1644 desiit
1063 1581 1098 1643 de
1123 1581 1198 1643 tribu
1218 1578 1265 1644 lu·

134 1680 187 1740 dac
204 1677 360 1762 principum
377 1679 425 1740 illa
442 1681 608 1756 successio,
640 1680 688 1763 qui
712 1682 748 1743 ad
768 1682 797 1744 id
818 1702 908 1764 usque
927 1693 1039 1765 tempus
1057 1681 1153 1765 populi
1176 1684 1264 1746 duces

132 1783 256 1843 fueraut.
299 1778 377 1843 Nam
393 1791 452 1842 tum
469 1780 517 1842 illa
530 1780 625 1842 series
640 1781 787 1844 intercidit
807 1803 842 1844 ac
858 1803 1011 1866 suppressa
1028 1785 1141 1866 pertitus
1164 1795 1225 1860 est,
1241 1791 1265 1846 'a

129 1902 187 1964 quo
206 1879 341 1946 Christus
355 1879 534 1957 Bethleem,
558 1881 634 1964 quod
653 1892 698 1944 est
715 1879 840 1945 iudaeae
857 1884 1008 1967 oppidum,
1031 1885 1060 1946 in
1082 1885 1159 1948 hanc
1173 1886 1265 1949 lucem

129 1982 225 2047 editos
238 1993 296 2061 est,
318 1982 404 2066 idque
420 1981 493 2045 odeo
510 1982 564 2046 sub
581 1983 752 2045 Alexandro
768 1982 900 2065 contigit,
924 1984 972 2067 qui
986 2005 1003 2048 e
1020 1986 1202 2057 sacerdotum
1217 2008 1265 2071 pa·

128 2081 204 2147 riter
218 2104 254 2146 ao
269 2104 370 2168 regom
386 2083 477 2168 stirpe
493 2093 560 2147 erat
573 2081 726 2147 oriundus.
757 2082 807 2145 At
823 2083 906 2147 huius
926 2084 1014 2166 igitur
1031 2086 1195 2148 Alexandri
1213 2108 1267 2149 uec

130 2206 189 2249 non
210 2196 241 2248 et
256 2182 411 2264 Ssalinae,
440 2205 514 2267 quae
532 2196 563 2248 ει
576 2185 747 2248 Alexandra
767 2194 869 2247 veeste
888 2195 953 2263 est,
980 2196 1110 2268 ternpore
1133 2207 1199 2250 sors
1222 2200 1267 2250 cst

130 2286 176 2350 illa
191 2287 275 2371 requi
290 2286 475 2370 conditioque
492 2287 618 2361 sublata,
642 2306 705 2349 cum
721 2284 857 2351 Herodes
871 2284 1005 2363 iudaeae,
1027 2286 1181 2371 Augustus
1195 2309 1266 2351 vero

129 2386 330 2452 Romanorum
347 2388 500 2470 imperium
516 2388 673 2452 obtineret.
715 2385 756 2450 Et
768 2386 882 2472 quidem
896 2389 1069 2453 Alexander
1082 2388 1131 2451 ille
1152 2411 1227 2453 unus
1250 2410 1266 2452 c

130 2486 334 2566 Christorunr,
356 2490 412 2551 hoc
431 2501 477 2551 est
492 2501 662 2569 unctorum,
684 2490 844 2573 ducumque
861 2511 982 2553 numero
1001 2491 1132 2553 diadema
1153 2491 1267 2552 sibimet

129 2591 278 2677 imposuit.
325 2588 399 2655 Cum
419 2591 495 2653 enim
513 2593 587 2655 duae
604 2591 729 2654 invicem
745 2591 836 2655 trilros
853 2592 1025 2655 coniunctae
1043 2591 1178 2668 luissent,
1197 2612 1265 2674 qua·

129 2714 194 2756 rum
211 2694 302 2757 altera
319 2693 416 2774 regni,
437 2693 592 2756 sacerdotii
607 2693 699 2756 altero
717 2692 763 2757 ius
780 2693 912 2773 habebat,
934 2706 1054 2777 cratque
1070 2690 1158 2756 ludae
1173 2693 1263 2777 prior,

130 2794 276 2878 posterior
292 2794 421 2858 daronis
446 2816 480 2858 ae
502 2793 655 2858 Leviticae
679 2796 775 2878 gentis
797 2796 968 2872 universae,
1001 2796 1068 2858 inde
1094 2798 1266 2858 factumest

130 2896 219 2958 iidem
234 2906 267 2959 ut
279 2916 366 2980 reges
385 2918 420 2959 ao
436 2901 604 2960 secerdotes
621 2906 731 2959 essent.
774 2894 880 2981 Neque
900 2897 976 2961 enim
996 2897 1082 2960 ullium
1102 2918 1143 2960 ex
1162 2899 1265 2960 obscu-

129 2997 173 3059 ris
187 3017 336 3061 acrarum
353 2998 500 3061 literarum
521 2999 646 3061 oraculis
659 2999 786 3061 varitate
799 3020 852 3062 sua
868 2998 972 3062 caruit.
1011 2999 1088 3062 Tum
1102 3000 1189 3083 igitur
1204 2998 1266 3061 lle-

129 3099 218 3163 rodes
240 3118 296 3162 rex
321 3100 482 3184 alienigena
507 3100 659 3163 summotis
683 3098 806 3163 Doridis
828 3102 953 3185 posteris
977 3102 1106 3165 diadema
1130 3101 1262 3185 sumpsit.

128 3200 229 3284 Atque
246 3201 357 3286 imperii
379 3202 492 3264 denum
514 3202 589 3264 solio
603 3203 786 3285 peregrinum
803 3201 834 3265 in
852 3203 994 3266 hominem
1012 3204 1185 3266 translatos
1202 3222 1266 3264 car-

128 3303 203 3367 nalis
220 3301 308 3367 ludse
327 3303 433 3367 familia
450 3325 485 3366 rc
504 3302 715 3387 Hierosolymis
734 3324 785 3388 per
801 3300 947 3369 Christum
966 3305 1047 3388 regia
1063 3317 1109 3368 est
1125 3306 1155 3367 io
1171 3303 1266 3366 eccle·

128 3407 201 3469 dani
220 3407 366 3468 trsoslnsa
381 3405 517 3487 dignitas.
555 3401 648 3468 Cuius
665 3405 752 3469 sedes
766 3408 801 3470 ad
815 3407 940 3470 omnium
959 3406 1177 3492 perpetuitatem
1193 3415 1265 3466 teni·

128 3528 231 3592 porn-
246 3506 277 3569 in
295 3507 397 3569 eedem
414 3507 475 3592 ipsa
496 3507 669 3585 constituta,
692 3527 732 3570 ex
748 3507 895 3571 ambarum
911 3508 1097 3591 dignitatum,
1120 3506 1201 3589 regni
1221 3506 1265 3567 vi·

128 3610 234 3673 delicet
256 3631 291 3673 sc
313 3609 468 3672 sacerdotii
491 3608 675 3693 amplitudine
700 3609 850 3673 coalescit.
894 3608 970 3673 Nanr
995 3610 1070 3690 quod
1095 3608 1129 3670 ad
1153 3608 1263 3691 regiani

129 3710 309 3775 maiestatem
332 3712 452 3789 attinet,
476 3732 573 3774 sama
594 3706 713 3774 Cheimo
733 3708 801 3774 lesu
819 3711 935 3774 domiuo
956 3720 1056 3771 nostro
1074 3708 1177 3794 duplici
1199 3709 1263 3772 iure

126 3813 365 3877 communicatam
379 3813 507 3896 accepit,
530 3813 606 3897 quod
620 3822 652 3875 et
669 3813 877 3897 illequatenus
893 3830 981 3873 earne
998 3820 1127 3888 constat,
1150 3812 1185 3873 de
1203 3808 1263 3875 lla-

126 3914 203 3978 uidis
218 3917 309 4000 stirpe
325 3925 498 3999 propagatus
514 3915 613 3994 luerit,
635 3927 666 3977 ει
677 3935 735 3978 rex
749 3914 908 3979 divinitatis
923 3933 1007 3995 qoam
1022 3911 1095 3973 idem
1114 3911 1200 3975 halet
1215 3933 1262 3974 ra-

127 4017 207 4079 tione
224 4017 312 4099 longe
325 4016 364 4079 sit
379 4015 501 4098 amplior
515 4026 545 4078 et
562 4027 711 4080 aeternus.
745 4013 909 4080 Sacerdotii
926 4034 997 4076 vero
1013 4013 1178 4097 dignitatem
1196 4014 1261 4077 ideo

127 4117 249 4182 sortitus
264 4127 308 4180 est
324 4118 398 4200 quod
418 4128 447 4178 et
461 4117 594 4201 poutilex
610 4117 660 4195 sit,
681 4129 712 4179 et
724 4117 888 4200 pontificum
905 4116 1029 4178 oninium
1047 4117 1213 4179 moderator
1228 4136 1262 4177 sc

126 4219 271 4304 princeps.
317 4217 417 4302 Quare
436 4216 559 4281 lacobus
579 4218 645 4295 ille,
669 4218 716 4300 qui
731 4218 839 4281 domini
860 4220 950 4282 irater
971 4218 1128 4303 appellatos
1143 4227 1207 4294 est,
1233 4226 1263 4278 et

127 4320 256 4383 eiusdem
281 4321 446 4406 apostolus,
478 4321 586 4405 primus
611 4319 736 4382 omnium
755 4332 800 4385 est
822 4320 972 4405 episcopus
993 4321 1184 4398 constitutus,
1214 4318 1261 4402 qui

128 4443 194 4484 cunr
215 4419 330 4509 losephi
353 4422 491 4487 naturalis
515 4432 595 4484 essct
611 4420 703 4502 lilius,
727 4421 835 4485 domini
852 4425 940 4486 irater
962 4423 999 4484 ob
1015 4423 1042 4485 id
1061 4432 1181 4484 crocotas
1204 4431 1260 4495 eet,

128 4523 204 4607 quod
226 4524 255 4586 in
277 4528 340 4589 eius
362 4525 496 4588 convictu
518 4545 553 4587 ac
574 4524 782 4588 consuetudine
804 4519 982 4589 versaretur.
