3046 5084
253 329 293 389 90
674 340 795 391 SANCTI
812 339 979 390 EPIPHANH

485 499 623 569 ΚΑΤΑ
650 497 1171 568 ΗΜΕΡΟΒΑΠΤΙΣΤΩΝ.

253 610 405 713 Τετάρτη
433 615 554 713 αίρεοις
575 612 640 689 οἱπδ
668 618 726 689 τοῦ
745 611 970 707 Ἰουδαϊομοῦ,
997 607 1267 703 ἑπτακαιδεκάτη
1293 612 1331 684 δὲ
1357 618 1404 708 τῇ

732 731 917 830 ἀκολουθίᾳ.

119 878 186 947 Κεφ.
204 879 235 933 α’.
342 862 468 940 Ταύταις
485 863 519 929 δὲ
536 866 691 928 συνέπεταί
710 889 754 939 τις
772 865 883 945 αίρεσις
899 857 1174 945 Ἦμεροβαπτιστῦν
1193 857 1272 924 οῦτω
1293 866 1404 925 καλου-

143 990 195 1034 pag.
208 981 240 1024 σε.
254 967 344 1049 μίγη,
367 966 458 1048 μηδὲν
473 966 524 1046 μὲν
539 963 778 1048 παραλλάττουσα
792 969 851 1026 τῶν
866 959 970 1039 άλλων,
992 959 1050 1024 ἄλλ’
1064 965 1114 1026 ίσα
1124 967 1184 1025 τῶν
1201 962 1404 1044 Γραμματέων

250 1069 302 1133 καί
323 1070 495 1150 Φαρισαίων
517 1073 686 1148 φρονοῦσα,
711 1061 748 1128 οῦ
771 1060 831 1144 μήν
854 1064 1024 1144 ἐξισουμένη
1046 1072 1108 1137 τοῖς
1126 1067 1346 1138 Σαδδουκαίοις
1368 1066 1404 1129 ἐν

248 1175 285 1257 τῇ
309 1175 368 1232 τῦν
390 1172 502 1250 νεκρῶν
526 1163 681 1229 άναστάσει
704 1162 797 1246 μόνον
804 1214 813 1241 ,
841 1161 912 1227 άλλόι
930 1171 966 1252 τῇ
989 1161 1109 1250 άπιστίφ
1134 1167 1186 1229 καί
1207 1173 1272 1240 τοῖς
1291 1162 1402 1242 ἄλλοις.

254 1275 348 1333 Τοῦτο
367 1268 399 1330 δέ
415 1264 550 1350 περιττόν
566 1265 641 1346 αῦτη
656 1266 817 1347 κεκτημένη
835 1262 856 1345 ή
870 1267 979 1348 αἵρεσις
985 1315 994 1343 ,
1017 1263 1057 1340 τός
1073 1268 1105 1330 ἐν
1124 1269 1188 1349 ἐαρί
1202 1291 1233 1330 τε
1247 1268 1297 1332 καλ
1314 1292 1401 1348 μετα·

250 1366 359 1457 πόρῳ,
380 1372 498 1449 χειμῶνί
513 1392 544 1431 τε
560 1368 613 1431 καί
634 1369 732 1452 θέρει,
754 1366 878 1431 πάντοτε
900 1368 1077 1451 τιαθημέραν
1094 1371 1301 1449 βαπτίζεσθαι,
1324 1368 1403 1434 ὅθεν

249 1472 301 1535 ναί
320 1468 612 1554 ιἩμεροβαπτιστῦν
632 1472 732 1551 είληφε
748 1465 803 1549 τήν
818 1470 996 1549 ἐπωνυμίαν.
1029 1466 1166 1550 Ἔφασκε
1183 1467 1238 1554 γάρ
1257 1468 1332 1551 αῦτη
1350 1468 1401 1535 άλ-

248 1579 307 1648 λως
328 1597 393 1646 πως
412 1567 452 1652 μή
471 1566 545 1635 εἶναι
564 1577 616 1652 ζῆν
639 1567 808 1658 άνθρόπφ,
829 1571 856 1633 εί
873 1568 914 1651 μή
928 1595 955 1633 τι
971 1567 1030 1653 άρα
1048 1568 1118 1635 καθ’
1138 1569 1262 1652 ἑκάστην
1284 1567 1401 1656 ήμίραν

249 1670 417 1757 βαπτίζοιτό
435 1697 478 1746 τις
500 1674 533 1736 ἐν
555 1671 657 1752 ῦδατι,
680 1668 900 1754 άπολονόμενός
924 1695 954 1735 τε
976 1673 1026 1736 καί
1050 1671 1237 1758 άγνιζόμενος
1258 1669 1318 1738 άπδ
1340 1672 1400 1737 πά-

250 1797 304 1857 σης
325 1777 427 1848 αἰτίας.

118 1895 186 1961 Κεφ.
202 1891 234 1964 β’,
336 1875 421 1961 Πρός
440 1874 550 1958 ταύτην
569 1876 601 1940 δέ
622 1876 673 1940 καί
694 1871 787 1956 αῦτήν
808 1877 839 1952 ἐξ
856 1872 922 1951 ἐνδς
943 1872 1034 1959 λόγου
1051 1871 1124 1957 ήμῖν
1144 1871 1298 1960 άνατροπή
1313 1874 1401 1959 γενή-

249 2000 343 2057 σεται,
366 1976 411 2043 ότι
433 1975 568 2054 άπιστίας
588 1976 656 2062 παρ’
671 1975 774 2052 αὐτοῖς
790 1984 896 2057 μᾶλλον
913 1975 934 2058 ἢ
949 1980 1071 2052 πίστεως
1088 1980 1119 2041 οἱ
1137 1975 1227 2061 λόγον.
1269 1974 1399 2060 Ἐλέγχει

248 2079 305 2167 γάρ
326 2077 435 2155 αύτούς
451 2078 472 2162 ή
491 2084 655 2162 συνείδησις
675 2077 772 2144 αῦτοῦν
793 2078 863 2143 καθ’
886 2077 1010 2160 ἑκάστην
1035 2076 1147 2163 ήμέραν
1165 2080 1399 2161 βαπτιζομίνων,

250 2180 292 2258 οῦς
307 2181 353 2248 ότι
368 2179 390 2264 ή
408 2184 490 2256 ἐλπίς
503 2190 556 2265 τῆς
575 2183 646 2265 γθές
661 2178 773 2267 ήμέρας
787 2178 855 2264 παρ’
873 2177 975 2255 αὐτοῖς
990 2181 1131 2260 τέθνηκε,
1152 2181 1204 2244 καὶ
1220 2177 1241 2262 ή
1256 2185 1354 2256 πίστις
1367 2206 1399 2245 τε

248 2286 301 2350 καί
316 2282 333 2349 ό
347 2282 497 2369 άγνισμός.
541 2288 584 2347 Et
602 2285 654 2366 μὲν
669 2282 724 2367 γάρ
742 2285 773 2346 ἐν
788 2283 833 2345 ἐνί
847 2284 1025 2362 βαπτίσματι
1043 2283 1206 2362 ἐστοίχουν,
1229 2279 1287 2365 άρα
1307 2279 1399 2367 ἐθάρ-

249 2411 323 2469 ρουν
340 2385 451 2474 τούτῳ,
474 2384 515 2462 ω’ς
530 2393 612 2463 ζῶντι
628 2385 680 2448 καί
696 2380 837 2468 άθανάτφ
856 2381 918 2446 όντι
934 2386 976 2458 είς
993 2382 1045 2448 τόν
1063 2386 1172 2447 αἰῶνα·
1195 2380 1284 2448 ὁπότε
1298 2384 1330 2448 δὲ
1347 2382 1400 2466 σή-

249 2513 338 2571 μερον
353 2490 406 2569 μὲν
422 2487 588 2565 ἐλούσαντο,
611 2483 664 2566 οῦχ
678 2486 774 2547 ἕνεκεν
787 2480 920 2559 πλύσεως
934 2483 1084 2566 στόματος,
1106 2482 1176 2548 άλλά
1192 2487 1288 2550 ἕνεκεν
1304 2482 1400 2569 άμαρ-

249 2588 397 2673 νημάτων,
420 2587 478 2672 άρα
496 2585 558 2651 κατ’
575 2583 683 2659 αύτούς
698 2586 901 2667 ἐκαθαρίσθη,
924 2578 1016 2661 αῦθις
1032 2588 1064 2651 δὲ
1081 2594 1118 2675 τῇ
1133 2589 1200 2668 ἑξῆς
1212 2584 1302 2652 πάλιν
1311 2585 1398 2653 λουό-

249 2716 330 2773 μενοι
347 2687 536 2770 άπεφήναντο
555 2685 588 2750 τό
609 2683 761 2769 παρελθόν
783 2689 813 2751 ἐν
836 2694 871 2775 τῇ
894 2687 965 2769 χθὲς
988 2686 1129 2752 τεθνάναι
1153 2688 1312 2771 βάπτισμα.
1356 2692 1401 2754 Et

250 2788 291 2871 μή
308 2789 363 2873 γάρ
383 2787 416 2853 τό
436 2785 494 2870 πρό
513 2794 582 2869 μιᾶς
597 2785 764 2868 ἐτεθνήκει,
787 2785 843 2852 οῦκ
858 2787 894 2852 άν
911 2791 953 2863 είς
973 2787 1027 2871 τήν
1043 2791 1109 2872 ἑξῆς
1125 2792 1226 2870 ἓτέρον
1244 2793 1398 2857 ἐπεδέοντο

249 2888 326 2973 πρός
352 2888 541 2973 καθαρισμόν
572 2886 795 2972 άμαρτημάτων.
841 2892 901 2954 Καί
928 2893 955 2954 εί
980 2890 1055 2966 ὅλως
1080 2888 1135 2956 ούιι
1160 2891 1318 2976 άπίχονται
1344 2902 1398 2960 τοῦ

248 2988 443 3075 άμαρτάνειν,
465 2996 629 3073 νομίζοντες
651 2991 697 3056 ότι
718 2991 751 3057 τό
775 2991 857 3073 ὕδωρ
876 2997 1033 3078 καθαρίσει
1057 2991 1128 3069 τοῦς
1152 2996 1306 3079 ἐνδελεχῶς
1327 2994 1399 3060 καθ’

249 3092 377 3177 ἑκάστην
392 3091 627 3178 ἁμαρτάνοντας,
650 3093 772 3175 μάταιος
791 3091 889 3159 αῦτῦν
903 3092 923 3177 ή
938 3093 1082 3174 ύπόνοια,
1104 3098 1155 3160 καί
1169 3095 1203 3161 τό
1219 3097 1399 3181 ἐπιτήδευμα

248 3200 385 3284 φροῦδον
401 3199 453 3263 καί
473 3198 570 3262 ἕωλον.
618 3193 693 3260 Οῦτε
711 3196 766 3280 γάρ
783 3193 937 3276 Ὠκεανός,
959 3196 1026 3262 ούτε
1041 3197 1137 3262 πάντα
1159 3197 1195 3262 τά
1217 3203 1326 3283 ῥεῖθρα
1345 3203 1399 3265 ναί

248 3299 374 3386 πελάγη,
396 3303 523 3380 ποταμοί
540 3323 570 3363 τε
594 3295 713 3362 άίνναοι
728 3299 778 3363 καλ
794 3301 902 3383 πηγαί,
924 3301 1007 3364 πᾶσά
1021 3325 1052 3364 τε
1069 3296 1090 3381 ή
1106 3297 1289 3386 όμβροτόιως
1306 3298 1398 3379 φύσις

248 3411 433 3469 συνελθοῦσα
451 3399 574 3466 δύναται
590 3397 784 3483 άμαρτήματα
803 3398 955 3482 άφανίσαι,
978 3401 1135 3486 ἐπειδήπερ
1152 3399 1190 3467 ού
1207 3399 1282 3467 κατά
1296 3398 1395 3484 λόγον,

249 3504 319 3571 οῦδὲ
335 3509 368 3571 ἐκ
382 3504 604 3592 προςτάγματος
618 3510 693 3569 θεοῦ
708 3508 826 3590 γίνεται.
872 3502 1028 3569 Μετάνοια
1043 3502 1099 3589 γάρ
1115 3508 1277 3587 καθαρίζει,
1298 3505 1349 3568 οιαὶ
1362 3501 1396 3569 τό

248 3609 282 3670 ἓν
307 3606 457 3690 βάπτισμα
479 3606 529 3672 διά
557 3613 610 3689 τῆς
634 3613 693 3670 τῶν
717 3611 885 3691 μυστηρίων
910 3603 1077 3688 ὀνομασίας.
1122 3603 1345 3692 Παρελεῦσομαι
1365 3607 1398 3672 δέ

249 3707 300 3770 καί
322 3706 445 3792 ταύτην,
475 3708 628 3796 αύτάρκως
652 3707 836 3795 ήγησάμενος
860 3706 951 3772 ιτόδε
975 3710 1008 3773 ἐν
1032 3705 1117 3798 όλίγφ
1139 3705 1173 3774 τό
1198 3705 1326 3790 άλέξημα
1346 3716 1400 3792 τῆς

251 3804 349 3872 αῦτῶν
375 3816 601 3897 φρενοβλαβείας
626 3810 788 3889 ύποδεῑξαι.
828 3808 917 3886 Ἕως
942 3812 1088 3876 ἐπανθεῖ
1109 3819 1172 3887 τοῖς
1192 3810 1399 3899 ἐντυγχάνουσι

249 3908 443 3974 συντέτακται.

293 4114 351 4164 (διν.
368 4113 387 4163 1.
403 4141 437 4151 -
473 4117 494 4166 ί.
517 4119 583 4169 Libri
602 4123 672 4184 υνίρο
696 4114 806 4184 Ἤμερο-
876 4118 935 4169 (λιν.
949 4120 980 4170 ΙΙ.
997 4146 1031 4159 -
1063 4123 1085 4171 λ.
1101 4116 1331 4183 θιμσεαίτόδιμτσ
1345 4115 1395 4179 τόν,

251 4178 398 4249 βαπτιστήν.
432 4184 499 4243 Quod
512 4187 594 4234 υίιλνιιι
612 4190 662 4236 iam
680 4190 807 4239 comorius
840 4188 903 4249 φασδ
925 4191 1009 4238 ιτλίανι
1030 4191 1140 4239 librorum
1157 4193 1197 4239 τοι
1230 4189 1327 4239 Ρτλαυὶο
1342 4188 1395 4248 μία·

248 4252 275 4300 ιιι
290 4254 392 4302 versione
408 4265 453 4302 ινα
470 4252 557 4301 Latina
574 4256 673 4305 τοιαῦτα.
840 4258 888 4306 cuit
903 4250 941 4308 τδ.
