3046 5084
153 1156 217 1222 Κεφ.
236 1152 277 1220 ιη’.

291 319 351 380 200
709 323 828 377 εειιοτι
846 323 1012 373 εειοιιιιιιι
1049 320 1066 343 ·

293 443 364 519 ῶςτε
381 440 450 524 μετά
467 438 500 506 τό
518 438 684 524 άναγνῶναι
707 437 784 522 ήμῦς
805 437 904 504 αὐτῶν
925 436 977 511 τάς
998 440 1118 519 βίβλους
1140 437 1190 500 καὶ
1213 438 1364 518 ἐπιστήσαι
1387 435 1443 502 τόν

294 551 365 610 νοῦν
381 550 416 632 τή
433 541 573 630 άληθείγ,
594 544 646 605 καί
661 539 701 624 μή
719 547 960 622 συναπαχθήυαι,
983 536 1151 622 άποδράσαι
1167 563 1197 601 τε
1216 539 1268 603 καὶ
1285 536 1326 620 μή
1343 541 1443 603 δελεα-

294 653 419 727 σθῆναι,
441 642 473 708 τό
491 651 648 724 τηνικαῦτα
666 640 890 724 ἐσπουδάσαμεν
910 643 961 704 καί
984 649 1044 715 τοῖς
1065 637 1238 715 ἐπισκόποις
1259 649 1322 715 τοῖς
1343 642 1375 705 ἐν
1396 649 1440 729 τῷ

294 746 376 835 τόπῳ
400 748 500 832 ἐκείνῳ
520 742 628 819 αῦτοῦς
649 740 818 821 ῦποδεῖξαι,
841 745 889 808 καλ
912 740 947 807 τά
969 741 1099 824 ὀνόματα
1121 744 1153 806 ἐν
1175 748 1211 830 τῇ
1234 744 1370 830 ἐκκλησίᾳ
1392 768 1440 807 κε-

293 850 444 934 κρυμμένα
466 846 617 931 φωράσαι,
639 847 690 910 καλ
704 845 774 920 τοῦς
794 843 903 920 αῦτοῦς
920 842 1130 925 οοίπελαθήναι
1147 850 1201 924 τής
1219 842 1348 923 πόλεως,
1370 842 1438 910 α’νό-

293 977 370 1032 ματα
383 952 449 1032 περί
463 973 522 1012 που
539 945 729 1032 ὀγδοήκοντα,
752 946 802 1010 καλ
814 945 868 1027 τήν
884 944 970 1010 πόλιν
984 954 1037 1028 τής
1050 943 1148 1008 αὐτῶν
1164 943 1350 1022 ζιζανιῶδους
1364 945 1440 1027 ῦλης

294 1053 345 1116 καί
365 1048 565 1124 ἀκανθώδους
585 1054 787 1132 καθαρθῆναι.

378 1148 597 1232 Μνημονεῦσας
615 1150 647 1213 δέ
661 1176 704 1224 τις
719 1155 772 1229 τῆς
787 1147 848 1213 άνω
864 1145 950 1232 ήμῶν
971 1145 1151 1230 ὑποσχέσεως
1167 1147 1239 1231 τάχα
1256 1150 1307 1212 καὶ
1324 1149 1439 1213 ἐπαινί-

294 1276 384 1328 σειεν,
407 1248 447 1326 ῶς
468 1248 554 1333 ήμῶν
573 1248 824 1334 προαγγειλάντων
848 1250 893 1315 ὅτι
919 1252 993 1314 τισὶν
1017 1249 1115 1314 αὐτῶν
1137 1248 1351 1333 παρετῦχομεν,
1373 1247 1438 1314 τινά

295 1355 326 1418 δέ
342 1350 391 1417 διά
406 1349 637 1437 συγγραμμάτων
653 1349 833 1435 ἐγνῶκαμεν,
854 1348 919 1415 τινά
937 1353 967 1415 δὲ
983 1351 1019 1417 δι’
1036 1349 1199 1433 ἐνηχήσεῶν
1217 1375 1246 1415 τε
1263 1353 1313 1415 καὶ
1330 1378 1437 1436 μαρτυ·

296 1460 367 1540 ρίων
391 1452 567 1530 άξιοτιίστων
591 1450 722 1536 ἀνδρῶν,
745 1454 915 1534 δυναμένων
932 1450 1005 1534 ήμῖν
1027 1452 1080 1535 τήν
1104 1450 1246 1535 άλήθειαν
1263 1450 1438 1519 ῦποδεικνῦ-

294 1583 351 1621 ναι.
382 1553 434 1631 Ὡς
449 1557 498 1619 καί
515 1558 647 1620 ἐνταῦθα
662 1552 835 1636 φιλαλήθως
852 1551 906 1636 οάχ
920 1551 1162 1637 ῦπερβεβήκαμεν
1178 1551 1230 1618 τόν
1244 1554 1345 1633 τόπον,
1368 1552 1438 1619 άλλά

182 1730 185 1735 y
298 1661 443 1739 ἐδείξαμεν
461 1654 502 1731 ῶς
519 1661 570 1738 μία
589 1658 666 1721 ἐστίν
684 1655 757 1738 αῦτη
778 1663 838 1719 τῶν
855 1652 927 1738 ήμῖν
945 1664 1163 1741 περιτυχουσῶν
1184 1657 1332 1741 αίρέσεων.
1377 1659 1439 1722 Καὶ

178 2501 227 2545 ρας.
242 2491 285 2532 1⁰1.

153 4219 219 4287 Κεφ.
237 4218 278 4273 εἷ’.

299 1767 402 1840 σαφῶς
417 1759 483 1842 περὶ
498 1757 607 1840 ταύτης
626 1755 818 1840 ἠδυνήθημεν
838 1760 929 1843 λέγειν
955 1762 1008 1835 Ῑέξ
1023 1752 1080 1837 ῶν,
1102 1757 1142 1841 μή
1157 1758 1287 1843 γίνοιτο,
1311 1755 1348 1823 οῦ
1363 1757 1439 1843 πρά-

297 1867 410 1938 ξαντες,
433 1857 502 1924 άλλά
522 1858 725 1942 μεμαθηκότες
743 1857 873 1944 άκριβῶς
887 1858 968 1945 παρά
985 1868 1043 1925 τῶν
1058 1858 1136 1943 ήμῦς
1155 1863 1196 1935 είς
1213 1866 1300 1925 τοῦτο
1317 1858 1440 1926 πειθόν·

296 1990 371 2041 των,
392 1965 443 2026 καὶ
460 1960 500 2045 μή
520 1959 768 2043 κατισχυσάνιων,
796 1957 866 2025 άλλά
888 1960 941 2044 τήν
966 1964 1079 2027 ἑαυτῶν
1102 1964 1204 2027 ἐλπίδα
1224 1968 1278 2043 τῆς
1299 1962 1340 2036 είς
1359 1958 1440 2044 ήμᾶς

296 2063 440 2139 άπωλείας
460 2062 664 2128 άπολεσάντων
685 2065 735 2126 καλ
756 2061 796 2144 μή
819 2062 1014 2146 ἐπιτυχόντων
1038 2070 1090 2128 τοῦ
1111 2070 1225 2129 σκοποῦ
1248 2070 1300 2145 τῆς
1321 2066 1363 2139 είς
1385 2060 1440 2145 τήν

296 2165 435 2247 τάλαιναν
452 2162 538 2248 ήμῶν
552 2163 652 2248 ψυχήν
669 2166 907 2249 ἐπιχειρουμένης
921 2162 971 2228 ὕπ’
988 2162 1086 2229 αάτῶν
1102 2168 1196 2230 τεκαὶ
1212 2173 1266 2231 τοῦ
1287 2168 1319 2231 ἐν
1338 2162 1441 2242 αῦτοῖς

297 2267 438 2350 διαβόλου
461 2274 616 2348 συσκευής·
640 2264 681 2342 ῶς
696 2268 745 2330 καί
767 2266 885 2355 συνῳδά
902 2264 980 2348 ήμᾶς
1001 2268 1092 2351 λέγειν
1114 2274 1156 2355 τῷ
1172 2264 1321 2355 άγιωτάτφ
1337 2268 1439 2349 Δαβλδ

297 2370 359 2447 ῦτι,
383 2372 457 2450 Βὲλη
472 2372 585 2450 νηπίων
599 2367 780 2453 ἐγενήθησαν
795 2371 828 2431 at
840 2370 948 2453 πληγαί
965 2367 1076 2446 αὐτῶν,
1099 2370 1151 2433 καί
1164 2366 1200 2433 τά
1217 2371 1294 2451 ἕξής·
1315 2369 1364 2432 καί
1379 2366 1437 2445 ὅτι,

298 2470 482 2555 Ἐπιστρέψει
498 2468 515 2536 ό
533 2469 627 2545 πόνος
650 2467 748 2534 αῦτιῦυ
770 2471 812 2545 είς
830 2469 960 2552 κεφαλήν
983 2468 1096 2549 αῦτῶν,
1117 2471 1170 2535 καί
1185 2467 1207 2552 ή
1222 2468 1318 2543 άδικία
1338 2464 1437 2533 αῦτῶν

297 2575 347 2639 ἐπὶ
362 2570 498 2658 κορυφήν
513 2569 610 2635 αὐτῶν
626 2569 827 2653 καταβήσεται
868 2568 921 2647 Ὡς
936 2565 992 2637 οῦν
1005 2571 1208 2657 περιτυχόντες
1222 2575 1273 2638 καλ
1287 2569 1435 2656 άποδράν-

296 2701 357 2754 τες,
378 2677 429 2738 καί
445 2671 619 2757 άναγνόντες
634 2676 685 2737 καλ
705 2671 821 2758 γνόντες
836 2677 885 2739 καί
906 2672 1113 2759 καταγνόντες,
1133 2676 1275 2749 σωθέντες
1295 2674 1328 2738 δὲ
1347 2669 1434 2758 άπερ-

297 2774 479 2858 βεβήκαμεν,
502 2772 579 2839 οῦτω
594 2779 645 2838 καί
666 2795 697 2839 σε
713 2775 765 2841 τόν
782 2773 1019 2861 άναγινῶσκοντα
1034 2786 1257 2862 παρακαλοῦμεν
1274 2772 1438 2861 άυαγνόυτα

297 2880 346 2941 καὶ
364 2875 543 2962 καταγνόντα
561 2882 672 2941 ἐτοῦτο
689 2873 871 2961 ῦπερβήναι,
894 2881 935 2953 εἰς
955 2876 989 2943 τό
1012 2876 1052 2961 μή
1069 2881 1204 2961 ἐμπεσεῖν
1219 2882 1252 2945 ἐν
1268 2885 1309 2969 τῷ
1330 2882 1365 2966 ίῷ
1385 2885 1438 2961 τῆς

297 2987 356 3043 τῶν
373 2980 499 3063 ἑρπετῶν
513 2978 626 3044 τούτων
641 2983 811 3064 μοχθηρίας.
848 2976 918 3043 Ἀλλ’
933 2982 961 3045 εί
974 2984 1025 3045 καί
1042 3006 1112 3046 ποτε
1126 2981 1292 3069 περιτάχοις
1306 2983 1365 3046 τισλ
1379 2987 1439 3046 τῶν

297 3078 355 3146 dno*
373 3087 426 3161 τῆς
443 3077 594 3159 όφιάδους
610 3079 717 3161 ταύτης
739 3087 857 3163 σχολῆς,
880 3079 973 3158 εῦθῦς
991 3079 1024 3148 τό
1047 3081 1134 3160 ξόλον
1156 3081 1312 3167 άναλαβῶν
1333 3082 1365 3148 τό
1387 3081 1439 3148 διά

295 3190 350 3249 τοῦ
367 3187 472 3267 κυρίου
488 3179 560 3265 ήμῖν
576 3183 759 3264 ἕτοιμασθέν,
780 3185 813 3247 ἐν
828 3175 852 3271 ιβ
867 3181 1001 3269 όκῦριος
1015 3181 1099 3267 ήμῶν
1114 3184 1283 3271 προςεπάγη
1299 3183 1436 3270 Χριστός,

294 3283 369 3351 κατά
383 3291 436 3366 τῆς
452 3291 580 3366 κεφαλῆς
592 3291 645 3349 τοῦ
663 3282 759 3365 ῦφεως
774 3282 866 3361 εῦθῦς
880 3285 978 3369 λαβῶν
994 3291 1089 3362 ε’ίποις
1107 3285 1167 3366 ῦτι,
1191 3284 1319 3369 Χριστός
1333 3283 1435 3350 ἐσιοῦ-

295 3414 384 3472 ρωται
398 3385 473 3472 ῦπέρ
488 3383 589 3468 ήμῶν,
610 3384 806 3472 ῦπογραμμῦν
822 3384 893 3469 ήμῐν
907 3385 1118 3471 ὑπολιμπάνων
1132 3392 1291 3474 σωτηρίας,
1314 3386 1359 3451 ὅτι
1374 3382 1433 3452 οῦκ

295 3487 333 3553 ῦυ
356 3493 548 3577 ἐσταυροῦτο,
570 3492 598 3552 εί
619 3487 659 3572 μή
681 3486 775 3574 σάρκα
795 3486 865 3572 εἶχε·
887 3489 982 3575 σάρκα
1007 3492 1039 3556 δέ
1061 3494 1149 3574 ἐχων,
1170 3492 1221 3556 καί
1239 3489 1435 3574 σταυρωθείς,

297 3591 476 3676 ἐσταύρωσεν
497 3589 583 3674 ήμῶν
604 3587 656 3666 τάς
681 3588 833 3675 άμαρτίας.
878 3598 979 3659 Πίστει
1003 3596 1105 3676 ἔχομαι
1126 3600 1179 3675 τῆς
1201 3587 1357 3675 άληθείας,
1386 3593 1438 3657 καλ

295 3688 348 3772 οὐχ
362 3689 511 3778 ῦπάγομαι
533 3700 686 3783 3τιλανητή
703 3697 814 3781 νωθείγι
830 3701 883 3760 τοῦ
899 3693 1013 3777 ῦφεως,
1035 3699 1086 3762 καὶ
1103 3701 1362 3784 πνραψιθυρισμιγῖ
1383 3700 1440 3777 τῆς

296 3787 386 3855 αῦτοῦ
408 3799 601 3873 διδασκαλίας.

380 4198 499 4265 Λοιπόν
515 4201 622 4284 ταύτην
638 4205 809 4290 παρελθῶν,
832 4205 994 4295 άγαπητολ,
1016 4210 1122 4291 ἐφεξῆς
1141 4202 1302 4291 βαδιοῦμαι
1317 4205 1367 4271 ἐπὶ
1383 4202 1438 4281 τάς

341 4409 365 4458 ὁ.
383 4403 522 4473 οἷπελὶιῆυαι
540 4409 575 4456 ολ
591 4414 665 4470 μήνιε.
679 4415 793 4463 υνκσοοι.
883 4417 919 4483 μὴ
937 4416 1044 4483 γίνοιτο,
1062 4410 1124 4468 άλλδι
1141 4420 1191 4466 ocu.

302 4532 313 4559 r
341 4474 399 4553 διο.
417 4478 511 4556 lfvm.
529 4502 569 4559 -Ι
598 4480 620 4527 1.
638 4482 706 4562 δογνι
722 4481 802 4561 ταῦτα
818 4482 846 4547 ἐξ
929 4486 953 4535 ’2.
970 4485 1044 4537 τοῦτο
1067 4499 1108 4547 tuo
1123 4484 1238 4545 metipsi.
1275 4482 1339 4533 λίοτι·
1353 4485 1437 4533 habent

290 4560 325 4597 ιιι
351 4546 515 4611 ηδινηὲημεν
540 4545 618 4610 λεγειν
644 4562 673 4598 ου
698 4546 843 4617 τραξαιτες,
877 4552 931 4603 τοῦ.
964 4555 1061 4603 Ριίουίο
1075 4554 1166 4614 placuit
1179 4544 1282 4604 τοῦτον.
