3046 5084
349 338 484 391 vaureu
501 339 564 390 ura.
579 340 598 391 r.
614 341 695 393 ron.
708 341 740 392 n.
757 341 855 392 naue.
870 343 971 392 xxxi.
1171 331 1232 392 317

89 456 223 522 Homine
239 458 403 544 producens
426 457 544 538 (horum
566 478 640 522 vero
662 459 828 522 coniunctio
850 461 999 524 voluntate
1021 461 1085 523 sola
1106 463 1235 546 perlecta

90 565 150 642 est)
172 559 333 625 Veritatem
356 561 456 624 edidit.
502 555 587 641 Quae
609 579 646 622 eo
669 560 784 623 nomine
806 559 909 623 merito
931 583 949 624 a
971 561 1107 645 perlectis
1130 563 1236 627 donata

89 673 151 744 est,
174 665 249 749 quod
266 660 357 726 Matri
374 683 444 726 suae
461 659 533 744 Siga
551 661 648 745 reipsa
665 660 768 724 similis
784 672 875 740 esset,
899 683 972 746 quae
988 685 1028 726 ex
1045 663 1235 727 divisionibus

87 765 244 845 luminum,
269 775 328 828 tam
345 764 434 828 rnaris
452 783 536 847 quarn
556 763 699 841 feminae,
729 762 852 848 idipsum
869 763 991 848 aequale
1007 784 1072 827 esse
1089 765 1233 843 voluerat,

89 880 120 932 ut
135 869 165 932 iu
182 867 318 933 sensibus
335 865 468 950 exposita
484 864 592 928 lumina
607 865 739 950 dispersa
754 885 807 948 per
820 865 870 928 illa
886 865 949 951 ipsa
965 878 992 929 et
1008 866 1037 930 in
1052 867 1122 951 ipsis
1137 865 1173 928 iis
1189 865 1237 949 qui

89 992 129 1034 ex
144 971 208 1056 ipso
223 981 254 1033 et
268 969 297 1031 iu
312 968 376 1052 ipso
390 976 458 1031 sunt
473 986 541 1031 sese
556 968 744 1052 patefaceret.
789 963 899 1030 Postea
916 966 1057 1032 Veritatis
1071 965 1236 1032 Maternam

88 1071 257 1136 Prunieiam
270 1071 423 1155 proterens
435 1079 584 1155 parentem
598 1090 682 1132 suum
697 1070 732 1133 ad
745 1069 790 1133 sui
805 1091 933 1133 amorem
950 1072 1103 1155 pertraxit.
1136 1067 1236 1151 Quare

88 1175 174 1239 ambo
199 1176 367 1256 incorrupta
393 1171 574 1256 copulatione
602 1192 637 1235 ae
662 1192 806 1256 nunquam
832 1183 1007 1235 senescente
1031 1173 1235 1236 coniunctione

88 1276 233 1340 commisti
254 1285 332 1339 suut.
377 1271 460 1338 Unde
477 1272 616 1359 spiritalis
633 1273 754 1336 marium
774 1294 807 1336 ae
825 1275 996 1337 feminarum
1013 1277 1153 1359 quadriga
1169 1296 1236 1361 pro-

89 1379 159 1457 diit,
184 1378 289 1462 prioris
306 1376 425 1440 alterius
444 1375 565 1454 similis,
589 1396 662 1460 quae
682 1376 718 1440 iis
737 1386 878 1461 quatuor,
904 1375 1012 1461 Bytho,
1036 1375 1120 1461 Sige,
1144 1375 1233 1441 Patre

91 1501 125 1544 ac
146 1478 296 1558 Veritate,
325 1477 486 1541 constabat.
530 1476 684 1541 Posterior
700 1500 772 1542 vero
789 1478 837 1542 illa
856 1501 897 1542 ex
913 1477 1002 1543 Patre
1023 1501 1056 1543 ae
1077 1477 1148 1564 Sige
1167 1501 1235 1565 pro·

90 1583 175 1646 dueta
194 1582 264 1645 haee
280 1590 341 1645 est:
365 1578 472 1658 Homo,
497 1577 644 1660 Ecclesia,
671 1576 788 1662 Sermo,
813 1579 896 1644 Vita.
942 1580 1029 1644 Tune
1046 1582 1235 1667 eomprehen-

89 1683 184 1747 deotis
204 1684 300 1747 omnia
318 1680 407 1768 Bythi
426 1682 577 1746 voluntate
594 1680 690 1746 llomo
706 1694 793 1767 atque
813 1681 946 1747 Ecclesia
966 1696 1152 1768 paternorum
1171 1707 1234 1749 ser-

88 1807 205 1849 rnouum
223 1805 366 1850 memores
382 1785 565 1868 invicemque
583 1786 735 1869 congressi
751 1783 943 1849 Prunicorum
959 1784 1086 1851 Marium
1104 1810 1137 1851 ae
1152 1789 1235 1851 terui-

87 1910 189 1952 narum
204 1886 390 1951 Dodecadem
407 1897 609 1972 procrearunt.
653 1883 756 1950 Mares
771 1887 908 1950 videlieet
925 1889 1015 1967 istos,
1038 1887 1232 1969 Paracletum,

88 1988 263 2069 Paternum,
286 1987 472 2067 Maternum,
496 1989 616 2067 Aiuum,
639 1986 807 2066 Theletuur,
832 1991 906 2073 quud
922 1991 998 2052 idem
1015 2003 1060 2054 est
1075 2013 1108 2054 ae
1124 1993 1232 2070 lrrmen,

87 2091 346 2157 Ecclesiastiourn:
379 2090 502 2155 feminas
523 2110 613 2168 vero,
642 2087 763 2169 Fidem,
791 2088 897 2175 Spem,
923 2088 1100 2172 Caritatcm,
1124 2092 1234 2157 lntelli-

59 2192 66 2201 ’
88 2195 233 2279 gentiam,
264 2190 475 2271 Fortunatam,
504 2190 695 2277 Sapientiam.
742 2190 857 2256 Deinde
877 2190 982 2257 Sermo
1002 2216 1036 2257 ae
1056 2193 1125 2259 Vita
1147 2197 1233 2258 etiarn

87 2298 141 2381 ipsi
160 2297 253 2361 laudis
272 2317 376 2360 munus
394 2297 563 2380 affingentes
581 2315 680 2358 seeum
699 2294 824 2359 invicem
847 2296 1006 2359 consociati
1025 2308 1104 2359 snrrt.
1151 2294 1235 2379 Quae

88 2399 203 2484 quidem
218 2398 398 2463 consociatio
413 2398 562 2461 voluntate
578 2398 639 2460 sola
653 2408 771 2482 peraeta
788 2409 844 2461 est.
887 2397 968 2482 Ergo
982 2399 1060 2462 inter
1075 2419 1140 2462 sese
1156 2421 1234 2461 eom-

88 2502 167 2565 misti
182 2499 375 2565 Prunicorum
389 2497 536 2564 Decedam
554 2521 593 2563 ex
607 2499 735 2563 maribus
755 2521 900 2585 peraeque
916 2523 950 2564 ac
966 2502 1080 2565 lerninis
1098 2511 1234 2564 constan-

88 2614 146 2669 tem
168 2614 343 2687 genueruut.
390 2599 482 2667 Cuius
504 2603 532 2666 bi
554 2613 624 2668 sunt
644 2623 757 2667 mares:
785 2601 927 2688 Bythias,
952 2604 1116 2689 Ageratos,
1141 2603 1235 2666 Auto-

87 2706 192 2792 phyes,
215 2702 363 2790 Unigena,
387 2702 558 2770 lmmobilis.
605 2703 643 2769 tti
659 2705 695 2770 ad
711 2706 887 2771 continentis
903 2708 999 2770 omnia
1016 2707 1234 2771 contestandam

87 2808 210 2893 gloriam
232 2808 349 2871 sibimet
368 2806 430 2871 eius
450 2808 670 2893 appellationem
689 2808 866 2872 indiderunt.
912 2807 1053 2874 Feminae
1075 2832 1147 2874 vero
1167 2821 1236 2874 suut

87 2907 203 2990 Mistio,
226 2907 316 2990 Unio,
341 2908 543 2996 Temperatio,
567 2907 683 2990 Unitas,
709 2908 862 2996 Voluptas.
908 2909 992 2995 Quae
1009 2935 1110 2978 omues
1128 2914 1162 2977 ad
1184 2915 1234 2976 ho-

88 3033 189 3078 norem
214 3009 300 3099 Siges
323 3013 497 3098 pertinentia
520 3012 662 3077 vocabula
688 3012 822 3077 similiter
845 3028 1032 3100 usurparunt.

171 3112 248 3180 Cum
267 3114 358 3200 igitur
373 3115 524 3180 absolutus
546 3114 601 3179 hoc
621 3116 707 3178 modo
727 3112 869 3180 Veritatis
891 3119 1019 3202 parentis
1040 3118 1231 3183 'l'rieeuarius
1251 3126 1310 3194 Cap.
1326 3130 1369 3180 Vt.

88 3221 182 3298 foret,
206 3239 290 3303 quem
310 3218 419 3281 terreni
437 3218 569 3282 homines
584 3217 755 3302 ignorantes
770 3230 941 3299 numerant,
966 3231 995 3284 et
1010 3242 1074 3284 eum
1089 3223 1124 3285 ad
1140 3222 1233 3306 ipsurn

88 3320 295 3407 pervenerint,
326 3321 405 3384 nullu
431 3321 553 3406 amplius
575 3330 693 3407 reperto
715 3342 852 3400 numero,
887 3322 993 3385 iterato
1016 3323 1045 3385 in
1068 3345 1135 3387 sese
1157 3333 1235 3386 rete-

87 3434 175 3489 xunt.
224 3422 377 3487 Eiusmodi
398 3433 494 3489 autem
516 3423 565 3487 ille
584 3434 647 3487 est:
677 3419 808 3509 Bythos,
843 3421 931 3507 Sige,
962 3423 1068 3504 Pater,
1102 3423 1232 3503 Veritas,

87 3524 201 3607 llomo,
232 3524 385 3606 Ecclesia,
412 3522 534 3605 Sermo,
558 3523 645 3605 Vita,
667 3523 829 3606 Paternus,
852 3524 1025 3606 Maternus,
1049 3525 1232 3605 Paracletus,

87 3628 200 3711 Ainus,
230 3627 390 3707 Theletus,
422 3627 667 3706 Ecclesiasticus,
697 3625 807 3710 Fides,
840 3626 933 3714 Spes,
966 3625 1099 3708 Caritas,
1125 3626 1235 3693 lntelli-

87 3731 198 3816 gentis,
222 3727 398 3812 Fortunata,
421 3728 584 3818 Sapientia,
608 3729 744 3816 Bythios,
769 3732 929 3815 Ageratos,
954 3731 1139 3816 Autophyes,
1162 3728 1235 3795 Uni·

87 3855 174 3917 geua,
195 3832 367 3912 lmmohilis,
390 3831 505 3914 lllistio,
530 3830 681 3919 Cognitio,
706 3832 909 3919 Temperatio,
933 3830 1051 3913 Unitas,
1075 3832 1231 3920 Voluptas.

86 3933 164 4001 Tum
185 3936 234 4021 qui
252 3937 390 4002 universa
408 3958 521 4002 summa
539 3958 592 4001 sua
613 3937 755 4021 sapientia
777 3936 908 4000 eorrtinet
924 3932 1093 4020 Ogdoadem
1111 3939 1233 4002 alterurn

85 4037 151 4102 loeo
170 4039 277 4126 prioris
296 4041 373 4105 illius
395 4060 429 4104 ac
447 4038 602 4126 primariae
622 4039 820 4125 appellandam
838 4059 905 4102 esse
925 4049 1073 4119 statuens,
1107 4062 1182 4124 quae
1204 4042 1232 4103 iu

86 4173 175 4230 νείκων
190 4178 275 4241 ntus
290 4181 350 4229 librt
711 4176 770 4226 cin.
780 4177 824 4225 Vl.
843 4204 874 4215 -
895 4177 916 4227 l.
933 4179 969 4228 lte
981 4180 1032 4229 eod.
1048 4181 1130 4241 Vetto,
1148 4185 1169 4229 et
1181 4181 1236 4228 inde

119 4245 161 4298 21.
226 4242 382 4306 πλάσαντες
399 4248 449 4298 ese
465 4247 520 4296 ven.
677 4247 730 4295 edit.
744 4248 843 4296 Petacit
871 4248 898 4297 tn
911 4248 979 4296 codd
991 4249 1044 4298 Vere
1059 4253 1081 4297 et
1092 4249 1200 4310 Rmdtp,
1215 4253 1236 4298 et

119 4312 161 4364 22.
207 4313 338 4380 ρουνείκων
354 4318 433 4377 vulpe.
676 4317 702 4363 tn
716 4314 752 4363 ed.
766 4317 840 4375 prtne
859 4317 971 4376 sertptnrn
988 4321 1021 4365 est
1038 4309 1195 4381 ἀριθμοῦσιν.

120 4380 162 4433 23.
178 4374 374 4449 ἀρρενοθηλιιῶν
392 4385 475 4434 habent
488 4395 567 4433 omnes
583 4382 644 4431 trtrt.
705 4380 730 4432 Ἰ.
744 4383 781 4431 tto
792 4389 940 4434 concremat
951 4386 1079 4435 Cornurtua
1088 4387 1235 4435 etPeteoius.

89 4451 143 4500 Vae
157 4438 208 4510 aiv,
224 4452 288 4513 qued
302 4454 413 4515 uanum,
430 4454 494 4502 obest
508 4464 525 4500 e
538 4451 589 4500 ced
602 4452 644 4501 Ve-
679 4444 798 4516 ὁλογενής
814 4452 897 4502 bobmt
914 4466 992 4502 earnes
1007 4455 1067 4502 ttbn'.

88 4522 148 4569 new.
712 4516 736 4569 3.
759 4513 792 4569 rol
815 4520 1004 4571 desideraturus
1025 4522 1100 4571 aditis.
1134 4523 1235 4572 Tueatur

121 4580 218 4647 24:⁸15
236 4581 284 4652 mlv
300 4582 377 4650 δόξαν
392 4590 488 4640 mett
502 4589 621 4642 Potestne.
679 4586 747 4638 codd.
765 4586 836 4637 t'atte.
855 4587 931 4639 tecet.
946 4588 1043 4654 media.
