3046 5084
289 326 349 386 252
703 335 822 388 SANCTI
840 335 1008 385 EPIPHANH

287 451 369 517 πάνυ
391 452 423 516 δέ
443 457 546 531 σαφοῦς
567 453 721 533 ἐπίσταμαι
743 451 792 515 διά
810 448 860 515 τδν
874 448 989 534 χρόνον.
1034 449 1210 533 Μετέφερον
1227 440 1282 512 οῦν
1298 445 1389 514 αῦτόν
1406 453 1442 514 οῖ

287 560 493 634 συνηλικιοῖται
506 551 642 637 νεώτεροι
662 556 702 628 εἰς
717 550 826 626 πολλάς
840 557 941 615 κακοῖν
956 549 1170 630 ἐπιτηδεύσεις,
1200 548 1323 634 φθοράς
1336 575 1367 615 τε
1383 578 1437 636 γυ·

289 661 416 732 ναικοῖν,
438 655 488 717 καλ
506 658 636 739 λαγνείας
653 652 806 731 άνοσίονς,
828 656 1014 738 μαγγανείαις
1029 653 1086 716 τισλ
1102 661 1239 736 μαγικαῖς
1255 655 1437 736 ἐπιχειροῦν·

288 780 335 829 τες
351 753 431 841 αύτῷ
446 763 596 839 συνεργεῖν
611 758 652 830 είς
673 753 708 818 τά
725 762 778 837 τῆς
794 751 965 832 άκολασίας,
994 751 1127 838 άγοόγιμά
1143 780 1209 818 τινα
1228 756 1436 834 ἐπιτελοῦντες,

288 857 339 920 καλ
351 855 401 919 διά
415 859 563 923 ἐπαοιδῦν
576 855 741 939 βιαζόμενοι
753 864 896 940 γυναῖκας
909 856 1067 938 ἐλευθέρας
1078 852 1154 939 πρός
1166 853 1219 936 τήν
1231 855 1339 920 τούτου
1352 866 1435 936 φθο-

288 954 344 1040 ράν
362 961 391 1035 ἐξ
407 955 538 1043 άνάγκης
553 957 685 1042 άγεσθαι.
727 955 760 1021 Ὁ
778 958 810 1021 δέ
826 955 967 1038 Ἰώσηπος
987 959 1038 1021 καῖ
1060 952 1078 1021 ό
1099 954 1156 1020 σύν
1172 954 1252 1045 αύτῷ
1269 955 1436 1040 πρεσβύτης

288 1057 420 1144 άνάγκην
436 1063 549 1141 ἔχοντες
563 1066 605 1147 τῷ
620 1061 703 1123 παιδί
719 1060 899 1123 συνέπεσθαι
913 1058 1027 1142 βαρέως
1042 1058 1094 1139 μέν
1109 1060 1226 1142 ἐφερον,
1248 1058 1386 1134 πολλάκις
1400 1059 1434 1124 δέ

287 1162 339 1226 καλ
352 1160 515 1244 ἐγκλήματα
529 1162 712 1245 προςίφερον
727 1158 776 1224 διά
789 1158 884 1244 λόγων
897 1162 947 1223 καλ
962 1158 1125 1248 παρῄνουν.
1156 1156 1189 1223 Ὁ
1202 1160 1235 1222 δέ
1249 1167 1357 1240 μᾶλλον
1370 1170 1433 1235 τοῖς

287 1264 365 1339 νέοις
378 1266 529 1340 ἐπείθετο,
550 1260 688 1346 κρύπτων
702 1260 738 1324 τά
754 1260 873 1345 αἰσχρά,
894 1264 946 1326 καλ
961 1259 1148 1346 άρνούμενος.
1194 1258 1270 1325 Οῦτε
1284 1258 1338 1345 γάρ
1355 1259 1433 1327 ἐτόλ-

288 1392 352 1447 μων
370 1368 401 1429 οῖ
417 1366 483 1447 περλ
500 1361 642 1445 Ἰοόσηπον
658 1365 781 1439 ἐξειπεῖν
798 1361 834 1427 τά
851 1360 913 1426 κατ’
930 1365 1043 1427 ἐκείνου
1061 1369 1180 1450 φανερῷ
1194 1369 1235 1449 τῷ
1251 1360 1345 1449 λόγῳ,
1374 1360 1433 1427 άλλ’

289 1463 351 1541 2αἱς
366 1463 403 1530 δι’
419 1463 581 1547 ἐπιστήμην
595 1463 757 1552 παρῄνουν.
802 1469 1018 1550 Παραγλνονται
1034 1470 1107 1548 γοῦν
1122 1467 1164 1540 εἰς
1180 1462 1316 1548 Γάδαρα,
1339 1466 1383 1540 εἰς
1396 1462 1433 1543 τά

287 1565 385 1651 θερμά
401 1565 503 1631 ῦδατα.
548 1565 721 1651 Πανήγυρις
740 1567 772 1630 δέ
793 1568 854 1631 ἐκεῖ
872 1563 935 1630 κατ’
956 1568 1022 1641 ἐτος
1040 1565 1153 1650 άγεται·
1184 1563 1356 1649 άπίρχονται
1374 1564 1431 1652 γάρ

286 1667 473 1750 πανταχόθεν
489 1671 519 1732 οί
532 1666 706 1749 βουλόμενοι
719 1666 883 1732 λούσασθαι
898 1663 1008 1752 ήμίρας
1024 1665 1121 1746 τινάς,
1151 1669 1322 1749 νοσημάτων
1337 1672 1433 1748 δῆθεν

286 1769 436 1852 άποβολής
457 1771 568 1848 ἕνεκεν,
598 1768 670 1852 ὅπερ
693 1770 753 1834 ἐστλ
774 1767 943 1851 διαβολικδν
964 1768 1161 1855 στρατήγημα.
1194 1767 1295 1833 Ἔνθα
1316 1766 1371 1853 γάρ
1396 1767 1433 1835 τά

285 1870 365 1957 παρά
388 1879 441 1936 τοῦ
462 1877 538 1936 θεοῦ
558 1869 699 1952 θαύματα
716 1872 880 1956 γεγένηται,
909 1869 1077 1957 προύλαβεν
1094 1868 1112 1935 ό
1130 1868 1166 1935 δι’
1183 1873 1316 1945 ἐναντίας
1332 1878 1433 1937 θεῖναι

286 1971 379 2038 αῦτοῦ
400 1971 436 2037 τά
458 1970 591 2057 σ’λετήρια
613 1976 724 2037 δίκτυα.
765 1971 945 2058 Ἀνδρόγυνα
966 1970 1021 2057 γάρ
1044 1974 1135 2037 ἐκεῖσε
1154 1970 1300 2038 λούονται.
1344 1972 1432 2038 Κατδ

288 2079 469 2161 8συγκυρίαν
483 2075 514 2138 δέ
529 2072 605 2159 γυνή
619 2101 663 2149 τις
679 2076 819 2159 ἐλευθέρα
835 2077 933 2156 ἐτυχεν
948 2076 980 2139 ἐν
995 2081 1035 2162 τῷ
1049 2079 1178 2162 λουτρῷ,
1200 2071 1296 2138 κάλλει
1310 2076 1431 2159 διαπρί-

283 2198 382 2242 πουσα
400 2175 570 2260 εὐμορφίας.
614 2179 675 2240 Καὶ
691 2173 878 2260 όνεοότερος,
899 2178 1036 2259 θελχθελς
1051 2183 1091 2264 ιρῖ
1105 2178 1171 2240 ἐθει
1182 2182 1237 2257 τῆς
1251 2173 1345 2241 αῦτοῦ
1360 2173 1430 2241 άκο-

283 2283 399 2357 λασίας,
422 2276 532 2342 4διίἰδν
546 2280 578 2342 ἐν
592 2284 632 2365 τῷ
648 2275 712 2362 άίρι
726 2279 937 2361 παρενέτριψεν
951 2274 1044 2343 αύτοῦ
1057 2275 1112 2360 τήν
1126 2275 1255 2361 πλευράν
1268 2283 1304 2366 τῇ
1318 2284 1431 2364 πλευρᾷ

283 2388 337 2445 τοῦ
351 2383 483 2466 γυναίου.
525 2376 563 2442 ‘H
580 2380 612 2444 δέ
635 2378 741 2462 ἑαυτήν
760 2381 954 2465 ἐσφραγίσατο
977 2383 1019 2454 είς
1035 2378 1129 2461 ὄνομα
1149 2385 1295 2464 Χριστοῦ,
1323 2374 1372 2441 οἷα
1388 2375 1429 2460 δή

286 2480 447 2567 Χριστιανή
462 2472 547 2559 οῦσα,
568 2472 589 2568 ή
606 2479 673 2545 οῦτε
687 2477 801 2565 άνάγκη
816 2473 854 2562 ἦν
868 2489 1058 2564 παρανομεῖν,
1079 2483 1130 2545 καλ
1145 2478 1332 2566 άνδρογύνως
1345 2477 1427 2544 λούε-

284 2593 364 2648 σθαι.
404 2585 566 2664 Συμβαίνει
579 2581 611 2646 δὲ
625 2588 717 2646 ταῦτα
730 2590 791 2656 τοῖς
805 2579 925 2661 άφελέσι
937 2584 988 2647 καλ
1004 2581 1134 2658 λδιοῖταις
1147 2580 1328 2668 άνθρύποις,
1344 2579 1428 2665 παρά

283 2683 337 2766 τήν
354 2691 413 2748 τοῖν
427 2681 610 2747 διδασκάλων
624 2686 777 2770 βμδυμίαν
793 2682 833 2765 μή
846 2681 1084 2767 άσφαλιζομίνων
1100 2683 1150 2749 διά
1164 2690 1218 2767 τῆς
1230 2685 1426 2758 διδασκαλίας.

274 2784 378 2866 Ὅμως
391 2788 440 2848 ῖνα
456 2788 535 2872 δείξη
550 2782 568 2849 ό
581 2783 654 2860 θεάς
670 2783 707 2849 τά
722 2781 815 2850 αύτοῦ
828 2784 996 2867 θαυμάσια,
1017 2794 1072 2852 τοῦ
1087 2785 1307 2870 ἐπιχειρήματος
1319 2782 1353 2851 τό
1367 2808 1428 2868 μει-

283 2884 387 2966 ράκων
403 2884 540 2968 άπέτυχε,
562 2889 638 2968 φημλ
654 2887 686 2952 δέ
701 2884 719 2952 ό
732 2886 920 2971 πατριάρχης.
964 2890 1155 2971 Διεπέμιματο
1169 2887 1228 2975 γάρ
1244 2886 1322 2974 πρός
1334 2883 1429 2969 αύτήν

282 2990 335 3053 καλ
350 2992 432 3072 δοῦρα
449 2987 580 3067 ἐτάξατο,
600 2985 622 3071 ή
636 2989 668 3054 δέ
682 2987 752 3065 τοῦς
767 2991 1007 3072 διαπεμφθέντας
1020 2993 1197 3078 ἐξυβρίσασα
1210 2987 1271 3059 σῦκ
1283 2988 1429 3073 ἐκάμφθη

281 3097 318 3180 τῇ
338 3098 391 3156 τοῦ
413 3086 575 3155 άιιολάστου
597 3095 792 3179 ματαιοεργῖρ.

150 3299 216 3367 Κεφ,
233 3297 269 3367 η’.
362 3292 517 3360 Ἐντεῦθεν
533 3297 564 3360 οῖ
576 3301 783 3380 συνεργοῦντες
799 3293 893 3384 αῦτρῖ,
914 3294 1033 3381 γνόντες
1048 3294 1102 3378 τήν
1114 3302 1170 3362 τοῦ
1181 3292 1291 3371 ιιαιδάς
1304 3294 1428 3380 Ιὀδύνην,

281 3396 320 3480 ἣν
333 3400 374 3474 είς
385 3396 419 3463 τό
433 3395 556 3484 γύναιον
569 3395 790 3479 άπημπόλησεν,
807 3400 1002 3481 ἐπιχειροῦσιν
1017 3396 1097 3486 αύτῷ
1111 3424 1177 3463 τινα
1187 3401 1304 3479 μείζονα
1316 3424 1429 3484 μαγγα-

160 3527 211 3570 pag.
227 3518 268 3559 ιω.
282 3503 361 3565 νείαν
373 3498 597 3579 κατασκευάσαι,
613 3496 654 3575 οῖς
667 3497 756 3574 αύτδς
768 3496 913 3581 Ἰοόσηπός
925 3526 976 3582 μοι
986 3499 1062 3565 κατά
1072 3498 1232 3582 λεπτότητα
1241 3496 1428 3587 ύφηγήσατσ.

280 3595 440 3684 Ἀπάγονσι
454 3601 509 3688 γάρ
525 3601 577 3668 τόν
592 3600 696 3666 άθλιον
710 3604 804 3665 παῖδα
818 3599 888 3683 μετά
904 3600 987 3666 δύσιν
1002 3599 1088 3684 ήλίον
1104 3605 1137 3668 ἐν
1148 3610 1211 3679 τοῖς
1222 3607 1429 3688 πλησιαίτερον

281 3698 413 3780 τύμβοις.
459 3703 651 3789 Πολυάνδρια
672 3705 704 3769 δέ
726 3706 803 3768 ἐστιν
821 3703 917 3778 οῦτως
933 3706 964 3768 ἐν
980 3710 1016 3792 τῇ
1034 3708 1154 3790 πατρίδι
1169 3701 1337 3788 καλούμενα
1352 3702 1428 3787 σπή-

280 3805 347 3862 λαια
358 3803 389 3864 ἐν
400 3806 521 3888 πέτραις
535 3804 647 3890 ὀρυκτά
664 3814 674 3852 ¹
686 3805 943 3886 κατεσκευασμίνα.
970 3801 1051 3870 Ἐκεῖ
1061 3804 1281 3890 παραλαβόντες
1292 3806 1345 3871 τόν
1356 3832 1429 3892 προ-

282 3902 434 3983 ειρημένον
452 3908 483 3969 οῖ
496 3907 557 3987 άμα
573 3905 652 3995 αύτῷ
667 3905 769 3991 γόητες
784 3907 902 3992 ἐπῳδάς
919 3933 1000 3982 τινας
1016 3908 1068 3970 καλ
1084 3906 1285 3994 ἐφοριιισμούς
1300 3909 1352 3973 καλ
1366 3909 1430 3973 ἐπι-

281 4000 449 4084 τηδεύματα
469 4004 602 4088 άσεβείας
623 4011 731 4091 ἔμπλεα
751 4010 794 4083 είς
814 4004 906 4072 αύτδν
927 4010 1099 4087 ἐποιοῦντο,
1127 4012 1178 4075 καλ
1199 4012 1242 4086 εἰς
1262 4007 1357 4091 ῦνσμα
1375 4014 1430 4089 τῆς

280 4105 495 4188 προειρημένης
511 4109 660 4192 γυναικός.
701 4107 754 4174 Ἐκ
767 4114 845 4174 θεοῦ
866 4109 898 4174 δὲ
914 4110 1081 4192 βουλήσεως
1100 4113 1144 4187 είς
1158 4118 1230 4177 νοῦν
1245 4116 1337 4177 ταῦτα
1353 4101 1430 4192 ἦλθε

281 4213 337 4270 τοῦ
349 4204 437 4270 άλλου
450 4212 649 4294 πρεσβυτέρου
661 4216 715 4276 τοῦ
730 4208 785 4276 σῦν
796 4207 928 4299 Ἰωσήπῳ
942 4211 1148 4297 τυγχάνοντος·
1162 4210 1190 4278 -ό
1202 4214 1235 4278 δέ
1249 4210 1431 4293 αἰσθόμενος

313 4342 338 4394 2.
356 4340 392 4402 ιδς
408 4347 512 4395 desidero
525 4348 550 4394 ιἰι
565 4348 619 4395 edit.
632 4350 714 4400 Ρετου.
749 4352 838 4399 σοικα-
870 4352 951 4400 Ριλου.
985 4353 1011 4401 In
1025 4353 1119 4412 reliquis
1139 4355 1204 4402 libris
1223 4357 1287 4402 επιστ
1302 4348 1430 4415 συκυρλακ

279 4414 330 4461 τῖιιι
345 4416 426 4462 vertit:
443 4413 488 4463 sed
503 4412 571 4463 velut
587 4430 633 4479 per
648 4415 776 4467 scientiam
790 4433 834 4466 ex·
869 4419 932 4467 Ιλίυσ
952 4422 1054 4480 reposuit
1071 4422 1143 4468 ιίῖοιιι
1164 4424 1317 4471 casaubonus
1339 4424 1395 4469 λοιι.
1409 4420 1429 4469 1.

279 4477 449 4530 hortabantur.
868 4485 977 4534 Ετενοῖλλ
993 4502 1050 4548 μορ.
1065 4484 1138 4546 301.,
1155 4493 1245 4537 verum
1261 4488 1357 4547 „Furta
1372 4484 1431 4535 ῖοι-

312 4547 340 4599 3.
356 4547 489 4613 συγκυρίαν
503 4549 554 4599 οσδ.
572 4549 643 4598 νοτία
652 4584 661 4611 ,
677 4554 766 4601 ιιλιιιλε
779 4552 835 4600 edit.
867 4556 928 4599 tum
945 4562 999 4602 ent
1016 4550 1104 4601 mulier
1122 4552 1149 4604 in
1168 4554 1288 4605 λιιλοεο.··
1321 4556 1397 4605 m
