3046 5084
153 372 213 435 508
572 381 693 433 ειαουι
710 380 878 433 εειειιιαιι

153 502 192 584 μή
208 503 342 585 φέρωμεν
357 497 423 582 μεθ’
436 500 550 565 ἑαυτῶν
564 503 685 578 κακίαν,
707 497 728 581 ἢ
742 496 870 580 ἡδονὴν,
892 496 913 580 ἢ
927 500 1055 583 ἔχθραν,
1078 497 1098 581 ἥ
1112 526 1140 565 τι
1156 501 1259 585 ἕτερον
1274 502 1307 565 ἓν

152 613 215 680 ταῖς
236 606 380 678 διανοίαις
405 600 530 667 1αὐτῶν.
572 599 651 665 Ἐπελ
675 608 739 676 πῶς
761 598 797 664 ἀν
814 603 924 683 ίχιομεν
939 606 1072 678 δυνατῶς
1087 604 1137 669 καλ
1152 600 1209 684 τὴν
1224 626 1306 684 περι-

152 704 256 791 στερόν
271 704 470 788 μιμήσασθαι,
494 705 536 787 μὴ
551 703 634 781 ἐκτός
647 702 797 789 γενόμενοι
811 707 931 780 κακίαςς
954 708 1005 768 καί
1018 708 1065 769 τοί
1080 728 1114 790 γε
1127 712 1184 769 τοῦ
1197 706 1307 790 γίνους

151 817 204 891 τῆς
225 815 395 893 περιστερᾶς
416 810 447 873 ἐν
468 816 585 882 πολλοῖς
601 805 768 891 πράγμασιν
788 803 843 871 οῦκ
861 807 1084 887 ἐπαινουμένου.
1128 804 1306 874 Ἀκόλαστον

151 913 206 996 γάρ
229 914 312 997 γένος
329 918 513 994 περιστερᾶς,
543 912 595 973 καλ
609 913 783 991 πολυμιξίας
804 907 845 991 μη
862 905 1118 991 ἀνακοπτόμενον,
1146 908 1257 994 λάγνον
1272 936 1305 975 τε

151 1017 202 1078 καί
223 1011 293 1080 καθ’
314 1013 394 1096 ίίραν
415 1011 511 1100 η’δονῇ
534 1016 814 1096 προςανακείμενον,
843 1009 920 1095 πρός
941 1012 973 1076 δὲ
992 1010 1109 1087 τούτοις
1126 1008 1235 1078 ἀτονον
1253 1014 1306 1080 καλ

152 1116 286 1201 βληχρόν.
332 1114 391 1178 Διά
415 1115 447 1178 δὲ
470 1113 502 1179 τό
524 1111 636 1178 ἀκακον
660 1115 711 1177 καὶ
734 1112 932 1196 μακρόθυμον
955 1115 1006 1177 καλ
1029 1110 1232 1197 ἀμνησίκακον
1251 1122 1306 1181 τοῦ

153 1218 244 1297 ζοίου,
268 1220 310 1281 ἔτι
326 1215 384 1298 μὴν
399 1219 450 1280 καί
466 1214 514 1280 διά
530 1215 561 1281 τό
579 1218 610 1280 ἐν
625 1219 695 1279 είδει
712 1222 882 1299 περιστερᾶς
896 1214 1052 1297 πεφάνθαι
1067 1214 1100 1281 τό
1115 1215 1202 1302 ἀγιον
1216 1224 1306 1282 πνεῦ-

153 1349 207 1402 μα,
237 1318 422 1402 μιμήσασθαι
445 1315 524 1400 ἡμᾶς
546 1317 679 1399 βοῦλεται
703 1318 720 1383 ό
742 1327 828 1393 θεῖος
847 1317 933 1403 λόγος
954 1326 1007 1383 τοῦ
1029 1315 1115 1403 ἀγίου
1137 1318 1307 1402 πνεύματος

152 1421 205 1505 τήν
221 1421 361 1504 βούλησιν
375 1422 425 1485 καί
440 1428 492 1502 τῆς
507 1417 622 1485 ἀκάκου
639 1428 809 1506 περιστερᾶς
823 1419 877 1503 την
891 1418 1031 1500 ἀκακίαν,
1054 1418 1141 1499 όντας
1156 1422 1212 1504 μὲν
1226 1418 1306 1504 ἡμᾶς

152 1530 318 1610 φρονίμους
339 1526 380 1598 είς
401 1520 433 1587 τό
457 1520 589 1608 ἀγαθόν,
621 1521 777 1606 ἀκεραίους
797 1523 829 1587 δὲ
850 1525 893 1599 είς
907 1522 942 1589 τό
962 1522 1063 1588 κακόν.
1109 1525 1171 1588 Καί
1187 1526 1305 1590 λέλυται

152 1625 172 1710 ἡ
187 1625 299 1692 τούτων
317 1634 397 1690 πᾶσα
414 1628 639 1710 δραματουργία.
685 1623 794 1700 Εῦθῦς
810 1623 867 1710 γάρ
884 1622 902 1691 ό
918 1624 1002 1711 ἀγιος
1017 1624 1181 1702 ἀπόστολος
1195 1624 1231 1693 τό
1248 1652 1306 1691 πα-

153 1738 278 1815 νοῦργον
292 1733 342 1793 καί
360 1731 516 1809 ἐπίβουλον
533 1726 586 1810 οῦχ
604 1725 726 1812 ὁρίζεται
741 1730 967 1813 περισσοτέρως,
995 1726 1066 1793 ἀλλά
1081 1727 1155 1794 κατά
1170 1736 1226 1795 τοῦ
1241 1733 1305 1795 δια·

152 1831 242 1915 βόλον
260 1834 312 1895 καί
329 1838 381 1895 τοῦ
399 1828 513 1911 όφεως,
535 1832 641 1914 λέγων,
667 1834 826 1911 Φοβοῦμαι
842 1832 874 1895 δὲ
890 1830 931 1913 μή
947 1856 1026 1910 ποις,
1049 1828 1090 1907 οἷς
1105 1829 1123 1897 ό
1138 1830 1212 1913 όφις
1226 1830 1304 1917 τ’γπά·

151 1958 236 2017 τησεν
253 1933 354 2010 Εῦαν,
386 1935 417 1998 ἒν
437 1940 473 2022 τῇ
492 1937 658 2020 πανουργίᾳ
678 1930 771 1997 αῦτοῦ
793 1941 899 2022 φθαρῇ
919 1932 956 1997 τά
977 1932 1109 2015 νοήματα
1130 1930 1219 2019 όμοῖν
1243 1934 1304 2002 ἀπό

152 2046 203 2120 τῆς
221 2035 384 2119 ἁπλότητος
400 2039 450 2100 καὶ
468 2033 584 2120 ἀγνείας
604 2042 733 2119 Χριστοῦ
751 2037 802 2099 καί
819 2034 1015 2118 δικαιοσύνης.
1057 2032 1147 2125 Ὁρᾷς
1165 2032 1208 2113 τίς
1223 2048 1306 2119 φθο-

151 2139 207 2224 ράν
225 2138 374 2222 ἀπέφηνεν
390 2137 407 2204 ό
424 2137 587 2213 ἀπόστολος
601 2141 650 2202 καί
669 2142 850 2223 πανουργίαν
868 2135 968 2221 δεινὴν
985 2140 1037 2202 καλ
1052 2134 1170 2223 ἀπάτην
1186 2136 1225 2205 τά
1243 2138 1304 2207 ἀπό

151 2251 204 2308 τοῦ
226 2241 325 2323 όφεοτς
346 2241 421 2328 πρός
443 2237 496 2323 τὴν
519 2240 604 2305 Εῦαν
622 2241 917 2325 πεπραγματευμένα,
947 2241 999 2305 καλ
1020 2237 1075 2307 οῦκ
1096 2240 1252 2308 ἐπαινετόν
1277 2270 1306 2310 τι

151 2345 232 2431 παρά
254 2352 307 2410 τοῦ
330 2344 421 2409 αὐτοῦ
442 2345 633 2429 γεγενημένον
654 2338 792 2419 ἀπέδειξε.

83 2542 134 2596 .‘·'.
240 2532 437 2616 Πανταχόθεν
463 2536 563 2597 τοίνυν
588 2530 712 2614 φωρατη
737 2532 787 2595 καί
811 2533 933 2614 ἔκδηλος
954 2527 976 2612 ἦ
999 2527 1113 2597 τοῦτον
1133 2528 1223 2597 ἀνοιά
1245 2534 1306 2599 ίστι

151 2637 239 2700 παντὶ
260 2643 301 2723 τηῦ
318 2636 486 2722 βουλομένῳ
505 2635 612 2699 εἰδέναι
633 2631 687 2715 την
708 2639 762 2715 τῆς
777 2630 919 2715 ἀληθείας
936 2636 1127 2699 διδασκαλίαν
1146 2635 1199 2699 ιιαλ
1216 2634 1305 2703 mb-

151 2764 241 2820 ματος
256 2736 342 2824 ἀγίου
359 2744 473 2822 γνῶσιν.
507 2736 574 2801 Ἵνα
590 2736 621 2800 δὲ
641 2733 681 2818 μη
695 2734 840 2801 ἀναλίσκον
857 2734 980 2820 χρόνον,
1001 2737 1053 2801 καλ
1069 2734 1179 2818 ταύτην
1195 2740 1306 2805 διασει·

152 2839 275 2921 σάμενος
292 2838 344 2921 τὴν
358 2839 485 2923 χαλεπήν
502 2841 558 2904 καί·
569 2837 700 2903 δόπλουν
714 2846 768 2903 τοῦ
785 2836 929 2923 πελάγους
943 2836 1045 2920 ζάλην,
1071 2840 1121 2903 ίπλ
1135 2836 1189 2915 τάς
1204 2840 1306 2927 ἑτέρας

151 2946 327 3018 θαλαττίους
342 2946 541 3027 ποντοπορίας
555 2938 587 3006 τό
604 2938 719 3021 σκάφος
737 2938 909 3024 όπλίσομαι,
932 2942 1076 3023 ἐπιμελῶς
1092 2938 1163 3017 τοῦς
1179 2938 1306 3025 αῦγίνας

152 3051 267 3129 κρατῶν
285 3047 316 3109 ἒν
330 3052 367 3133 τῇ
382 3052 435 3109 τοῦ
452 3051 526 3110 θεοῦ
543 3042 667 3125 δυνάμει
682 3046 734 3108 καί
749 3040 848 3125 εόγαῖς
861 3040 968 3129 ἀγίοτν,
990 3040 1074 3119 ὅπως
1088 3044 1306 3128 παραπλίοπες

150 3146 391 3229 κατοπτεόσωμεν
413 3152 470 3212 τῶν
492 3144 601 3232 ἀγρίων
622 3143 761 3227 κυμότων
782 3144 836 3228 τὴν
853 3144 1015 3231 κόρτοτσιν,
1046 3147 1097 3211 καλ
1114 3152 1175 3211 τῶν
1191 3148 1224 3213 ίν
1241 3156 1305 3225 τοῖς

151 3248 285 3336 πελάγεσι
300 3254 413 3335 θηρίων
429 3248 553 3332 ἰοβόλων
567 3246 619 3323 τάς
636 3247 770 3331 μορφάς,
793 3247 936 3331 ἀπληκτοι
953 3250 985 3313 δὲ
1001 3246 1061 3315 ἀπό
1077 3246 1306 3333 σμυραινιίδους

153 3357 201 3419 ίοῦ
222 3356 273 3418 καί
292 3356 435 3439 τρυγόνος
455 3354 506 3417 καὶ
524 3354 685 3434 δρακαίνης
702 3353 753 3417 καλ
770 3354 931 3436 καρχαρίου
947 3352 999 3416 καλ
1015 3354 1198 3437 σκορπαίνης
1213 3350 1303 3439 περιί-

152 3479 218 3533 σαι,
248 3458 299 3521 καὶ
317 3464 369 3522 τοῦ
384 3455 486 3521 εῦδίου
503 3461 555 3536 τῆς
572 3450 712 3535 ἀληθείας
727 3456 843 3536 λιμένος
858 3451 895 3517 δι’
911 3450 997 3536 εῦχῆς
1011 3454 1064 3518 καί
1079 3456 1191 3531 ίιιεσίας
1206 3456 1305 3521 ἔπιτν-

32 3592 82 3635 ηις.
96 3580 140 3625 ττι.
154 3568 214 3641 γεῖν
229 3562 438 3643 δυνηθείημεν·
461 3556 668 3642 πληρουμένου
681 3558 731 3621 καί
745 3558 777 3621 ἐν
791 3553 864 3639 ἡμῖν
878 3562 931 3622 τοῦ
943 3559 1050 3641 ῥητοῦ,
1071 3562 1140 3637 τοῦ,
1164 3558 1206 3621 Οί
1215 3582 1306 3625 κατα·

153 3664 305 3743 βαίνοντες
320 3666 361 3738 εἰς
376 3661 528 3727 θάλασσαν
543 3656 596 3735 τός
612 3654 716 3745 ἀρετάς
731 3664 784 3724 τοῦ
801 3662 909 3744 κυρίου
925 3656 1121 3744 διηγήσονται.
1160 3654 1229 3739 Ἐφ’
1243 3662 1305 3729 ἕτί-

154 3790 209 3848 ραν
229 3769 329 3829 τοίνυν
349 3764 458 3848 ταύτην
479 3768 608 3845 καθεξῆς
627 3760 682 3843 τήν
702 3764 824 3847 πορείαν
844 3758 1007 3844 ποιήσομαι
1029 3760 1105 3845 πρός
1125 3758 1272 3849 διήγησιν.

471 3995 627 4065 ΚΑΤΑ
666 3986 981 4079 *ΚΑΙΑΝΩΝ

343 4108 630 4204 ἑπτακαιδεκάτη,
656 4106 680 4202 ἠ
705 4112 764 4183 καὶ
789 4107 970 4206 τριακοστὴ
998 4106 1107 4205 ὀγδόη.

18 4264 84 4332 Κεφ.
102 4262 134 4319 α’.
238 4261 365 4322 Καιανοί
380 4282 454 4332 τινες
470 4255 676 4340 ὀνομάζονται,
706 4254 766 4323 ἀπό
783 4262 836 4322 τοῦ
854 4255 935 4322 Κάϊν
949 4256 1102 4341 εἰληφότες
1115 4254 1171 4342 τὴν
1187 4260 1306 4327 διηνα-

152 4364 223 4443 μίαν
239 4368 290 4442 της
306 4361 451 4446 αίρὲσεως.
498 4352 587 4425 Οῦτοι
603 4357 658 4446 γάρ
676 4356 730 4425 τόν
746 4358 826 4424 Κοίϊν
844 4362 1011 4440 ἐπαινοῦσι,
1038 4362 1091 4427 καλ
1106 4362 1220 4446 πατέρα
1235 4364 1307 4431 ἕατ-

152 4471 211 4529 τῦν
229 4471 332 4529 τοῦτον
348 4462 498 4541 τάττουσι,
520 4464 570 4528 καί
586 4460 686 4541 αότολ,
709 4458 749 4537 τίς
767 4464 875 4542 εἰπεῖν,
898 4460 938 4539 ἀς
953 4460 1013 4530 ἀπό
1027 4467 1178 4549 διαφορᾶς
1192 4466 1306 4533 ἐπανι-

187 4621 246 4673 οιι.
257 4622 324 4673 vm.
341 4648 375 4661 -
395 4622 416 4673 1.
435 4622 508 4685 ιὐηι
525 4615 616 4674 τοττι.
776 4617 804 4685 *J
821 4602 914 4675 κυλίοι
929 4622 981 4674 ωε
993 4622 1092 4687 m.
