3046 5084
415 357 550 410 rmrsnu
565 356 756 413 mauroso
769 359 802 411 ιι.
817 360 917 413 uasa.
933 360 1022 414 xxx.
1230 348 1292 413 ιιι

149 474 288 540 historiae
304 475 401 540 oblata
417 476 504 539 nobis
518 476 637 539 oeeasio
651 487 709 554 est,
728 477 762 541 in
779 498 844 541 eam
860 499 925 542 sum
941 479 1062 543 lortnito
1078 478 1202 544 delatus.
1245 476 1295 543 Eo

148 596 221 642 raro
238 577 403 662 pertinebat
420 576 518 654 istud,
546 586 580 639 nt
596 577 760 661 eonplurea
779 579 999 643 ostenderemus
1020 579 1050 642 ia
1068 598 1104 643 ea
1123 579 1295 663 migratione

149 680 246 744 varias
264 699 426 764 occupasse
444 680 548 756 sedes,
579 679 629 761 qui
648 696 689 741 ex
704 674 864 741 israelitica
882 690 969 761 geute
988 680 1110 763 originis
1127 691 1212 743 eraut
1228 701 1295 744 auo·

148 782 283 845 sessione
299 779 435 844 derivati.
479 775 539 861 Qui
557 779 671 862 quidem
690 778 727 841 ab
744 798 780 841 ea
799 778 846 841 ubi
864 779 1032 843 habitabant
1049 779 1169 863 regione
1186 801 1295 863 eogno-

148 882 252 947 ninari
274 881 419 945 solebant.
471 877 719 963 Quemadmodum
744 902 808 943 oum
833 881 909 943 tiliae
933 878 1032 944 lethro
1056 881 1171 944 allatam
1194 881 1249 945 sibi
1277 901 1295 946 a

147 980 256 1067 Moyse
273 1003 357 1066 opem
373 980 487 1066 parenti
503 981 721 1058 renuntiarent,
744 994 957 1065 narrareotque
973 984 1100 1067 depulsis
1117 1004 1133 1045 a
1147 1003 1181 1046 se
1197 993 1296 1067 pasto-

146 1084 229 1147 ribus
243 1104 315 1146 suos
330 1084 410 1147 illum
422 1102 528 1165 greges
542 1083 715 1164 adaquasse,
740 1081 806 1162 hoe,
829 1083 959 1166 iuquam,
983 1105 1047 1147 oum
1063 1085 1177 1147 domum
1193 1105 1295 1148 rever·

148 1204 201 1248 sae
218 1184 330 1268 parenti
346 1184 505 1259 dixissent,
528 1182 696 1245 soisoitaote
711 1182 844 1246 nimirum
865 1205 918 1261 eo,
952 1189 1012 1245 Cur
1024 1188 1105 1247 dodae
1120 1191 1235 1248 marios
1248 1209 1294 1248 oe-

149 1290 239 1348 looa‘as
254 1288 361 1347 sotatur
379 1284 609 1369 responderunt,
633 1289 685 1345 Vri·
698 1290 860 1365 Aegyptius
874 1289 1006 1347 liberauit
1019 1309 1070 1348 noa
1088 1290 1123 1348 de
1139 1309 1223 1348 mono
1235 1309 1290 1368 po·
1304 1298 1373 1343 Emd.
1382 1301 1404 1356 ι,
1413 1299 1442 1343 ta

148 1399 266 1462 storum,
289 1392 403 1465 thseper
416 1396 445 1447 at
456 1389 673 1467 daasituquom,
693 1399 845 1467 petramque
858 1392 936 1449 dedit
947 1389 1043 1449 ova'bus
1058 1394 1173 1450 amiras.
1221 1384 1290 1452 Sta·

148 1488 255 1572 timque
271 1486 346 1550 dixit
360 1486 429 1563 illis,
453 1492 513 1548 cm
527 1509 582 1549 aon
597 1491 653 1549 duo
669 1492 749 1549 ittam
764 1493 935 1562 addemnatis,
958 1502 991 1550 ut
1003 1494 1159 1551 comederet
1168 1498 1292 1570 ponem

148 1587 223 1672 Quis
244 1598 338 1651 aute·
360 1587 455 1650 nesoit
475 1588 608 1651 Amrami
630 1599 660 1652 et
684 1586 854 1653 loolmbstae
881 1592 968 1653 hlium
991 1591 1127 1655 extitisse
1148 1589 1289 1676 Moysen,

144 1691 314 1754 Auramum
331 1685 453 1766 Canthi,
486 1686 628 1752 Canthum
648 1687 742 1766 Lari,
774 1691 851 1754 huno
867 1689 982 1770 iacobi,
1011 1692 1093 1755 euius
1111 1703 1192 1776 pater
1208 1690 1291 1757 isaa-

144 1812 213 1870 cus,
244 1789 542 1855 lsaasidbrabamus
560 1789 666 1853 luerit?
707 1788 813 1874 Neque
831 1804 945 1868 tamen,
976 1794 1290 1880 proeoquoddegy·

143 1893 219 1979 ptius
244 1892 387 1975 apellatur
407 1889 549 1976 Moyses,
579 1892 645 1954 ideo
669 1892 828 1954 nobilitatis
852 1893 928 1955 illios
951 1914 985 1956 ae
1007 1895 1106 1976 stirpis
1128 1905 1174 1957 est
1194 1897 1288 1959 series

143 1994 285 2058 extineta.
322 1991 388 2056 Hoe
402 1992 492 2075 igitur
506 1994 591 2055 nodo
606 1991 729 2056 Ebiouis
746 1993 889 2076 discipuli,
910 1993 989 2055 velut
1004 1995 1175 2058 aberrantes
1190 2016 1225 2058 ao
1239 1997 1289 2059 de-

56 2116 59 2127 ·
142 2095 201 2175 vii,
230 2096 328 2159 varim
345 2115 379 2159 se
396 2095 427 2158 iu
442 2095 579 2177 ambages
595 2114 629 2157 ao
644 2094 740 2157 dexans
753 2094 931 2177 abruptaque
948 2095 1052 2157 itinera
1069 2096 1286 2160 commiserunt.

226 2196 346 2260 Atesim
361 2196 612 2260 eiroumeisiouem
630 2215 700 2280 prae
716 2215 750 2258 se
766 2197 879 2271 lerunt,
902 2215 996 2277 eaque
1011 2215 1044 2257 re
1061 2197 1212 2279 plurimum
1225 2199 1287 2281 glo·
1322 2214 1381 2280 cap.

142 2298 273 2377 riantur,
303 2309 405 2383 utpote
423 2317 509 2382 quam
527 2297 771 2381 patriarcharum,
801 2295 981 2380 aliorumque
1000 2296 1046 2379 qai
1066 2298 1139 2381 legis
1157 2309 1286 2383 temporo
1302 2280 1398 2332 '⁰⁶¹¹'

142 2400 248 2464 vixere
262 2400 424 2478 iustorum,
452 2409 549 2461 ootmu
568 2418 603 2462 ae
618 2399 733 2482 siguum
749 2398 886 2461 extitisse
905 2408 1022 2482 putentq
1054 2420 1111 2481 quo
1131 2399 1217 2462 otiam
1235 2422 1288 2463 uo·

143 2501 222 2565 mine
238 2501 393 2586 adaequari
409 2522 442 2564 se
455 2521 520 2563 oum
536 2499 593 2563 illis
607 2501 798 2576 arbitrantur,
816 2501 946 2583 adeoque
959 2496 1070 2562 Christi
1083 2500 1174 2583 ipsius
1188 2522 1288 2564 exem·

144 2604 221 2689 pium
236 2604 271 2667 ad
286 2603 363 2666 illam
377 2603 617 2687 comprobandam
631 2602 862 2697 aoeommpdeut,
881 2613 911 2664 ut
925 2610 955 2663 et
967 2597 1150 2665 Cerirrthiani
1168 2603 1285 2666 laoiuut.

143 2701 276 2787 Quorum
292 2704 472 2789 ineptissime
486 2705 732 2768 aeoommodatam
747 2702 826 2766 illam
841 2703 1015 2766 senteutiam
1031 2714 1187 2789 usurpante
1217 2707 1285 2787 Sus-
1297 2733 1382 2777 Mmq

134 2809 207 2888 ficit
217 2810 371 2888 dheapolo,
393 2810 424 2867 aa·
432 2811 474 2869 sit
483 2811 560 2868 σιἰιιι
572 2810 709 2885 moghter
722 2809 792 2866 edas.
838 2801 974 2869 Christus
989 2805 1083 2884 euim,
1107 2805 1205 2884 aiunt,
1228 2806 1286 2870 oir·
1302 2787 1333 2841 ¹⁰’
1347 2786 1379 2829 ²⁴·

142 2908 288 2971 eameisus
315 2918 378 2971 est:
413 2918 444 2971 tu
466 2908 556 2992 igitur
580 2906 807 2970 eiraumeiditor.
856 2905 955 2989 Atque
983 2918 1015 2971 ιιι
1038 2908 1149 2971 erroris
1172 2909 1285 2973 semina

142 3030 249 3094 magara
271 3009 471 3074 aemiliorum
495 3009 606 3094 pudore
630 3008 838 3093 profligentur,
874 3029 933 3071 noo
955 3028 1042 3072 serus
1065 3030 1100 3073 ao
1125 3011 1285 3073 fraeuaudo

140 3110 215 3174 mari
233 3111 312 3174 velut
329 3111 465 3196 repagula
483 3110 622 3194 quaedam
640 3130 675 3173 ae
695 3118 811 3193 portae,
843 3129 997 3173 arenarum
1017 3132 1035 3173 a
1051 3111 1106 3174 deo
1123 3111 1216 3175 moles
1233 3112 1285 3174 ob-

141 3212 218 3277 ieeta
233 3223 291 3290 eat,
313 3212 501 3295 eiusdemque
516 3213 681 3275 mandatum
693 3210 874 3274 istiusmodi=
896 3216 1048 3294 lineasque
1062 3218 1163 3285 mares,
1187 3224 1217 3274 et
1227 3235 1283 3275 noa
1296 3232 1381 3289 muas,
1392 3236 1421 3279 ιι.

136 3318 273 3394 peredeo
289 3318 425 3394 ιιιιιιιιιίιι,Ι
454 3317 506 3375 sed
523 3318 553 3377 ιἰι
574 3325 602 3375 te
618 3315 834 3396 eonsrs'ageratar
845 3317 957 3396 fluetus
977 3319 1036 3387 tui,
1069 3315 1111 3377 ait
1126 3314 1282 3398 scriptura,

142 3414 186 3479 sie
200 3414 288 3479 etiam
304 3414 344 3479 ilti
360 3416 390 3478 iu
406 3414 580 3501 semetipsos
595 3414 701 3499 relapsi
716 3414 832 3499 penitas
845 3425 1063 3479 eonsumeutur.
1101 3413 1281 3499 Quamquam

141 3516 198 3581 boe
213 3515 354 3596 interest,
384 3517 460 3602 quod
476 3516 536 3582 ittte
550 3516 588 3581 ad
603 3516 764 3580 ootireeuda
780 3517 873 3580 maria
888 3517 986 3581 divino
1003 3515 1124 3599 imperio
1142 3516 1282 3583 terminus

140 3616 191 3681 illa
205 3619 380 3685 ooustitutus
397 3630 460 3698 est,
491 3619 538 3683 hio
554 3627 651 3682 autem
666 3618 731 3704 ipsa
744 3639 798 3703 per
814 3638 881 3681 sese
895 3617 1041 3701 nequitia,
1071 3627 1159 3701 atque
1174 3638 1282 3684 exeae-

139 3730 223 3785 eatae
237 3721 344 3784 meotis
360 3742 445 3784 error
461 3742 479 3784 a
495 3740 586 3785 seusu
601 3719 718 3806 pietatis
733 3721 893 3784 adhorreus
908 3717 1109 3782 intelicissima
1122 3719 1183 3800 illa,
1207 3742 1281 3806 quaa

139 3831 209 3886 anta
221 3822 405 3907 protulimus,
424 3823 560 3906 dogmata
573 3822 652 3886 relat
666 3823 806 3906 quosdam
821 3823 849 3884 iu
864 3842 897 3885 se
912 3822 1016 3884 fluetus
1031 3821 1172 3886 excitarit
1186 3824 1278 3909 prius,

138 3944 174 3987 aa
190 3924 345 3989 eontrariis
362 3924 495 3987 fluetibus
512 3924 609 4003 illisit,
639 3924 872 4007 etsemetipsum
890 3923 920 3984 iu
937 3942 970 3985 se
985 3944 1146 3989 conversus
1162 3928 1279 3991 oonlra·

137 4035 259 4111 atnsque
279 4026 441 4112 dissiparit.
486 4026 547 4089 Αιιι
566 4038 596 4089 ut
616 4026 746 4089 exitialis
764 4045 887 4107 serpeus
908 4030 975 4087 sese
995 4026 1152 4091 ooulioieus
1171 4028 1276 4113 ipsum,

135 4137 196 4191 eta
210 4130 302 4193 eaada
316 4128 460 4214 replieaus
475 4148 510 4193 ao
523 4128 681 4192 revolveos
693 4147 776 4191 suum
792 4147 897 4211 eorpus
912 4127 1009 4193 adedit
1022 4138 1051 4191 et
1064 4127 1200 4193 absumit.
1243 4126 1277 4193 ld

135 4276 239 4347 ψιιμμιιι
258 4283 341 4345 reliqui
361 4283 407 4331 ιιιιι
428 4282 488 4330 tatum.
528 4283 694 4343 deponendum
726 4288 778 4329 turn
796 4288 849 4340 est,
866 4279 1019 4349 claustraque
1039 4299 1069 4331 ac
1085 4292 1172 4349 portae
1186 4300 1276 4332 arenae

133 4353 240 4411 mantem
250 4345 477 4417 sahainepqnhttdc
487 4366 509 4401 τ,
522 4349 547 4401 {t-
559 4346 589 4401 dat
601 4348 626 4400 3.
637 4343 688 4412 (ιρι-
721 4346 853 4408 terminus,
879 4359 905 4401 et
938 4359 1080 4417 raeoeptum
1096 4350 1144 4400 hoc
1160 4356 1209 4401 rell.
1217 4387 1226 4414 ,
1250 4358 1276 4401 ιιι

134 4412 206 4476 ahala
218 4406 239 4482 ιι
251 4416 358 4481 stetten
369 4435 394 4469 ιι.
406 4432 432 4469 aa
446 4411 552 4483 ψάμμος
565 4410 631 4480 ὅριοι
645 4412 690 4467 και
721 4413 766 4467 και
776 4416 881 4483 κλεῖθρα
894 4367 938 4471 και
948 4414 1025 4472 πύλαι
1037 4413 1143 4484 ψάμμου
1155 4411 1219 4485 ὅριοι
1233 4434 1276 4469 oo·

131 4498 173 4549 rrp.
192 4486 686 4601 Gomartsaatotmnpmtotasaateqoem·
719 4486 789 4535 tuisse
804 4486 920 4536 videntur.
951 4497 957 4503 ·

133 4548 268 4601 admodum
282 4550 396 4603 fraenum
409 4551 471 4605 utari
488 4569 518 4603 ex
533 4550 584 4603 deo
616 4550 688 4603 ebui-
