3046 5084
374 340 508 393 eastun
523 341 585 394 utu
599 343 620 395 t.
637 341 719 396 ΤΟΜ.
733 342 776 394 tii.
793 341 891 394 ntea.
904 343 1027 394 xxxin.
1214 335 1274 395 475

126 457 355 543 redemptionem
376 479 394 523 e
413 456 483 524 lesu
504 459 678 526 obtinendae
700 462 794 544 pretio
812 460 1001 547 perfectionis
1017 462 1175 539 invectam.
1220 462 1274 527 At·

126 581 183 645 que
198 560 254 624 hoe
271 581 354 640 ease,
379 562 454 646 qood
471 561 515 625 his
530 563 630 626 verbis
647 572 782 626 testatum
800 562 968 646 reliquerim
992 568 1134 644 Baptdmo
1151 567 1209 626 atio
1224 567 1427 657 impanent.

127 665 177 725 deo
192 665 344 743 matari,
368 675 397 725 et
409 668 448 726 ad
459 668 538 726 aaran
552 667 789 748 omnrnoseetino.
832 661 894 727 imo
911 664 996 727 etiam
1014 663 1180 728 Zcbaedaei
1196 665 1273 743 filiis,

127 786 192 829 oum
215 784 316 828 eorum
339 775 432 829 mater
453 788 470 830 a
488 787 521 830 ae
540 766 734 853 postulasset,
765 776 797 829 ut
813 787 866 830 eos
884 787 983 829 secum
1002 767 1036 829 ad
1054 768 1187 830 dextram
1203 768 1273 829 sini·
1288 777 1371 872 ponptp

126 879 274 953 stremque
292 888 373 931 suana
389 868 419 930 in
436 889 527 952 regno
544 869 699 932 considere
712 867 843 946 iuberet,
868 869 988 932 eandem
1006 869 1083 932 illam
1101 869 1273 953 redemptio·
1318 861 1325 883 '
1364 856 1371 870 ’

126 991 193 1035 oem
216 971 402 1056 proposuisse
426 969 571 1034 domiuum
596 981 714 1056 potent,
749 970 793 1033 his
815 970 931 1034 verbis:
965 975 1084 1032 Potestis
1106 973 1427 1052 baptismatemerenomo.

127 1075 285 1155 baptisari,
310 1095 364 1154 pua
379 1095 432 1153 ega
446 1074 632 1153 dapn'aandos
646 1080 730 1134 anm?
772 1069 893 1136 Paulum
910 1072 1030 1157 insuper
1046 1072 1275 1158 redemptionem

126 1175 157 1238 io
178 1170 298 1238 Christo
319 1172 386 1238 lesu
409 1194 549 1260 persaepe
567 1194 813 1239 commemorasse
835 1175 1019 1259 praedicantp
1049 1197 1134 1258 quam
1154 1175 1274 1238 eandem

126 1277 220 1362 ipsam
242 1297 309 1340 csse
332 1276 434 1340 volout
455 1277 490 1340 de
513 1299 569 1361 qua
591 1277 673 1341 varia
694 1297 852 1360 eroumque
875 1277 992 1340 minime
1010 1276 1196 1341 cohaerentia
1219 1278 1276 1340 dis-

126 1388 239 1464 putant.
271 1435 278 1446 ,

210 1477 289 1544 Nam
307 1479 356 1543 elii
371 1479 544 1545 Thalamum
560 1478 662 1546 nescio
677 1502 763 1566 quem
777 1491 967 1560 construunt,
991 1502 1100 1566 eosque
1119 1503 1192 1566 quos
1206 1503 1275 1547 snas
1289 1501 1347 1568 cap.
1355 1501 1429 1550 xxt

126 1583 162 1648 ad
179 1583 361 1647 ceremonias
375 1583 528 1647 admittunt
541 1584 631 1648 certis
644 1583 746 1648 ritibus
762 1606 797 1648 ac
813 1585 988 1647 carminibus
1004 1585 1129 1663 initiant,
1150 1606 1184 1649 ec
1201 1586 1275 1670 qnod

126 1686 183 1772 ipsi
201 1695 325 1770 gerunt,
349 1685 496 1770 spiritales
515 1686 630 1771 nuptias
648 1686 810 1772 appeliant,
835 1688 868 1748 nd
889 1687 1058 1750 coelestium
1075 1687 1275 1771 coniugiorum

126 1787 317 1852 imitationem
336 1807 506 1872 expressas.
551 1786 611 1851 stu
627 1789 662 1850 ad
677 1809 780 1872 equam
798 1789 953 1873 perductos
971 1790 1085 1870 tingunt
1101 1788 1153 1851 hac
1171 1790 1277 1854 verbo-

128 1912 191 1955 rum
213 1889 355 1953 formulae
386 1894 421 1952 In
441 1895 551 1953 nomene
570 1894 664 1970 r'gnmi
678 1894 774 1952 Patrai
795 1896 930 1965 omnium,
963 1895 993 1952 in
1013 1895 1136 1953 Veritate
1156 1899 1275 1954 omnnem

127 1997 239 2066 Matre,
263 1997 293 2054 in
310 2014 342 2053 eo
358 1997 410 2073 qui
423 1997 452 2054 in
466 1997 557 2055 Iesum
571 1996 702 2074 delapsas
717 2004 775 2066 ent,
799 1997 828 2053 in
844 1997 946 2054 antone
962 2005 990 2054 et
1004 1998 1190 2074 redemptione
1203 2016 1277 2055 com·

125 2099 308 2176 manicaeque
327 2098 477 2156 Va‘rtutnm.
525 2090 602 2159 Sunt
621 2106 651 2157 et
667 2093 715 2178 qui
733 2093 895 2157 Hebraicas
913 2115 1001 2158 voces
1021 2097 1186 2178 proterant,
1221 2118 1277 2179 quo

58 2224 61 2236 ·
126 2196 269 2262 maiorem
286 2196 407 2260 initiatis
424 2197 576 2260 horrorem
593 2196 736 2274 iniiciant,
761 2196 814 2260 hoc
833 2197 935 2259 modo:
962 2202 1091 2271 Baaema,
1118 2201 1274 2271 Characene,

127 2306 291 2373 damnare,
320 2303 472 2373 Maitadr’a,
501 2303 633 2374 Bisada,
659 2305 761 2373 Carta,
786 2301 948 2380 Badopdor‚
974 2303 1149 2360 Kalaadtdei.
1197 2296 1277 2383 Quo·

127 2423 192 2466 rum
215 2402 287 2465 hoec
311 2412 356 2464 est
379 2403 541 2464 sententiae
572 2406 667 2484 Supra
689 2424 793 2464 ornnem
815 2406 949 2462 ii'rtatem
966 2406 1061 2463 Patris
1077 2407 1183 2464 Lumen
1205 2407 1280 2484 qnod

127 2516 245 2568 oceano
259 2507 393 2585 imploro‚·
424 2527 475 2566 nee
492 2527 547 2566 non
569 2517 597 2566 et
614 2508 751 2585 Spiritum
769 2507 885 2578 bonum,
918 2516 946 2565 et
963 2508 1068 2577 Vitam,
1100 2509 1228 2585 qnoniam
1250 2510 1278 2566 io

128 2628 247 2690 corpore
264 2611 402 2687 regnasti.
450 2603 575 2689 Quidam
598 2605 638 2670 ita
658 2607 885 2691 redemptionem
906 2606 1083 2691 concipiunt.
1129 2607 1277 2670 Arcanum

129 2720 161 2773 et
175 2709 318 2773 occuitum
336 2708 372 2772 ab
389 2709 466 2772 omni
483 2709 635 2773 divinitate
650 2709 855 2793 dominatuque
870 2710 1043 2772 severitate
1060 2730 1178 2788 nomeu,
1203 2711 1277 2794 quod

128 2808 215 2876 lesus
231 2808 408 2874 Nazarenos
424 2810 533 2889 induit,
563 2812 592 2874 in
612 2811 681 2875 vitis
697 2811 814 2876 luminis
832 2808 960 2888 Christi,
991 2807 1121 2891 Christi,
1148 2813 1276 2897 inquam,

127 2912 256 2978 virentis
272 2933 324 2998 per
341 2908 482 2998 Spiritum
500 2924 652 2992 sanctum,
676 2913 705 2977 in
722 2914 950 2999 redemptionem
969 2914 1148 2997 angelicam,
1173 2936 1277 2978 nomon

129 3013 342 3079 restitutionis:
366 3020 501 3090 Messias,
530 3012 676 3097 Updareg,
700 3019 958 3097 Namempsaeman,
989 3021 1159 3091 Chaldaeae,
1184 3021 1279 3079 Moro-

129 3122 256 3193 medaea,
285 3121 472 3198 Aepdronae,
495 3121 603 3191 Prona,
627 3123 693 3180 Iesu
713 3122 852 3180 Nazario.
897 3115 983 3202 Quae
1005 3119 1059 3183 hoo
1082 3121 1167 3182 modo
1188 3120 1279 3183 iuter-

129 3221 239 3306 pretari
256 3240 427 3305 possumus:
450 3224 515 3282 Non
532 3224 624 3282 deoida
641 3224 795 3301 Spiritum,
821 3226 877 3283 Cor
893 3226 1083 3303 Virtntemqoe
1099 3227 1176 3284 eaelo
1191 3224 1279 3283 subli-

128 3327 253 3397 miorem,
272 3327 496 3384 mr'serioordem:
515 3335 604 3385 macte
615 3327 668 3384 erin
683 3328 794 3386 nomme
808 3337 854 3386 tao
869 3328 1003 3386 Salvator
1019 3330 1161 3387 Veritatis.
1197 3321 1279 3386 Haec

130 3426 196 3490 dam
214 3425 250 3488 ab
268 3424 445 3488 antistitibus
463 3425 574 3509 prolata
592 3436 677 3506 sunt,
701 3437 762 3489 tum
780 3426 827 3510 qui
845 3426 938 3490 sacris
954 3426 1085 3490 initiatur
1101 3426 1141 3489 ita
1159 3447 1280 3511 respou-

129 3528 195 3591 deta
221 3530 410 3609 Confirmatio
423 3550 485 3590 sum
500 3549 534 3589 ae
548 3533 724 3610 redemptus:
748 3541 777 3591 et
790 3534 882 3592 omina
894 3551 953 3591 mea
968 3532 1004 3591 ab
1019 3533 1071 3591 doc
1084 3532 1178 3590 aerulo
1192 3534 1279 3591 omni·

129 3633 236 3712 tneque
255 3652 327 3711 qnae
346 3632 383 3691 ad
403 3653 435 3692 eo
456 3642 524 3693 cont
543 3635 692 3694 redimitur
712 3638 741 3728 {a
763 3638 954 3706 nominetur,
987 3636 1144 3713 quisptam
1165 3636 1281 3695 redemit

127 3738 249 3797 mamam
270 3737 299 3796 in
326 3737 538 3815 redemptionem
567 3739 596 3796 in
625 3737 738 3798 Christo
766 3740 881 3798 uiuente.
933 3734 979 3798 Ad
1010 3734 1082 3797 haec
1109 3746 1278 3819 praesentes

129 3856 232 3901 omues
246 3834 420 3899 subiiciunt:
443 3842 506 3899 Parc
519 3839 646 3900 maetas
660 3843 689 3900 in
705 3841 807 3921 par'dae
820 3860 918 3900 nomen
934 3841 1012 3899 r'atad
1024 3841 1182 3918 requiescit.
1219 3837 1279 3902 Dc-

128 3938 196 4004 iudo
211 3938 398 4022 opobalsamo
413 3937 557 4002 initiatum
573 3951 748 4025 perungunt.
782 3936 867 4023 Quod
884 3939 1022 4023 unguenti
1038 3960 1131 4025 genus
1148 3942 1279 4026 fragran-

160 4156 326 4228 damnat
348 4155 435 4224 neoda
458 4161 509 4211 eod.
527 4163 604 4212 rara.
639 4156 686 4214 ἅκ·
755 4163 779 4217 7.
798 4161 888 4212 Christi
908 4179 958 4212 oon
976 4161 1062 4212 divido
1078 4162 1209 4231 spiritum,
1237 4178 1280 4214 eor

128 4227 222 4298 operat
238 4225 336 4291 deontia
352 4230 404 4280 cod.
419 4230 516 4292 ttdedtp.
548 4222 688 4294 ᾰκψαρναι-
721 4237 772 4283 cett.
789 4234 873 4294 onom
888 4233 954 4294 apud
973 4235 1019 4284 Vct.
1034 4234 1188 4296 intereram.

128 4291 244 4362 ψεύουσα
256 4299 307 4348 eod.
319 4299 394 4348 tenet.
405 4324 438 4334 -
454 4298 488 4347 De
501 4300 687 4360 taterpretottone
754 4298 779 4351 8.
797 4300 820 4353 nt
836 4300 911 4351 odieet
926 4303 956 4351 de
972 4303 1109 4354 anctoritate
1125 4301 1192 4351 codd.
1206 4304 1279 4351 totta.

126 4367 198 4417 naas
210 4367 333 4428 (motor,
349 4368 465 4428 dptooet,
480 4368 555 4415 adem
568 4366 687 4415 doctorum
721 4373 750 4418 et.
769 4372 844 4421 venet.

127 4435 248 4485 mum
259 4435 292 4484 ad
306 4436 428 4486 amotam
440 4436 456 4483 t.
469 4436 484 4483 t.
495 4435 621 4484 ‘adnotmm
650 4435 686 4496 ct.
754 4434 779 4488 9.
797 4434 999 4491 tumaxime-ree
1015 4439 1067 4488 end.
1081 4440 1157 4488 tenet.

128 4503 280 4620 mim
294 4503 358 4554 tarr.
370 4499 413 4565 36,
429 4500 454 4552 2.
469 4505 510 4552 ant
525 4503 608 4553 eodem
620 4515 687 4567 repe·
720 4504 799 4626 Papa·
812 4499 862 4560 tini
880 4505 924 4559 τοῦ
943 4502 1075 4575 βαλσάμου
1098 4507 1166 4558 codd.
1182 4508 1279 4572 ttdedtp.
