3046 5084
269 312 326 372 124
686 318 807 370 ειιιοτι
826 317 990 369 mmmm

130 453 197 521 Κεφ.
215 450 247 522 β’.
354 429 448 512 Οὗτος
468 436 520 518 μὲν
541 428 596 500 οὑν
613 436 687 518 έχων
706 433 760 517 τὴν
781 432 917 498 διάνοιαν
939 431 1198 514 πεπονηρευμένην
1221 426 1281 494 άπδ
1305 435 1357 512 τῆς
1378 432 1412 496 ἐν

265 547 302 628 τῇ
319 543 422 626 μαγείρι
438 540 651 619 δαιμονιοίδους
671 538 784 617 πλάνης
807 538 858 600 καὶ
880 533 1173 614 πεφαυτασιωμένην,
1196 529 1351 617 πρόχειρος
1367 530 1412 597 οἲν

266 641 311 707 άεὶ
327 650 379 722 τῆς
393 643 498 704 ἑαυτοῦ
516 644 621 714 κακίας
642 637 677 702 τά
695 636 861 722 βαρβαρικά
878 638 929 701 καὶ
946 632 1095 716 δαιμόνων
1112 632 1269 719 πράγματα
1288 630 1339 699 διά
1357 642 1411 718 τῆς

266 746 372 809 ἑαυτοῦ
396 746 569 826 μαγγανείας
587 744 826 817 ἐπιδείκνυσθαι,
848 735 1005 823 παρελθόν
1027 738 1067 810 είς
1087 737 1191 816 μέσον,
1213 737 1264 800 καὶ
1278 734 1410 821 προσχή-

265 872 332 928 ματι
350 841 494 925 ὀνόματος
514 850 645 928 Χριστοῦ
670 838 711 916 σός
727 843 877 925 ἐλλέβορον
893 841 981 920 μέλιτι
999 839 1210 923 παραπλέκων,
1233 835 1410 922 δηλητήριον

264 956 325 1021 τοῖς
342 943 391 1010 ὑπ’
408 943 499 1008 αὑτοῦ
514 941 699 1028 άγρευθεῖσιν
720 945 761 1016 εἰς
776 940 829 1022 τήν
846 939 1051 1022 κακομήχανον
1066 937 1157 1003 αὑτοῦ
1178 936 1291 1020 πλάνην
1305 965 1409 1024 παρεν-

263 1051 331 1123 θεὶς
345 1055 386 1134 τῷ
406 1053 459 1109 τοῦ
478 1043 621 1126 ὀνόματος
639 1041 782 1123 άξιιιίματι
801 1048 930 1126 Χριστοῦ
952 1039 1085 1105 θάνατον
1106 1043 1255 1122 ἐνεποίησε
1271 1049 1332 1116 τοῖς
1346 1067 1408 1106 πει-

265 1158 371 1213 σθεῖσι.
416 1146 538 1231 Λάγνος
562 1147 593 1209 δὲ
612 1144 653 1208 ιδν
670 1141 744 1207 κατά
767 1142 940 1225 τηνφόσιν,
974 1145 1045 1206 1καὶ
1072 1144 1153 1206 αἰδοῖ
1171 1148 1207 1230 τῇ
1226 1149 1285 1206 τῶν
1302 1145 1410 1209 ἑαυτοῦ

263 1247 448 1331 ὑποσχέσεων
462 1244 716 1327 ὑπονυσσόμενος,
738 1246 991 1329 παρεφθαρμένην
1009 1241 1156 1308 ὑπόνοιαν
1171 1251 1232 1319 τοῖς
1251 1240 1301 1307 ὑπ’
1317 1243 1410 1311 αὑτοῦ

265 1348 468 1430 ἐπικτωμένοις
490 1345 507 1413 ό
528 1345 655 1432 άγόρτης
677 1345 937 1430 παρενεποιήσατο.
982 1352 1114 1410 Γυναῖκα
1142 1343 1196 1429 γάρ
1228 1372 1293 1409 τινα
1314 1349 1409 1436 ἑαυτῷ

265 1449 424 1534 εὑράμενος
443 1449 589 1535 ῥεμβάδα,
620 1446 737 1529 Ἑλένην
763 1446 909 1530 τοῦνομα,
940 1446 998 1512 άπό
1021 1455 1074 1530 τῆς
1095 1451 1208 1530 Τυρίων
1234 1444 1409 1533 ὁρμωμένην

264 1552 376 1639 δι’γεται,
399 1551 440 1634 μη
457 1550 633 1631 ὑποφαίνων
656 1548 818 1630 συνάφειαν
839 1552 912 1632 ἔχειν
932 1549 1007 1633 πρός
1026 1547 1147 1630 ταύτην·
1178 1550 1209 1613 έν
1226 1550 1408 1643 παραβύστῳ

263 1656 296 1720 δέ
312 1652 477 1739 αίσχρότητι
494 1651 795 1737 συμπεριπλεκόμευος
812 1658 853 1738 τῷ
871 1656 981 1740 γυναίῳ
996 1649 1015 1717 ό
1033 1649 1105 1735 γόης
1120 1648 1186 1714 τινά
1204 1651 1331 1736 μυθώδη
1347 1672 1407 1736 ψυ.

262 1760 408 1842 χαγωγίαν
433 1765 493 1830 τοῖς
519 1757 625 1819 ἑαυτοῦ
644 1762 791 1836 μαθηταῖς
807 1750 966 1838 ὑφηγεῖτο,
995 1758 1090 1835 δῆθεν
1105 1750 1210 1818 ἔαυτόν
1230 1750 1304 1819 είναι
1317 1754 1408 1821 δῦνα-

263 1885 313 1939 μιν
332 1864 407 1921 θεοῦ
420 1859 509 1942 λέγων
525 1856 578 1939 την
591 1854 730 1940 μεγάλην,
753 1854 806 1937 τὴν
828 1857 858 1920 δὲ
881 1858 1007 1940 σιίζυγον
1026 1855 1162 1937 πορνάδα
1181 1864 1297 1937 πνεῦμα
1320 1855 1408 1941 δι’γιον

263 1956 338 2024 είναι
351 1958 505 2041 τετόλμηκε
521 1961 621 2043 λέγειν,
644 1960 694 2022 καί
710 1955 759 2022 διά
775 1960 885 2040 ταύτην
898 1958 1125 2039 κατεληλυθέναι
1142 1961 1241 2038 φησίν.
1274 1955 1322 2022 Ἐν
1340 1958 1406 2022 ε’κά-

262 2081 321 2149 στφ
339 2062 370 2125 δὲ
388 2059 504 2149 οῦραυῷ
522 2057 766 2144 μετεμορφοόμηυ
781 2062 872 2142 φησί,
895 2058 969 2125 κατά
991 2058 1044 2141 τήν
1069 2057 1190 2143 μορφήν
1211 2067 1271 2125 τοῖν
1292 2062 1323 2125 έν
1340 2060 1407 2125 ἓκά-

263 2184 320 2250 στφ
335 2161 466 2252 οῦρανρῖ,
488 2166 537 2227 λὐα
553 2161 637 2226 λάθω
655 2160 707 2237 τάς
722 2160 872 2247 άγγελικάς
887 2188 945 2243 μου
961 2161 1115 2244 δυνάμεις,
1136 2164 1188 2227 καί
1206 2164 1338 2227 κατέλθω
1358 2165 1408 2228 έπί

262 2262 478 2347 τὴνἜννοιαν,
499 2265 564 2346 ἥτις
581 2266 658 2329 ἐστίν
672 2262 746 2344 αῦτη
767 2261 788 2345 ἡ
805 2265 855 2327 καί
874 2262 1044 2346 Προῦνικος
1058 2265 1110 2326 καί
1125 2271 1241 2346 πνεῦμα
1257 2263 1342 2349 όγιον
1354 2292 1406 2330 κα-

261 2368 404 2449 λουμένη,
428 2366 465 2430 δι’
484 2359 521 2449 ἧς
537 2364 606 2441 τοῦς
626 2364 764 2451 α’γγέλους
778 2368 889 2430 έκτισα·
912 2368 944 2429 οῖ
960 2365 991 2428 δὲ
1007 2364 1123 2449 άγγελοι
1137 2363 1189 2430 τόν
1205 2364 1318 2448 κόσμον
1333 2371 1407 2434 ἔκτι-

262 2490 332 2546 σαν,
354 2470 405 2533 καί
421 2468 491 2542 τοῦς
508 2466 698 2552 άνθροίπους.
742 2463 832 2531 Είναι
853 2468 885 2531 δέ
900 2465 1009 2548 ταύτην
1031 2465 1084 2550 την
1097 2464 1215 2550 Ἑλένην
1235 2467 1290 2551 την
1306 2468 1407 2550 πάλαι,

262 2568 300 2635 δι’
316 2569 354 2652 ἣν
368 2574 399 2635 οί
419 2576 515 2653 Τροῖες
530 2568 733 2650 καῖ”Ελληνες
749 2570 791 2643 είς
803 2567 898 2651 μάχην
917 2561 1020 2650 ἦλθον.
1056 2568 1165 2654 Ἔλεγε
1182 2571 1214 2634 δέ
1230 2572 1332 2653 μῦθόν
1345 2599 1409 2638 τινα

261 2675 304 2747 είς
319 2679 427 2749 ταῦτα,
450 2669 496 2735 ὅτι
514 2667 633 2733 άνωθεν
649 2667 669 2752 ἡ
687 2668 810 2752 δύναμις
829 2678 969 2736 κατιοῦσα
984 2669 1092 2753 ἑαυτὴν
1109 2668 1304 2756 μετεμόρφου.
1345 2671 1406 2739 Ἀλ-

260 2779 424 2857 ληγορικῦς
439 2772 471 2835 δὲ
487 2774 518 2836 οί
541 2774 660 2853 ποιηταί
683 2774 751 2856 περὶ
769 2772 876 2839 τοῦτου
892 2775 1014 2853 έφασαν.
1058 2771 1118 2837 Διά
1137 2772 1191 2859 γάρ
1213 2773 1268 2858 την
1289 2773 1407 2842 άνωθεν

261 2873 403 2954 δύναμιν,
431 2872 470 2954 ἣν
489 2872 658 2956 Προιίνικόν
681 2896 786 2954 φασιν,
816 2874 882 2955 ἥτις
906 2872 975 2959 παρ’
996 2873 1093 2950 άλλαις
1116 2877 1241 2960 αἱρέσεσι
1259 2877 1406 2964 Βαρβηροδ

259 2974 327 3058 ἤτοι
344 2973 486 3060 Βαρβηλοδ
510 2983 653 3054 καλεῖται,
681 2975 713 3041 τό
737 2975 841 3053 κάλλος
862 2974 953 3059 αὑτῆς
976 2980 1177 3060 έμφαίυουσαν
1201 2981 1243 3055 είς
1265 2978 1408 3066 θοίστρον

144 3107 194 3151 pag.
208 3095 240 3138 ετ.
265 3076 401 3154 δόξασαν
419 3073 542 3157 αὐτοῦς,
563 3081 615 3142 καί
630 3077 681 3143 διά
701 3086 787 3144 τοῦτο
803 3089 992 3161 πεμφθεῖσαν
1013 3082 1055 3154 είς
1076 3085 1258 3167 συλαγωγίαν
1273 3091 1332 3148 τοῖν
1343 3082 1407 3170 Ἀρ-

259 3177 370 3264 χόντων
386 3186 447 3244 τοῖν
461 3177 515 3243 τόν
538 3179 649 3262 κόσμον
672 3187 776 3245 τοῦτον
797 3181 971 3259 κτισάντων,
992 3182 1045 3246 καί
1059 3179 1130 3257 τοῦς
1143 3180 1252 3260 αῦτοῦς
1268 3182 1406 3270 άγγέλους

227 3273 228 3277 ¹
260 3286 303 3361 είς
317 3280 444 3364 πόλεμον
464 3279 501 3348 δι’
518 3280 611 3365 αῦτην
626 3281 723 3365 ἥκειν,
747 3281 839 3365 αὑτήν
861 3284 893 3347 δέ
911 3284 1002 3365 μηδέν
1018 3284 1216 3364 πεπονθέναι,
1236 3282 1405 3368 άλληλοκτο-

259 3386 370 3462 νίαςδέ
388 3382 496 3460 αῦτοῦς
517 3388 558 3461 είς
581 3383 705 3460 έαυτοῦς
726 3385 907 3470 ἐργάσασθαι
925 3384 1146 3471 παρασκευάσαι
1159 3384 1197 3453 δι’
1216 3385 1254 3470 ἣν
1271 3388 1404 3469 ἐνέβαλεν

261 3491 303 3563 είς
321 3486 431 3564 αὑτοῦς
454 3486 530 3575 πρός
553 3484 660 3570 ἑαυτὴν
682 3489 851 3571 ἐπιθυμίαν.
896 3490 958 3553 Καί
979 3489 1146 3569 συνέχοντες
1170 3485 1264 3571 αὑτόν
1287 3494 1341 3553 τοῦ
1362 3487 1404 3573 μὴ

261 3587 322 3654 άυω
335 3590 485 3656 δύνασθαι
498 3589 626 3669 άνιέναι,
648 3595 811 3676 συνεγίνετο
829 3588 904 3682 αὑτῇ
921 3593 1041 3665 ἕκαστος
1056 3592 1087 3655 έν
1102 3587 1211 3678 ἑκάστῳ
1226 3589 1340 3674 σάματι
1354 3621 1404 3681 γυ-

262 3697 390 3768 ναικείας
403 3697 454 3759 καὶ
468 3700 604 3776 θηλυκῆς
622 3694 757 3776 σχέσεως,
781 3695 1049 3779 4μεταγγιζομένης
1068 3690 1160 3776 αῦτῆς
1179 3689 1238 3758 άπό
1262 3693 1406 3778 σωμάτων

261 3800 400 3872 θηλυκῶν
415 3797 455 3870 είς
472 3795 593 3878 σώματα
608 3795 738 3880 διάφορα
754 3794 947 3882 άνθρωπίνης
963 3794 1080 3877 φόσειός
1099 3822 1130 3861 τε
1150 3799 1201 3863 καὶ
1217 3804 1334 3881 κτηνοῖν
1354 3801 1405 3866 καί

261 3892 369 3973 άλλων,
397 3898 446 3959 ἵνα
468 3895 506 3961 δι’
526 3892 568 3964 οἷν
584 3895 669 3964 αὑτοὶ
693 3898 875 3983 ἐργάζονται,
904 3900 1065 3972 κτείνοντές
1085 3923 1116 3963 τε
1137 3902 1189 3964 καί
1215 3899 1405 3984 κτεινόμενοι,

261 4001 378 4079 μείωσιν
398 3997 510 4061 ἕαιιτοῖν
533 3999 583 4064 διά
605 4009 658 4082 τῆς
683 4007 736 4065 τοῦ
760 4004 882 4083 αἵματος
904 4000 1112 4084 ὓπροςχόσεως
1132 4001 1321 4086 ἐργάζωνται,
1343 3999 1405 4066 είτα

261 4102 355 4181 έκείυη
373 4094 428 4180 την
448 4097 573 4181 δύναμιν
594 4105 785 4188 συλλεγομένη
806 4102 895 4167 πάλιν
920 4096 1012 4179 αὖθις
1038 4106 1079 4179 είς
1104 4100 1233 4189 οῦρανόν
1258 4101 1404 4186 άναβῖγναι

259 4204 388 4291 δυνηθῇ.
1334 4232 1337 4237 ·
1489 4200 1494 4211 ’

295 4441 351 4490 (Ξιε.
365 4445 393 4490 ΙΙ.
409 4473 440 4481 -
480 4442 499 4492 1.
519 4439 562 4492 καλ
577 4445 652 4494 adieci
672 4461 700 4496 ετ
712 4450 763 4498 cod.
779 4451 825 4498 Va·
893 4449 915 4499 2.
935 4445 1038 4513 οἶστρον.
1056 4452 1107 4500 cod.
1123 4450 1194 4496 Varie.
1210 4452 1230 4496 ιλ
1245 4448 1298 4497 inde
1315 4449 1406 4498 εδΡι-

260 4512 296 4559 ιιι.
866 4522 914 4566 λου.
941 4510 1044 4583 ὕστερον
1061 4516 1216 4578 τοδίλλιδίς.
1232 4517 1404 4580 ammo.
