3046 5084
336 377 341 387 ,
402 353 536 407 raanan
552 353 647 406 mua.
662 352 799 406 uantur.
816 304 1019 406 unumunurn
1220 343 1281 406 aba

139 472 222 539 llaec
238 473 315 538 enim
332 473 429 538 omnia
444 494 497 559 pro
513 494 548 538 ea
564 491 621 558 qna
636 471 783 558 praeditus
801 472 847 537 esi
861 473 897 538 ab
919 472 997 536 omui
1014 472 1231 558 perturbatione
1247 473 1281 537 li·

139 576 209 640 bera
227 576 394 654 divinitate,
425 575 585 639 denuntiat.
629 571 697 640 Sed'
717 574 753 639 ob
778 595 840 638 eam
865 574 1003 638 videlicet
1025 595 1175 652 corrasam,
1206 578 1282 659 quod

139 679 337 763 unusquisque
357 699 439 743 suam
454 678 484 740 in
503 679 631 742 fraudem
650 677 755 762 aliquid
770 677 891 740 moliens
910 678 986 741 ultro
1002 677 1088 761 rapiti
1103 698 1157 740 sno
1175 661 1296 741 malum

138 783 279 858 arcessit,
310 802 375 844 cnm
404 779 520 844 interim
549 780 731 866 corruptelae
758 780 842 844 buius
869 789 987 843 nostrae
1015 779 1277 863 damnationisque,

138 905 211 967 quae
233 882 312 946 illinc
334 882 482 968 sequitur,
507 882 618 968 culpam
641 870 713 947 deus
735 883 812 947 nullo
835 884 919 946 modo
941 883 1094 947 sustineat.

222 983 419 1068 Quamobrem
436 984 542 1069 ubique
560 1007 592 1050 se
611 986 714 1072 prodet
734 986 826 1071 ipsum
849 984 994 1070 prioribus
1012 1006 1047 1047 ac
1069 983 1280 1068 posterioribus

137 1088 227 1152 sentis
245 1088 433 1172 implicatum,
457 1108 491 1151 ac
506 1108 539 1151 se
556 1108 573 1152 e
590 1087 760 1173 perditionis
777 1088 898 1151 filiorum
917 1108 1038 1150 numero
1054 1105 1121 1149 esse
1138 1096 1280 1149 munstra-

136 1190 194 1269 bit,
218 1212 282 1253 cnm
300 1191 327 1253 id
350 1190 502 1254 manifesta
518 1189 628 1254 veritas
648 1189 711 1276 ipsa
733 1190 876 1267 declaret,
901 1190 1050 1274 ipsumque
1071 1189 1168 1251 lumen
1191 1208 1279 1252 evan-

135 1292 203 1375 gelii
222 1304 313 1356 totum
330 1303 473 1357 terrarum
487 1292 586 1357 orbem
604 1314 658 1357 sun
675 1293 828 1378 splendore
846 1291 1011 1369 collustret,
1035 1312 1068 1354 ac
1085 1289 1217 1353 sincerae
1232 1312 1278 1354 re-

136 1394 253 1478 ligionis
270 1395 344 1459 lilio's
360 1395 531 1459 adsalutem
549 1395 689 1459 beuebcio
705 1395 838 1460 veritatis
854 1395 987 1458 adducat.
1016 1390 1173 1476 Postquam
1191 1393 1279 1477 igitur

136 1495 310 1560 brevissimo
329 1497 378 1560 illo
397 1498 547 1584 proposito
565 1498 647 1561 nobis
670 1499 706 1561 ad
727 1498 928 1583 disputandum
946 1506 1115 1581 argumento
1134 1517 1278 1560 antorsum

136 1620 152 1662 e
172 1598 292 1663 latebris
313 1611 478 1685 serpentem
499 1600 579 1665 velut
600 1599 708 1684 exiguo
731 1600 789 1664 telo
811 1600 990 1664 confecimus
1010 1611 1096 1684 atque
1119 1583 1277 1662 emortuam

137 1702 271 1764 haeresin
288 1702 365 1765 illam
383 1703 569 1786 reliquimus,
592 1701 628 1764 ad
652 1702 778 1785 reliquas
800 1701 1033 1787 progrediamur,
1058 1701 1119 1780 dei,
1144 1714 1175 1765 ut
1190 1723 1277 1786 saepe

136 1804 261 1890 professi
279 1825 397 1884 sumus,
420 1804 571 1888 implorata
592 1803 671 1889 prius
690 1824 762 1888 opc,
786 1825 842 1887 quo
860 1804 937 1867 illius
954 1805 1107 1869 veritatem
1130 1804 1277 1889 explicare

134 1927 290 1992 possamus.

431 2146 619 2223 cottana
646 2146 985 2238 santharatus

334 2290 414 2362 quac
442 2274 494 2341 est
517 2268 665 2343 haeresis
690 2268 829 2359 xxlv,
855 2269 926 2343 sive
951 2265 1076 2341 XLIV.

215 2417 379 2482 Luciauum
408 2419 542 2504 proxime
567 2421 700 2505 sequitur
721 2420 859 2505 Apelles,
891 2441 949 2482 nou
977 2419 1026 2483 ille
1048 2428 1166 2482 sanctus
1190 2428 1218 2479 et
1240 2418 1275 2481 ab
1296 2426 1354 2494 Cap.
1373 2428 1391 2475 1.

133 2521 265 2607 apostolo
279 2522 515 2600 commendatus,
539 2523 589 2585 sed
606 2523 742 2588 diversus
764 2522 800 2587 ab
820 2543 855 2585 eo
870 2523 983 2606 qnidam
1005 2542 1094 2606 aquo
1111 2519 1275 2607 Apelleiaui

132 2623 327 2709 cognominati
350 2634 428 2687 sunt.
474 2623 529 2687 Hic
551 2623 674 2689 Luciani
699 2626 912 2711 condiscipulus
934 2635 963 2687 et
978 2622 1140 2688 Marcionis
1162 2623 1277 2701 auditor

132 2726 201 2805 tuit,
225 2727 461 2811 quemadmodum
482 2747 570 2812 saepe
591 2728 621 2790 bt
645 2741 676 2792 ut
693 2727 804 2812 spinosi
829 2727 948 2791 frutices
974 2726 1053 2789 multi
1078 2746 1117 2787 ex
1145 2747 1202 2788 una
1230 2747 1275 2788 ra-

132 2828 402 2898 dicelnxuriautes
425 2828 575 2914 pullulent.
622 2828 803 2915 Quamquam
824 2831 871 2894 illc
888 2830 1005 2895 diversa
1030 2829 1064 2892 ab
1089 2827 1154 2891 aliis
1176 2849 1275 2913 qnam·

96 3010 99 3021 Ι
131 2930 253 3015 plurima
269 2932 382 2995 statuit.
428 2929 506 2995 Nam
523 2943 553 2995 ct
570 2933 712 2996 adversus
729 2935 897 3019 magistrum
915 2954 998 2997 snum
1016 2943 1045 2995 et
1066 2932 1207 2995 adversus
1225 2952 1276 2994 ve-

130 3033 244 3096 ritatem
263 3034 355 3118 ipsam
374 3054 504 3098 armasse
521 3055 554 3098 se
569 3035 704 3114 videtur,
729 3058 785 3120 quo
809 3036 838 3099 in
863 3057 963 3099 errore
982 3036 1161 3098 versantium
1185 3034 1275 3097 bomi-

130 3157 197 3198 num
224 3135 357 3220 privatim
382 3135 522 3221 sibiipsa
546 3138 672 3201 scholam
696 3150 860 3222 quaereret.
913 3136 1064 3201 Eiusmodi
1090 3147 1158 3200 sunt
1179 3148 1274 3200 autern

129 3239 192 3302 eius
207 3239 352 3322 dogmata.
398 3236 497 3324 Neget
512 3239 570 3318 ita,
595 3240 635 3303 uti
653 3237 768 3304 Marcio
784 3242 899 3318 delinit,
923 3261 990 3304 sese
1006 3261 1066 3302 rem
1084 3239 1191 3302 babere
1208 3260 1274 3324 pro·

130 3341 254 3425 indeque
270 3340 350 3404 illum
367 3342 503 3426 opinione
520 3342 643 3428 lapsum,
668 3354 700 3406 ut
714 3344 862 3407 conlatata
878 3365 930 3428 per
946 3343 1071 3428 seipsam
1087 3341 1198 3404 insania
1215 3337 1274 3404 col-

129 3444 182 3507 lisa
201 3464 299 3507 secum
323 3447 529 3529 contractaque
548 3437 679 3510 viduatur
697 3444 845 3530 impietas,
870 3457 898 3508 et
921 3446 956 3508 ad
981 3443 1165 3529 semetipsam
1188 3463 1273 3507 erer-

129 3547 244 3610 tendam
263 3548 344 3612 volut
367 3548 488 3632 quadarn
512 3548 727 3633 conspiratione
746 3549 907 3627 concitata,
939 3570 1003 3613 carm
1026 3547 1142 3611 iuterim
1164 3547 1273 3610 raritas

129 3649 243 3713 stabilis
262 3671 296 3714 ac
314 3651 396 3714 firma
415 3662 598 3737 permaneat,
623 3671 678 3715 nec
694 3651 803 3716 auxilio
819 3652 986 3736 cuiusquam
1007 3651 1149 3734 indigeat,
1174 3660 1274 3736 utpote

128 3773 203 3836 quae
219 3774 355 3838 peraeae
371 3753 537 3832 cohaereat,
562 3765 591 3819 et
606 3757 681 3841 apud
696 3756 793 3836 deum,
818 3756 865 3840 qni
883 3776 987 3819 revera
1004 3755 1197 3839 sempiternus
1215 3763 1271 3832 est,

128 3866 267 3940 perpetuo
285 3856 438 3921 consistat.
485 3855 577 3943 lgitur
595 3858 727 3944 Apelles,
751 3859 872 3942 eiusque
893 3857 978 3921 factio
997 3857 1091 3920 omnis
1108 3858 1147 3920 ita
1164 3857 1270 3920 sentit:

129 3979 185 4020 unu
203 3978 269 4022 esse
285 3954 431 4046 Principia
449 3961 518 4039 tria,
543 3981 636 4045 nequo
653 3961 721 4038 duo,
745 3971 777 4024 ut
788 3958 920 4024 Lariano
935 3983 968 4024 ac
984 3958 1128 4024 Marcioni
1144 3959 1270 4039 videtur,

127 4062 178 4124 sed
203 4082 290 4125 unum
318 4083 385 4127 esse
410 4061 524 4127 Bonum
550 4067 652 4141 deum,
685 4084 829 4148 rrnumquc
849 4061 1045 4149 Principium,
1069 4084 1103 4126 ac
1125 4059 1292 4126 Virtutem·

128 4185 213 4228 arnam
234 4164 359 4240 nominis
381 4177 545 4252 expertem.
591 4162 651 4248 Qui
674 4165 788 4250 quidem
809 4167 879 4230 deus
902 4188 977 4229 nnus
1000 4161 1273 4249 unumqucPrinci-

127 4268 204 4354 pium
229 4268 335 4331 unllam
364 4290 465 4333 eorum
491 4289 565 4354 quae
589 4269 619 4331 in
646 4268 701 4332 boc
726 4270 832 4334 mundo
854 4280 996 4354 geruntur
1019 4290 1116 4331 curam
1137 4267 1269 4353 suscipit.

127 4360 267 4434 Ceterum
287 4370 363 4435 idem
381 4371 430 4436 ille
448 4381 566 4436 sanctus
583 4371 734 4456 bonusque
752 4373 841 4450 dens,
866 4374 912 4456 qui
933 4395 951 4436 a
973 4372 1113 4459 principio
1133 4371 1205 4435 deus
1228 4381 1272 4434 est

126 4521 242 4591 ductuum
267 4528 319 4577 cod.
344 4528 419 4578 tatic.
461 4514 531 4594 ἅγιος
555 4522 616 4586 θεὸς
639 4524 684 4578 καὶ
717 4519 787 4593 ἅγιος
810 4524 869 4588 teta
892 4526 936 4580 unt
951 4523 1048 4595 ἀγαθὸς
1065 4524 1080 4582 n‘
1099 4523 1194 4582 daubei
1212 4524 1272 4587 θεὸς

126 4585 240 4660 ἅγαῇὀς,
263 4590 278 4647 e'
296 4587 523 4664 transieratque
538 4597 592 4647 adit.
604 4598 680 4659 punc.
717 4593 761 4648 καὶ
777 4588 876 4664 ἀγαθὸς
892 4594 1007 4662 ἐποίησιν
1023 4600 1076 4650 edit
1090 4601 1172 4650 Petne.
