3046 5084
401 337 535 390 alamir
552 338 615 390 tia
630 339 652 390 l.
667 338 750 392 Nil.
763 339 807 390 iil.
823 338 922 390 matt.
936 338 1017 388 XLII.
1225 326 1286 388 655

135 455 285 518 dommum
330 453 446 521 Marcio
463 477 537 523 veru
553 478 607 542 pro
624 462 743 520 densim
758 453 906 523 Christum
926 454 1086 520 substituit.
1132 454 1192 521 Sed
1211 455 1286 520 idem

137 566 183 620 est
201 555 287 641 plane
308 552 446 623 Christus
464 581 500 623 ac
518 558 668 638 domiuus,
694 558 749 623 etsi
765 555 911 623 Marcioni
930 557 1016 621 aliter
1031 559 1125 622 visum
1142 559 1197 636 sit3
1221 580 1285 622 cunr

137 652 248 721 Christi
261 659 418 745 appellatio
431 661 562 726 subiecta
577 661 616 725 sit
629 662 659 727 in
672 662 710 726 iis
724 661 840 727 verbis:
864 665 948 723 Petra
962 672 1053 722 nutem
1068 673 1133 722 mut
1144 664 1284 733 Obruitur,

135 770 181 839 et,
204 764 269 824 Nun
285 766 471 846 rapistrique
484 767 596 827 silurum
612 766 812 846 beneplacitum
827 776 871 825 est
885 768 947 825 dac.
993 760 1067 826 Post
1082 762 1154 825 baec
1169 771 1286 846 apostu-

134 863 180 927 lus
202 863 250 926 ubi
273 876 363 928 tutum
387 865 456 930 illud
479 878 681 952 argumentum
700 866 861 952 percurrit,
892 865 1023 929 subiicit:
1053 870 1131 927 Ilaec
1147 877 1238 926 cutem
1256 869 1286 924 in

125 968 232 1047 figure
250 970 451 1048 ecunagebccr
464 972 539 1032 itta:
561 975 669 1052 scriptu
684 981 754 1032 suat
770 981 862 1031 cutem
880 973 919 1030 ud
931 973 1131 1049 correptionem
1148 979 1282 1029 anstrum.

135 1064 211 1133 Cum
223 1070 313 1154 igitur
327 1092 401 1154 quac
415 1071 516 1135 illisio
530 1072 623 1156 ligura
636 1071 854 1157 contingebant,
875 1072 909 1134 ad
927 1071 1140 1156 correptionem
1157 1080 1286 1134 nostram

133 1173 242 1258 scripta
256 1171 327 1252 sint,
352 1173 400 1257 qui
417 1193 471 1252 ea,
495 1195 569 1258 quac
586 1185 646 1239 tum
663 1175 848 1253 acciderunt,
874 1174 907 1236 ad
925 1171 1139 1258 correptionem
1156 1182 1285 1236 nostram

133 1274 332 1360 praescripsit,
356 1274 414 1339 illis
427 1276 503 1340 baud
521 1277 607 1340 dubie
624 1276 779 1341 consulere
797 1277 917 1355 studuit,
942 1297 1016 1360 quos
1033 1276 1183 1360 corrigere
1199 1285 1285 1358 atque

134 1377 294 1441 admouere
318 1377 469 1462 cupiebat,
501 1400 538 1443 ne
560 1379 702 1444 melorum
724 1378 965 1464 concupiscentes
986 1398 1129 1442 essemus.
1176 1375 1286 1460 Quam·

134 1478 234 1543 obrem
251 1479 345 1543 bonus
359 1479 452 1561 idem,
477 1502 535 1545 uon
553 1481 645 1545 malus
663 1480 751 1545 duent
767 1492 893 1565 oportet.
940 1477 1054 1561 Quibus
1069 1480 1146 1542 euim
1163 1481 1286 1543 allectus

133 1591 196 1661 est,
229 1581 331 1647 iisdem
354 1593 385 1646 ut
406 1582 529 1670 praediti
551 1605 619 1648 esse
642 1583 764 1648 velimus
786 1584 935 1662 hortatur,
968 1582 1062 1646 bonus
1081 1582 1129 1645 ille
1150 1582 1284 1646 nimirum

133 1683 206 1748 deus
223 1705 257 1747 ac
274 1684 385 1764 iustus,
410 1707 445 1750 ac
459 1696 518 1750 tam
534 1706 635 1750 corum
651 1706 724 1770 qnos
739 1696 808 1750 ante
824 1687 984 1771 scripserat
999 1685 1072 1748 deus
1087 1705 1171 1768 qrram
1188 1697 1285 1770 poste-

132 1785 255 1864 riorum,
268 1788 315 1872 qui
329 1787 457 1874 correpti
470 1800 548 1868 sunt,
565 1787 710 1868 conditor,
728 1789 891 1852 cummunis
903 1788 1028 1870 deniqne
1042 1797 1145 1849 auctor
1157 1786 1283 1850 omnium

132 1909 168 1951 ac
184 1887 352 1973 legislator,
386 1889 435 1976 qui
454 1901 485 1955 et
500 1890 652 1975 evangelia
672 1891 795 1976 largitus
813 1901 876 1970 est,
909 1901 939 1953 et
954 1890 1151 1975 apostolorum
1170 1891 1230 1953 dux
1250 1911 1285 1953 ac

132 1991 301 2056 moderator
321 1994 431 2058 extitit.

218 2092 320 2160 Schol.
337 2094 368 2160 X
386 2109 417 2161 et
432 2094 552 2161 XVIII.
588 2099 662 2176 Quid
677 2118 746 2176 ergo
765 2099 850 2157 duco?
894 2099 974 2173 Quod
991 2100 1019 2156 in
1041 2097 1140 2175 templo
1159 2096 1437 2164 immolo-tomaene.

133 2209 191 2259 tum
207 2202 318 2281 ulr'purii
330 2205 384 2274 sr't,
416 2212 468 2263 cut
480 2202 664 2280 idolothytum
679 2202 789 2280 elu'qurii
802 2202 861 2259 sit?
904 2202 962 2259 Sed
978 2220 1048 2278 quur
1063 2200 1209 2259 immolant
1219 2201 1284 2258 due-

131 2306 248 2378 mcm'is,
274 2314 302 2364 et
321 2324 377 2365 uon
399 2307 460 2365 deu.
506 2298 563 2367 Ubi
586 2298 703 2364 Marcio
723 2305 758 2363 In
779 2304 871 2362 suerri
892 2303 1061 2362 rinmclutum
1086 2300 1204 2364 adiecit.

216 2402 318 2469 lleiut.
336 2402 370 2468 Χ
388 2415 418 2468 et
431 2400 552 2467 XVIII.
589 2407 664 2483 Quid
676 2426 747 2485 ergo¹
761 2407 847 2465 dubo?
889 2406 976 2465 Idolis
993 2407 1161 2468 immolatum
1177 2405 1286 2482 aliquid

131 2514 198 2570 cst?
241 2511 300 2569 Sed
314 2530 388 2590 quue
402 2510 545 2570 immolant
558 2510 709 2569 dumuncii
730 2519 760 2569 ct
773 2529 829 2568 non
846 2510 907 2568 den.
954 2504 1023 2568 Non
1047 2505 1140 2590 prisca
1162 2504 1212 2568 illa
1235 2526 1285 2589 pa·

131 2620 206 2673 trum
224 2619 355 2695 tempora
373 2609 578 2674 condemnavit
594 2610 761 2695 apostolus,
794 2631 869 2694 quae
885 2609 921 2671 ad
938 2619 1062 2672 aetatem
1081 2628 1172 2691 usque
1187 2628 1281 2682 suam,

132 2712 263 2797 adeoque
285 2713 437 2798 quamdiu,
469 2724 579 2776 stetere
598 2709 821 2799 Hierosolyma,
854 2713 1019 2791 duxeruut,
1052 2731 1116 2774 cum
1140 2730 1191 2772 eos
1209 2709 1285 2772 dixit

132 2813 182 2898 qui
198 2815 283 2880 idolis
297 2813 482 2879 immolarent
496 2816 659 2881 daemoniis
674 2815 843 2893 immolare,
868 2835 925 2878 non
940 2814 1006 2877 dec.
1051 2810 1121 2876 Non
1137 2812 1215 2890 illos,
1239 2813 1284 2874 in·

131 2937 235 3000 quam,
259 2918 397 2983 damnare
411 2918 505 2982 voluit
519 2917 567 3002 qui
587 2919 642 2982 deo
657 2918 875 2997 sacrificarent,
900 2938 956 3001 quo
974 2927 1104 3000 tempore
1123 2914 1283 2978 sacrificari

130 3018 275 3104 oportuit,
300 3021 351 3084 sed
369 3040 421 3084 eos
439 3022 582 3084 dunusci
599 3030 718 3085 accusat
736 3021 784 3104 qui
802 3020 887 3085 idolis
906 3019 1073 3098 immolant,
1098 3040 1156 3082 non
1174 3017 1212 3081 ob
1228 3018 1282 3081 boc

129 3119 224 3206 ipsu·
238 3123 315 3207 quod
332 3122 497 3202 immolant,
521 3124 573 3186 sed
590 3124 665 3208 quod
679 3122 765 3186 idolis
778 3122 854 3186 istud
871 3123 965 3208 ipsum
982 3143 1034 3207 pro
1049 3122 1104 3184 deo
1121 3130 1280 3206 praestant.

129 3220 200 3287 Nun
223 3225 299 3288 enim
322 3226 387 3288 ideo
410 3225 591 3304 sacrificant,
625 3235 657 3288 ut
673 3223 810 3288 alimenta
829 3224 966 3287 divinitus
983 3226 1017 3286 ad
1038 3246 1120 3287 usum
1140 3244 1281 3287 concessa

130 3325 187 3390 sibi
208 3337 393 3413 comparent,
428 3328 479 3392 sed
496 3327 686 3391 daemonibus
708 3325 927 3392 serenissimis
944 3324 1108 3389 nnniinibus
1131 3345 1216 3388 sacra
1239 3326 1281 3388 la·

130 3427 222 3492 ciunt.
269 3428 318 3493 'l'n
335 3451 425 3509 vero,
452 3429 585 3508 lllarcio,
610 3450 712 3493 vocem
732 3429 826 3509 illam,
850 3434 883 3491 Iu
903 3433 1003 3510 templu
1020 3430 1205 3502 immolatum,
1230 3428 1280 3490 ad-

128 3530 242 3611 iecisti,
266 3553 307 3597 cx
322 3552 357 3596 co
376 3544 457 3597 ratus
474 3533 549 3617 quod
565 3532 622 3596 duo
640 3530 711 3596 baec
727 3531 880 3611 vocabula,
905 3532 1041 3616 templum
1056 3541 1087 3594 ct
1102 3530 1190 3608 idola,
1216 3551 1281 3615 pcr-

129 3633 215 3698 mista
234 3634 360 3700 invicem
379 3637 491 3714 iurent,
524 3634 674 3698 ambarum
695 3655 809 3719 quoqne
827 3634 972 3698 rationum
992 3631 1175 3696 habitudines
1194 3654 1281 3717 posse

129 3738 279 3801 conlundi.
326 3735 386 3802 Sed
403 3739 490 3822 longe
507 3737 645 3823 opinione
660 3749 708 3802 tua
727 3738 849 3801 falleris.
888 3735 1003 3800 Etenim
1019 3737 1043 3799 si
1060 3746 1211 3821 postquam
1228 3757 1281 3799 nc-

128 3861 196 3904 vum
213 3849 416 3904 testamentum
441 3841 550 3905 illatum
573 3852 635 3919 cst,
666 3841 798 3924 privatim
816 3836 937 3903 Christo
956 3838 1049 3902 adlruc
1068 3838 1277 3916 immolaretur,

128 3952 158 4005 et
173 3942 202 4006 in
221 3943 284 4007 eius
302 3943 418 4006 nomine
434 3945 612 4008 offerrentur
625 3943 777 4023 animalia,
802 3941 990 4027 probabiliter
1005 3941 1057 4004 abs
1075 3952 1103 4002 te
1118 3940 1280 4002 mendacis-

127 4044 219 4109 simae
243 4046 309 4110 illae
334 4047 494 4110 calumniae
518 4057 653 4132 repertae
671 4046 858 4124 viderentur,
891 4055 921 4108 nt
944 4055 974 4106 et
997 4044 1044 4128 qui
1069 4044 1123 4106 buc
1148 4053 1279 4127 tempore

128 4148 183 4212 deo
199 4149 417 4228 sacrificarent,
440 4160 470 4212 et
487 4147 542 4213 buc
558 4148 625 4212 olim
641 4147 911 4234 Hierosolymitano
927 4147 954 4209 iu
973 4146 1078 4231 templo
1097 4145 1237 4209 fecissent
1251 4156 1280 4209 et

127 4250 212 4316 idolis
233 4250 432 4331 immolarent,
456 4250 592 4316 inunum
610 4251 803 4315 miscerentur
822 4271 941 4331 omncs,
965 4271 1000 4314 ac
1019 4247 1196 4328 daemoniis,
1221 4270 1279 4312 nnn

128 4354 184 4418 deu
207 4375 292 4420 sacra
314 4356 412 4418 iacere
433 4355 612 4419 dicerentur.
658 4350 719 4418 Sed
736 4375 803 4418 cum
819 4351 955 4416 animalia
971 4373 1057 4416 nemo
1075 4347 1196 4416 Cbristu
1214 4361 1280 4436 post

128 4456 191 4521 eius
209 4456 365 4522 adventum
388 4477 422 4520 ac
440 4478 548 4522 novum
566 4466 772 4523 testamentum
791 4455 938 4520 conditum
955 4454 1130 4534 immolarit,
1162 4454 1232 4518 illud
1251 4463 1278 4517 te
