3046 5084
355 338 489 390 raanan
507 339 743 393 ma.1.rou.u.
763 341 859 392 nana.
874 342 974 393 xxxi.
1178 330 1239 397 369

92 457 209 542 bgorari
229 468 258 520 et
274 456 457 521 manifestum
471 458 545 520 lieri.
591 455 677 540 erod
694 456 804 522 Paulus
818 459 881 544 ipse
897 471 1031 523 testatur.
1077 467 1171 538 Omne,
1196 463 1240 525 in·
1253 471 1376 533 eptam

94 560 172 644 quit,
196 564 272 642 quod
288 561 488 640 murrasertotnr
504 562 596 621 lernen
613 572 666 621 est.
713 558 813 643 Quare
831 582 894 623 cunr
911 560 1064 625 Hominem
1081 574 1167 648 atquc
1183 560 1241 627 Ee·

93 663 211 727 clesiam
232 660 301 725 Vita
319 661 492 746 patefecerit
508 683 543 724 ac
560 662 713 745 genuerit,
743 663 848 725 merito
865 665 1031 726 eorumdem
1048 665 1100 729 lux
1117 685 1183 729 esse
1200 667 1242 729 di·

93 766 179 830 eitur.
220 763 367 849 Quocirca
384 763 538 848 perspicue
553 761 681 827 loannes
698 760 743 826 bis
761 764 858 826 verbis
874 785 938 827 cum
957 765 1024 845 alia,
1049 777 1107 829 tnm
1121 767 1241 830 alterum

92 867 312 951 quaternionem
329 866 454 951 aperuit,
474 863 604 929 Verbum
618 876 648 928 et
663 863 775 945 Vitam,
795 864 949 930 Hominem
966 879 1050 952 atque
1065 867 1240 932 Ecclesiam.

90 967 158 1034 Nec
175 969 270 1032 minus
285 980 380 1032 tamen
396 967 523 1052 priorem
538 967 760 1052 quaternionem
776 968 896 1032 indicat.
943 967 1017 1034 Cum
1035 972 1110 1034 enim
1126 972 1160 1035 de
1177 969 1244 1036 Sal·

92 1083 195 1137 valore
212 1070 347 1149 disserit,
372 1071 525 1154 omniaque
542 1090 616 1154 qnae
632 1082 717 1133 entra
736 1069 869 1134 Pleroma
886 1073 1002 1136 suntab
1019 1074 1081 1158 ipso
1098 1094 1165 1138 esse
1185 1076 1244 1138 lor·

93 1185 170 1238 mata
181 1173 293 1254 scribit,
309 1172 399 1237 totins
412 1173 491 1236 illum
504 1168 679 1236 Pleromatis
695 1174 820 1236 lructnm
835 1194 902 1238 esse
917 1186 1136 1239 commonstrat.
1164 1174 1242 1240 Nam

93 1276 173 1340 illum
191 1276 284 1340 lucem
301 1296 367 1339 esse
384 1275 476 1355 dixit,
500 1295 573 1359 quac
590 1276 668 1338 lucet
682 1274 713 1338 in
729 1277 875 1355 tenebris,
901 1298 954 1340 nec
971 1279 1007 1340 ab
1022 1279 1092 1364 ipsis
1110 1299 1242 1364 compre·

94 1379 246 1459 benditnr3
277 1399 312 1442 eo
332 1378 489 1463 quodcum
509 1377 623 1458 omnnia,
654 1399 728 1462 quae
748 1399 788 1442 ex
806 1381 1000 1444 commotione
1015 1384 1114 1445 ‘ortum
1135 1381 1242 1445 babue-

94 1491 175 1559 rant,
208 1481 435 1566 composuisset,
466 1480 503 1542 ab
520 1479 577 1543 illis
594 1501 774 1565 nequaqnam
791 1494 837 1545 est
855 1483 982 1566 agnitus.
1029 1480 1089 1547 Sed
1108 1485 1242 1548 etblium

93 1584 215 1648 cundem
229 1605 263 1647 ac
278 1581 457 1661 Veritatem,
483 1594 512 1647 et
527 1580 625 1646 Vitam
643 1594 673 1645 et
689 1581 819 1648 Verbum
838 1587 912 1668 quod
928 1608 996 1649 caro
1014 1588 1119 1649 lactum
1138 1587 1177 1649 sit
1193 1609 1243 1672 ap·

92 1686 190 1770 pellat.
237 1691 334 1761 Cunna,
355 1687 459 1771 inquit,
477 1689 601 1767 gloriam
616 1691 751 1748 catanus:
775 1700 890 1769 eratque
901 1693 997 1768 glorta
1011 1695 1072 1750 entes
1085 1694 1170 1770 quasi
1181 1696 1244 1751 unt-

89 1793 184 1868 geniti
198 1793 283 1851 et’dcrn
301 1812 319 1851 a
337 1794 422 1851 Putre
441 1810 588 1863 concessa,
616 1792 703 1869 plena
717 1796 831 1868 gratnm
850 1803 880 1850 et
898 1797 1033 1852 avennaco.
1081 1789 1146 1854 Hoc
1168 1791 1244 1855 enim

90 1892 176 1954 modo
194 1891 313 1955 scribit:
344 1895 385 1953 Et
401 1893 520 1953 Verbum
538 1913 606 1952 curo
616 1894 729 1974 foetum
747 1903 803 1965 est,
836 1904 865 1951 et
882 1895 1018 1954 dubitavit
1039 1899 1068 1954 r'n
1086 1898 1181 1970 nodet,
1214 1908 1394 1972 attenuante.

92 1999 209 2056 arduinus
223 1998 347 2076 glorium
362 1999 422 2055 eries
429 2041 437 2068 ,
460 1997 584 2073 gloriam
601 1998 685 2075 quost'
698 1997 867 2073 untgenitt'a
883 1998 982 2068 Putre,
1004 1999 1116 2074 plenum
1129 2003 1244 2077 grantae
1302 2026 1306 2037 ·

91 2109 122 2159 ct
135 2103 272 2159 centone.
314 2093 382 2179 Quo
399 2097 427 2159 in
444 2097 509 2160 loco
526 2096 648 2180 primum
665 2095 885 2180 quaternionem
903 2097 1119 2161 accuratissime
1134 2100 1243 2162 descri-

93 2200 166 2284 psit,
191 2221 256 2263 cum
273 2196 391 2264 l'atrom
407 2198 584 2276 nominavit,
607 2209 636 2262 et
652 2195 802 2275 Gratiam,
827 2209 857 2259 et
877 2195 1080 2282 Unigenitum,
1105 2221 1140 2262 ac
1158 2198 1245 2264 Veri·

94 2313 193 2366 tatem.
240 2299 285 2366 lta
305 2303 390 2387 plane
411 2298 556 2365 lebannes
575 2302 611 2364 de
629 2300 739 2386 prima,
764 2301 894 2384 adeoque
913 2312 1004 2364 matre
1021 2301 1148 2365 omnium
1163 2304 1244 2366 Aeo·

93 2426 161 2469 num
178 2401 320 2489 Ogdoada
336 2403 450 2468 locutus
467 2415 524 2466 est.
572 2400 648 2468 lstos
665 2403 742 2466 enim
759 2402 927 2466 nominatim
943 2404 1086 2489 concepit,
1111 2401 1242 2485 Patrem,

93 2504 242 2586 Gratiam,
266 2503 447 2592 Unigenam,
472 2504 651 2586 Veritatem,
676 2503 825 2586 Verbum,
850 2503 966 2585 Vitam,
992 2504 1160 2586 Hominem,
1186 2504 1243 2570 Ec·

94 2609 223 2673 alesiam.

175 2709 279 2793 Vides,
299 2712 463 2793 carissime,
483 2722 574 2776 artem
592 2710 668 2775 illam
686 2733 720 2775 ac
737 2711 878 2791 fraudem,
900 2733 954 2796 qua
972 2711 1159 2797 sibimetipsis
1175 2712 1240 2776 illu·
1276 2728 1335 2794 cap.

92 2816 163 2878 dunt
177 2814 328 2895 baeretici,
346 2816 413 2879 dum
426 2815 520 2879 sacris
532 2813 625 2877 literis
639 2834 692 2898 per
707 2815 879 2877 calumniam
895 2815 1063 2893 abutuntur,
1080 2826 1112 2879 ut
1125 2836 1166 2880 ex
1179 2816 1243 2879 illa·
1259 2798 1349 2848 xxx·

92 2938 157 2981 ram
172 2917 339 2982 testimonio
357 2918 461 2982 tabulis
476 2917 537 2981 suis
552 2917 662 3002 pondus
681 2927 711 2980 et
725 2918 908 2981 autoritatem
928 2918 1095 2983 concilient.
1135 2915 1243 3002 Quam-

93 3019 192 3085 obrem
209 3021 342 3086 consulto
361 3022 475 3085 illorum
493 3020 522 3082 in
541 3020 665 3083 medium
686 3020 775 3085 verba
793 3020 914 3105 protuli,
949 3032 980 3083 nt
997 3021 1148 3085 mirilicum
1164 3022 1243 3107 ipso-

92 3145 157 3188 rum
182 3123 344 3188 calliditatis
367 3123 518 3187 artificium
542 3133 628 3206 atque
651 3122 760 3185 erroris
784 3122 955 3208 pravitatem
979 3123 1240 3188 animadverteres.

92 3224 222 3291 Primum
240 3227 336 3307 enim,
360 3227 385 3290 si
403 3224 527 3290 lobanni
543 3246 707 3311 supremam
725 3225 801 3289 illam
819 3222 989 3310 Ogdoadem
1008 3227 1156 3290 declarare
1176 3248 1242 3311 pro-

92 3329 217 3414 positum
238 3330 357 3411 luisset,
391 3328 602 3415 procreationis
620 3328 750 3392 ordinem
769 3341 918 3407 servaret,
952 3350 986 3392 ac
1004 3329 1130 3413 priorem
1150 3328 1240 3406 illum,

93 3433 134 3497 uti
149 3443 297 3512 asserunt,
321 3433 615 3517 augustissimnmque
633 3428 863 3514 Quaterniooem
880 3433 908 3495 in
924 3432 1016 3517 prima
1031 3429 1178 3493 nominum
1194 3451 1242 3493 se-

92 3537 137 3601 rie
154 3535 327 3616 collocaret,
359 3546 418 3600 tum
435 3536 594 3600 secundnm
611 3535 786 3614 subiiceret,
819 3546 849 3598 nt
869 3556 920 3619 per
936 3533 1143 3597 vocabulorum
1163 3530 1242 3596 ordi-

93 3661 160 3704 nem
180 3635 329 3723 Ogdoadis
349 3638 421 3702 crdo
442 3640 710 3718 demonstraretur,
745 3657 839 3722 neque
860 3647 939 3700 tanto
959 3634 1130 3716 intervallo,
1163 3637 1244 3700 velut

94 3742 200 3809 oblitus
220 3763 254 3806 ac
273 3742 369 3805 denuc
387 3742 576 3822 recordatus,
609 3739 840 3825 Quaternionem
860 3739 981 3824 primum
1001 3738 1131 3802 ultimum
1152 3739 1181 3802 in
1202 3739 1246 3802 lo-

94 3868 159 3911 cum
182 3845 352 3910 coniiceret.
404 3842 518 3908 Deinde
539 3846 565 3909 si
591 3843 791 3929 coniugiorum
818 3841 993 3905 mentionem
1019 3842 1117 3904 lacere
1141 3842 1241 3922 vellet,

95 3969 241 4034 nunquam
265 3945 417 4011 Ecclesiae
440 3967 547 4011 nomen
572 3947 827 4032 praetermitteret.
876 3941 935 4007 Sed
960 3944 1006 4006 vel
1028 3945 1135 4008 ceteris
1155 3944 1242 4008 etiam

94 4051 125 4116 in
141 4051 258 4136 paribus
274 4050 464 4113 recensendis
480 4049 561 4114 solos
577 4051 719 4113 duntaxat
733 4068 829 4111 mares
850 4044 1039 4126 nominasset,
1065 4069 1129 4111 cum
1147 4057 1176 4111 et
1190 4048 1245 4132 ipsi

96 4153 230 4219 similiter
246 4175 305 4219 una
323 4152 444 4237 intelligi
461 4152 590 4239 possint3
614 4163 646 4215 ut
659 4151 691 4215 in
708 4149 842 4214 omnibus
856 4147 1073 4214 similitudinem
1089 4150 1246 4236 aequalita-

130 4306 154 4360 3.
174 4303 480 4375 testamentumque.
689 4308 747 4356 nno.
784 4307 856 4369 Vulpo
872 4311 935 4356 eatct
949 4301 1100 4374 tactcdptn.

130 4372 157 4427 4.
173 4376 316 4463 προσβολῆς
333 4379 370 4428 ed.
385 4379 461 4440 princ.
723 4372 747 4445 7.
766 4372 929 4442 δειχθήσεται
945 4377 997 4426 cod.
1014 4375 1068 4424 Ven.

131 4445 155 4496 5.
171 4462 219 4512 rapu
235 4460 282 4496 oar.
298 4448 349 4496 cod.
367 4447 422 4496 Ven.
724 4444 748 4493 δ.
766 4442 814 4505 τῆς
831 4445 914 4494 cddtdt
930 4457 959 4493 ea
972 4445 1023 4493 cad.
1042 4443 1095 4492 Ven.

130 4508 156 4564 6.
172 4514 210 4565 lto
232 4516 394 4578 conuentum
416 4515 511 4576 potant
532 4512 582 4562 tant
603 4512 658 4562 oltra
725 4508 750 4562 9.
767 4504 832 4565 ἀλλὰ
849 4511 894 4565 acl
910 4513 961 4563 cod.
979 4514 1032 4562 ten.

99 4583 214 4645 mnan,
230 4585 253 4632 et
267 4595 310 4645 epe
323 4596 386 4633 nunc
400 4585 491 4647 corripo
504 4594 534 4633 ex
548 4581 600 4633 eod.
616 4581 658 4631 Ve-

150 4662 238 4720 corpu·
252 4661 386 4709 mereunt.
400 4663 428 4710 ll.
1000 4672 1040 4734 24
