3046 5084
407 363 542 417 ranam
557 363 621 416 uae.
634 363 654 419 1.
670 362 752 418 noua.
765 365 811 416 ur.
828 364 926 417 uren.
942 365 1021 418 xnv.
1225 355 1285 420 707

140 485 218 553 Nam
243 486 336 551 albam
359 504 432 549 sane
454 484 544 549 ritem
563 484 709 570 serpentis
725 483 941 549 similitudinem
959 485 1142 570 exprimere,
1176 485 1286 570 nigram

140 589 288 668 draconis,
307 586 408 651 aeiuos
423 607 510 671 porro
526 597 669 671 tamquam
684 586 789 650 veneni
803 597 899 670 guttas
914 607 948 650 ae
963 587 1053 651 stillas
1070 607 1148 667 esse,
1170 599 1288 673 propter

140 690 364 767 rotunditatem,
400 709 434 751 ae
450 689 628 771 singulorum
647 688 830 766 discrimina,
864 690 937 752 adeo
956 701 987 751 ut
1003 690 1123 752 orbiculi
1143 690 1196 774 ipsi
1217 710 1284 753 ase

139 794 263 857 invicem
286 790 380 855 avolsi
402 791 585 875 separatique
607 801 776 855 cernentur.
821 788 1009 875 indidemque
1028 802 1058 855 et
1075 791 1173 856 vinum
1194 791 1285 854 bomi-

139 917 207 959 num
225 892 395 979 perturbere
408 903 521 957 mentes
540 913 575 955 ae
590 894 692 978 partim
709 893 827 957 veneris
842 892 978 956 illecebra
994 894 1159 973 concitare,
1183 893 1284 978 partim

140 996 246 1061 luroris
272 996 382 1079 agitare
406 994 547 1075 stimulis,
582 996 685 1081 partim
707 995 830 1080 denique
853 995 888 1058 ed
908 995 1084 1058 iracundiam
1106 1015 1285 1079 provocareq

141 1100 216 1184 quod
235 1119 270 1162 ea
288 1098 347 1164 viui
365 1097 413 1175 vi,
438 1097 491 1160 boe
509 1107 555 1160 est
573 1098 709 1161 draconis
726 1097 802 1161 illius
820 1118 953 1176 veneno,
985 1096 1050 1160 leve
1068 1098 1118 1160 bat
1134 1098 1287 1160 efferatur·

141 1221 197 1285 que
212 1221 329 1286 eorpus.
375 1196 469 1282 Quam
486 1200 522 1263 ob
538 1221 669 1264 caussam
687 1201 734 1283 qui
753 1200 826 1264 bone
843 1211 951 1276 sectam
968 1199 1141 1285 profitentur
1155 1198 1191 1262 ab
1209 1198 1286 1261 omni

139 1325 193 1367 usu
218 1302 279 1366 viui
302 1299 416 1387 penitus
440 1302 597 1365 abstinent.

223 1403 378 1470 Mulierem
397 1415 551 1489 praeterea
568 1402 695 1468 Satanae
715 1425 787 1489 opus
805 1425 871 1468 esse
891 1403 1004 1484 dicunt,
1035 1404 1064 1467 id
1083 1404 1159 1488 quod
1181 1414 1212 1467 et
1227 1402 1287 1466 Ar·
1306 1415 1364 1482 Cap.
1382 1417 1414 1465 11.

140 1508 282 1573 cboutieis
307 1504 431 1593 placuit3
461 1507 584 1591 ideoque
611 1507 660 1591 qui
684 1527 717 1570 se
742 1507 849 1592 nuptiis
875 1507 1027 1592 copulant,
1060 1503 1189 1570 Samene
1215 1527 1286 1591 opus

139 1612 291 1696 perlicere.
336 1607 399 1672 lmo
417 1621 447 1672 et
460 1608 586 1672 bominis
601 1609 722 1673 alteram
740 1621 851 1694 partem
871 1610 934 1689 dei,
958 1610 1078 1672 alteram
1094 1607 1199 1673 diaboli
1219 1618 1286 1672 esse

140 1714 321 1777 confirmant.
366 1709 442 1775 Nam
463 1711 537 1796 quod
556 1710 591 1774 ab
607 1711 741 1774 umbilico
761 1732 875 1774 sursum
892 1710 1067 1797 porrigitur,
1092 1709 1207 1774 divinae
1225 1732 1287 1775 mo·

139 1815 249 1879 litionis
268 1834 353 1891 esse,
385 1813 459 1897 quod
476 1812 552 1876 inira
568 1811 749 1892 umbilicum,
781 1834 798 1875 a
815 1813 887 1875 mala
903 1822 1046 1897 potestate
1063 1813 1209 1876 conditum
1227 1824 1287 1876 sta·

139 1928 234 1981 tuunt.
280 1913 326 1980 0b
349 1916 376 1978 id
395 1915 546 1999 inquiunt,
578 1896 757 1999 voluptatum
777 1914 1076 1988 titillationesomues
1099 1936 1133 1977 ae
1152 1914 1286 1979 libidines

140 2020 176 2083 ab
192 2018 328 2083 umbilico
345 2028 430 2101 atque
446 2016 633 2081 interioribus
652 2015 782 2101 partibus
800 2017 977 2080 excitantur.
1023 2014 1104 2079 ldem
1122 2027 1152 2080 et
1166 2017 1285 2080 aliarum

138 2121 300 2185 haereseon
323 2121 427 2204 dogma
445 2120 512 2183 luit.
1208 2111 1212 2114 ’

221 2222 271 2288 Ex
295 2244 351 2307 qno
376 2221 465 2307 liquet
490 2221 560 2286 nibil
585 2220 661 2285 bunc
685 2221 740 2284 uisi
763 2221 912 2306 planorum
935 2231 1099 2299 ceterorum
1121 2221 1285 2286 inhaesisse
1304 2236 1363 2304 Gap.
1380 2239 1421 2289 tlt.

138 2327 282 2410 vestigiis,
306 2325 355 2410 qui
371 2324 534 2411 peruiciosa
551 2345 585 2387 ao
600 2323 717 2387 letifera
731 2344 846 2387 venena
859 2322 889 2385 in
906 2322 1052 2386 bominum
1067 2344 1160 2407 genus
1176 2325 1286 2388 effude-

138 2441 215 2495 runt.
262 2426 322 2493 Sed
342 2427 420 2491 nullo
438 2427 523 2513 plane
541 2426 677 2510 negotio,
710 2447 764 2489 neo
784 2447 909 2510 operoso
928 2426 1079 2489 admodum
1098 2426 1199 2490 labore
1216 2448 1285 2490 eou-

138 2532 288 2595 lutabitur.
334 2526 450 2615 Corpus
467 2530 544 2593 euim
560 2529 729 2593 universum
747 2550 786 2592 ex
802 2529 838 2592 iis
857 2549 929 2613 quae
945 2549 961 2592 a
977 2530 1032 2592 deo
1049 2540 1129 2592 recte
1147 2527 1287 2593 fabricata

138 2646 222 2714 sunt,
236 2616 302 2696 'boc
321 2645 367 2698 est
385 2632 564 2697 naturalibus
578 2641 624 2696 est
637 2630 862 2720 appetitionibus
879 2631 1050 2711 conflatum,
1075 2652 1146 2716 quas
1164 2653 1223 2694 uon
1236 2630 1286 2694 ab·

137 2738 254 2800 surdum
271 2736 394 2820 aliquem
412 2737 448 2799 ad
464 2757 560 2814 usum,
584 2736 636 2800 sed
653 2735 805 2799 honestum
821 2755 855 2797 ae
871 2735 1067 2797 necessarium
1082 2735 1153 2799 deus
1165 2735 1285 2814 indiditq

137 2840 270 2903 nimirum
289 2850 320 2902 ut
338 2849 367 2901 et
381 2859 513 2902 somnum
531 2848 716 2923 appotamus,
741 2850 771 2901 et
788 2837 881 2900 cibum
898 2859 932 2899 ae
950 2848 1064 2921 potum,
1098 2838 1234 2901 vestitum
1252 2859 1286 2901 ac

138 2954 252 3004 ceteras
271 2941 517 3026 opportunitates,
542 2961 615 3024 quae
632 2941 745 3024 quidem
763 2940 817 3002 den
836 2939 909 3002 baud
928 2940 1059 3023 ingratae
1077 2938 1160 3003 nobis
1179 2961 1286 3003 usuve-

136 3045 236 3124 uiuntq
260 3044 332 3107 adeo
347 3052 378 3106 ut
393 3043 441 3106 vel
457 3042 549 3128 ipsam
568 3064 584 3106 a
601 3043 715 3106 ratione
732 3043 849 3106 minime
866 3042 1025 3105 abhorrere
1040 3034 1159 3106 veneris
1176 3042 1286 3127 eupidi-

138 3158 225 3210 tatem
251 3146 450 3208 demonstrare
471 3145 585 3209 liceat.»
614 3143 672 3209 Est
692 3146 769 3208 enim
792 3147 828 3208 ad
847 3145 998 3209 honestam
1017 3144 1126 3209 sobolis
1143 3165 1286 3230 propaga-

137 3251 256 3327 tionem,
278 3233 307 3312 ot
323 3248 359 3311 ad
378 3247 537 3312 conditoris
553 3249 680 3311 omnium
698 3248 786 3311 deeus
803 3259 833 3311 et
848 3248 988 3311 bonorem
1007 3268 1160 3325 concessa,
1184 3268 1284 3331 quem·

136 3353 287 3416 admodum
309 3349 421 3414 semina
441 3351 476 3414 ad
499 3371 600 3414 eorum
623 3351 765 3414 bonorum
787 3372 860 3435 quae
879 3351 950 3414 deus
969 3352 1096 3430 creavit,
1120 3350 1282 3436 germinum

137 3454 273 3517 videlicet
289 3475 321 3516 ao
337 3454 480 3516 tractuum
495 3452 657 3517 ubertatem
673 3476 706 3518 ac
723 3454 834 3537 copiam
849 3454 982 3517 instituta
998 3465 1076 3517 sunt.
1117 3451 1169 3517 Sic
1185 3453 1285 3516 buma-

138 3579 175 3621 no
195 3558 296 3641 generi
313 3556 347 3618 ad
366 3556 435 3620 illud
454 3556 675 3642 praestandum:
709 3561 847 3632 Crescite,
880 3570 908 3619 et
922 3561 1159 3639 rnulnplz'comim',
1193 3567 1222 3617 et
1239 3577 1427 3635 remeante.

134 3665 211 3742 plete
234 3672 354 3732 terrum,
379 3657 458 3738 insp‘ti
481 3669 550 3722 sunt
570 3658 611 3722 illi
632 3658 687 3743 ipsi
707 3659 863 3745 voluptatis
886 3661 991 3723 aculei.

221 3758 359 3825 Ceterum
384 3760 558 3847 apocryphis
582 3760 751 3846 quibusdam
776 3761 857 3826 libris
883 3763 922 3825 nti
945 3763 1010 3825 illos
1034 3761 1215 3846 accepimus,
1251 3782 1286 3824 ae
1305 3785 1364 3857 cap.
1379 3788 1422 3840 pv,

137 3865 241 3950 partim
262 3865 348 3928 etiam
366 3864 488 3949 publicis
511 3885 545 3927 ac
560 3865 706 3950 receptis,
741 3864 900 3949 exquibus
923 3885 959 3928 ea
981 3865 1043 3929 sola
1061 3865 1191 3948 deligunt
1213 3885 1287 3948 quae

139 3990 191 4054 pro
214 3965 303 4032 animi
326 3966 371 4030 sui
394 3966 511 4030 libidine
531 3979 705 4032 commutata
728 3967 946 4051 adulterataque
969 3969 1140 4052 depravant.
1184 3965 1286 4031 Enim·

137 4093 210 4135 vero
227 4070 297 4135 vitis
313 4090 494 4154 nequaquam
512 4080 558 4133 est
575 4091 591 4134 e
609 4070 724 4134 diabolo
744 4071 874 4149 consita,
910 4091 1002 4154 neque
1022 4090 1061 4133 ex
1076 4070 1221 4155 serpentis
1239 4091 1286 4134 se-

137 4175 215 4237 mine
239 4182 409 4259 procreata,
441 4173 482 4236 uti
507 4172 591 4236 facile
613 4172 707 4257 quivis
725 4173 871 4257 intelligit.
919 4170 976 4256 Qui
1000 4173 1076 4236 enim
1101 4173 1164 4236 lieri
1186 4185 1286 4259 posset

135 4278 230 4357 istud,
262 4297 326 4339 cum
344 4285 444 4360 aperte
462 4275 591 4339 salvator
611 4276 674 4359 ipse
691 4275 835 4339 contraria
853 4277 949 4339 omnia
958 4286 1089 4339 testetur
1110 4276 1146 4340 iis
1163 4276 1280 4342 verbis:

136 4384 200 4442 Non
222 4380 311 4441 lidum
332 4381 384 4439 doe
405 4382 439 4439 de
452 4382 598 4465 geminabo
611 4383 676 4440 cr'tr‘e
694 4382 792 4452 dtrbe,
825 4383 911 4440 donec
930 4382 1019 4441 didam
1041 4383 1114 4441 ittmt
1129 4403 1227 4443 nonum
1250 4386 1278 4444 e'n
1294 4407 1378 4505 qqaqq,

137 4542 215 4584 tatem
229 4543 255 4584 et
266 4532 487 4602 sequestrationem
500 4531 687 4602 uniuscuiusque
703 4533 776 4585 acini.

173 4602 231 4653 Cur.
247 4604 290 4653 111.
301 4630 335 4641 -
354 4603 376 4655 1.
392 4599 539 4669 παμπόλλου
556 4604 606 4653 eod
621 4605 693 4654 Vatia.
728 4604 817 4657 πολλοῦ
835 4606 887 4655 libri
903 4606 965 4656 editi.

1008 4686 1081 4755 45*
