3046 5084
367 346 503 398 Purtntttt
520 346 584 400 Lttt.
597 348 617 401 i.
633 348 716 402 TObi.
728 348 760 399 ΙΙ.
779 348 877 399 unuh.
893 350 994 400 XXXI.
1195 340 1253 401 321

103 464 187 531 huie:
212 462 384 553 carpistes,
408 464 606 543 iiorothetes,
631 462 848 545 Churisterius,
872 466 1022 553 Aphetus,
1047 465 1254 554 bietngogeus.

102 565 142 632 Hi
163 564 379 633 Medioeritatis
401 567 451 632 iiiii
472 567 570 631 vuenti
592 578 673 631 suut.
718 564 815 631 Velim
838 578 934 631 nutem
956 590 972 632 n
995 568 1078 632 vobis
1101 573 1252 655 cognosci,

101 672 242 758 Ampsiu,
266 672 389 749 Aurum,
414 666 529 748 Cueun,
554 667 704 748 Thnrdus,
728 666 862 747 Uhueuo,
888 667 1089 748 Thnrdeddin,
1113 669 1252 750 Merexn,

101 773 195 854 Ater,
226 772 343 853 Barba,
374 770 494 852 Uduee,
526 768 654 851 Cesteo,
683 768 824 850 Uduueh,
848 770 958 850 Esieu,
983 770 1114 856 Amphe,
1138 772 1255 838 Nuesu·

100 898 186 956 men,
218 874 375 954 Uennuiu,
409 871 605 951 Lumetnrde,
638 873 907 955 Athamessumen,
940 873 1063 953 Adiuro,
1096 870 1252 957 Cubinthn,

99 976 264 1057 Nudderie,
287 976 423 1057 Dummu,
448 972 542 1054 (iren,
565 973 736 1061 Leuephee,
761 973 951 1062 Uduupheoh,
970 974 1252 1062 Emphodthiboehe,

101 1077 217 1162 Borru,
240 1079 422 1160 Assiueehe,
445 1076 558 1158 Beiim,
581 1076 799 1159 Dexuriehem,
823 1076 952 1143 Musem.

235 1214 416 1268 HACTENUS
433 1214 481 1265 EX
498 1214 652 1266 iuuenum
669 1215 776 1266 Ltuets
794 1216 836 1267 ΕΔ
855 1214 1119 1267 Durnonrsrnttts

186 1485 345 1553 Praetereo
362 1489 393 1553 in
407 1487 546 1575 Aegypto
563 1510 679 1574 qnoque
696 1490 829 1575 dogmate
845 1488 894 1553 itta
911 1509 963 1552 sun
980 1492 1162 1575 propagavit.
1201 1490 1251 1555 Ex
1271 1499 1329 1567 cop.
1341 1505 1392 1556 t'tt.

103 1612 160 1675 quo
182 1600 329 1677 tempore,
360 1593 404 1657 sie
425 1602 562 1676 tunquam
587 1591 787 1677 viperinarum
808 1591 918 1654 ossium
943 1592 1083 1676 reliquiae
1110 1595 1249 1677 quaedam

99 1693 159 1757 iidie
179 1693 290 1759 semiue
311 1694 388 1759 iiiius
411 1694 514 1758 relietu
536 1704 622 1771 sunt,
650 1694 823 1779 praesertim
842 1694 872 1756 in
891 1693 1086 1772 Athribitide,
1111 1693 1251 1781 Prosopi-

99 1795 175 1873 tide,
198 1794 388 1861 Arseuoitide
404 1818 438 1862 ee
461 1795 614 1860 Thebaide
629 1791 836 1873 Praefectura,
869 1816 922 1858 nee
941 1817 1000 1858 uon
1017 1797 1045 1858 in
1064 1798 1196 1861 inferiori
1215 1820 1251 1862 oo

98 1897 242 1963 maritime
269 1900 401 1985 adeoque
424 1898 630 1963 Alexandrina
657 1898 790 1982 regione.
841 1894 1009 1980 Quinetiam
1033 1897 1158 1963 Romam
1183 1921 1251 1985 pro·

98 2001 193 2065 ieetus
207 2021 340 2065 errorem
356 2023 441 2066 suum
458 1999 489 2064 in
508 2020 543 2064 ea
559 2000 631 2064 urbe
646 2000 810 2085 dissiparit.
857 1997 917 2062 Sed
935 2000 970 2062 ed
988 1996 1119 2084 Cyprum
1137 2002 1250 2066 deintus

97 2102 165 2167 idei
189 2104 391 2188 naufragium,
424 2104 505 2169 velut
530 2102 664 2188 eorporis
691 2103 828 2180 iecisset,
860 2101 966 2164 ibidem
994 2122 1097 2185 passus
1123 2104 1250 2167 animum

99 2206 218 2270 omniuo
236 2206 418 2292 depravavit.
464 2202 615 2290 Siquidem
632 2205 773 2269 haetenus
789 2214 902 2289 partem
918 2202 1035 2288 pietatis
1050 2203 1174 2289 niiqnnm
1191 2208 1252 2269 sin-

99 2328 243 2393 eemeque
263 2309 332 2374 idei
353 2309 484 2373 retinere
504 2309 564 2373 iltis
584 2308 614 2372 in
636 2308 709 2372 loeis
731 2306 895 2371 videbatur.
940 2302 975 2369 lu
999 2301 1099 2391 Cypro
1121 2328 1194 2371 voro
1216 2310 1250 2372 nd

98 2421 262 2476 extremum
280 2411 436 2497 impietntis
452 2411 606 2495 prolapsus
624 2422 687 2490 est,
718 2430 809 2494 seque
827 2408 858 2473 iu
875 2429 938 2472 enm
955 2429 1040 2493 quam
1058 2418 1156 2473 tuetur
1171 2410 1251 2494 dugi-

97 2512 203 2577 tiorum
225 2513 406 2599 disciplinam
428 2513 515 2578 nitius
537 2514 690 2579 immersit.

181 2612 239 2680 En
260 2626 356 2680 eutem
380 2616 452 2681 hnee
474 2616 589 2681 iliorum
608 2616 723 2702 opinio:
748 2613 846 2680 iesum
865 2612 1014 2681 Christum
1033 2616 1179 2681 dominum
1199 2639 1252 2680 no·

98 2728 191 2783 strum
206 2719 385 2784 salvatorem
397 2741 465 2785 esse
480 2720 521 2784 uti
537 2720 678 2798 diximus,
698 2740 732 2783 eo
748 2715 898 2783 Christum
916 2730 947 2783 et
962 2717 1106 2798 Verbum,
1126 2741 1160 2783 no
1174 2718 1250 2784 Trn-

98 2821 266 2901 duetorem,
290 2832 321 2887 et
334 2820 496 2887 Finitorem
512 2844 547 2888 oe
564 2821 750 2887 Terminnm.
795 2820 928 2886 Eundem
946 2843 1083 2909 eorpnse
1101 2824 1184 2887 eoeio
1201 2825 1252 2887 de-

99 2922 202 2989 tuiisse
222 2945 270 3005 ee,
294 2936 428 3010 touqunm
449 2947 523 3011 sque
546 2946 598 3011 per
613 2926 754 3005 fistulam,
778 2925 821 2988 sie
840 2925 919 2989 ilium
939 2947 993 3011 per
1010 2923 1136 2990 Marium
1154 2937 1250 2991 treus·

98 3025 171 3091 iisse
194 3026 356 3112 virginem,
388 3050 484 3114 neque
511 3028 663 3113 quiequam
688 3048 728 3091 ex
750 3028 814 3091 eius
838 3037 923 3091 utero
946 3029 1124 3113 sumpsisse,
1156 3031 1208 3093 sed
1233 3052 1250 3093 e

97 3130 182 3195 eoeio
195 3130 325 3195 tmxisse
343 3152 462 3217 eorpus.
506 3128 613 3216 Neque
630 3152 702 3195 vero
717 3130 840 3216 primum
854 3130 933 3194 iilum
950 3129 1080 3194 Verbum
1098 3152 1166 3196 esse
1181 3154 1251 3194 een-

98 3243 181 3312 seut,
205 3254 300 3317 neque
315 3232 481 3319 proximu·
498 3233 534 3297 nb
549 3255 586 3297 eo
603 3230 771 3312 Christum,
795 3232 842 3316 qni
858 3233 887 3296 iu
904 3235 987 3298 coeto
1005 3256 1159 3319 supremus
1173 3234 1251 3297 inter

97 3336 220 3401 Aeones
238 3336 366 3417 residet,
389 3336 442 3401 sed
463 3335 527 3401 eius
547 3335 633 3401 nnius
651 3355 756 3399 neusse
774 3337 962 3419 productum,
990 3337 1069 3399 utin
1089 3347 1183 3399 terras
1201 3337 1252 3399 de-

98 3438 198 3525 ieqsus
210 3438 343 3524 spiritale
358 3459 466 3525 genus,
489 3439 564 3524 quod
581 3458 598 3502 e
614 3437 698 3503 eoelo
713 3438 796 3502 duxit
812 3438 966 3522 originem,
984 3438 1134 3501 liberaret.
1167 3434 1251 3500 Μοι-

98 3550 216 3605 tuerum
231 3542 479 3607 resurrectionem
497 3541 680 3621 iudeieutur3
711 3541 819 3626 deque
837 3540 987 3604 ridiculam
1006 3540 1148 3624 quendem
1168 3539 1252 3604 inbu-

98 3642 156 3707 Ιιοι
171 3654 294 3724 texum,
319 3666 379 3709 nou
393 3645 449 3709 hoo
461 3644 556 3731 ipsum
571 3663 730 3728 resurgere
744 3664 862 3728 eorpus,
887 3644 938 3707 sed
956 3643 1079 3705 aiterum
1093 3662 1133 3705 ex
1148 3643 1250 3706 eodem

97 3755 211 3827 ortum,
234 3746 312 3831 quod
328 3747 459 3833 spirituie
475 3757 661 3832 nuncupent3
685 3766 781 3832 neque
800 3758 896 3809 tamen
913 3743 1057 3822 omnium,
1082 3745 1133 3808 sed
1149 3765 1250 3809 eorum

97 3847 241 3914 duntuxut
254 3871 328 3935 quos
341 3850 382 3914 illi
397 3850 545 3935 spiritales
560 3859 745 3935 nuncupent,
768 3860 855 3933 utque
872 3869 974 3911 eorum
991 3847 1078 3910 etiem
1096 3869 1168 3932 quos
1188 3849 1250 3911 nni·

95 3950 187 4017 meles
201 3963 326 4032 voenut,
351 3953 505 4017 dnmmodo
519 3953 596 4017 iuste
612 3951 791 4036 honesteque
813 3970 847 4014 se
869 3961 984 4034 gerant.
1032 3946 1177 4030 Ceteros,
1202 3950 1249 4035 qni

96 4048 270 4119 Mutetisles
293 4055 328 4118 eb
352 4053 407 4134 iis,
441 4065 472 4118 et
493 4076 561 4119 oum
583 4074 673 4119 eume
691 4052 840 4133 uouereti,
874 4074 907 4116 no
926 4054 1036 4117 terreni
1054 4053 1248 4141 appellentur,

130 4240 464 4311 &mmmmm
485 4239 658 4312 δαμμῶοοοο.
727 4241 769 4297 37
824 4257 866 4294 eon
883 4244 935 4293 eod.
952 4244 1007 4293 ten.

100 4312 156 4363 Vm
179 4313 254 4364 Vetto.
810 4308 922 4361 Ω.Νοιιι
936 4312 1004 4361 codd.
1021 4312 1075 4361 t'.en
1091 4312 1197 4375 hbedr'q,
1209 4314 1252 4361 hu·

131 4375 174 4433 di.
191 4383 248 4435 οοδι
325 4384 379 4434 ond
394 4384 449 4433 Vm.
692 4382 729 4430 bet
744 4380 818 4429 t'otm
844 4381 872 4430 tn
886 4380 1028 4442 ediderim
1044 4381 1190 4431 medeatur
1205 4386 1253 4431 toto

131 4446 172 4501 35.
189 4398 320 4581 (umiae
344 4451 396 4501 eod.
416 4452 472 4501 Vm.
514 4444 529 4501 d
528 4446 659 4517 mutuom
692 4449 841 4509 omnemque.

98 4516 213 4569 mmuh·
728 4514 782 4564 Gir
783 4516 902 4567 vt.-t
921 4514 944 4567 1.
965 4518 1039 4579 Vutqo
1055 4510 1211 4586 ’.Αρσιιοΐτῃ

131 4582 174 4639 36.
189 4579 288 4640 dorion
306 4586 428 4656 αχιβιλιμ
443 4586 495 4638 eod.
515 4585 591 4638 t’enrt
727 4585 752 4635 ¹2.
769 4578 901 4638 diurnium
916 4583 967 4635 rod.
985 4584 1059 4635 t'ots'e.

150 4662 425 4724 communetotum.
1010 4672 1048 4735 21
