3046 5084
279 364 336 424 148
702 372 825 423 ελΝοΤι
842 372 1010 422 Εεινεικυιι

277 520 348 571 τους
368 492 430 575 άμα
443 487 526 577 αὐτῷ
542 489 727 572 μεμερικέναι
744 487 797 553 τόν
812 487 926 571 κόσμον
940 486 1016 552 κατά
1035 491 1176 572 διαίρεσιν
1190 486 1290 578 κλήρῳ
1306 497 1349 579 τῷ
1363 490 1441 574 πλή-

278 607 329 662 θει
344 601 403 659 τοῖν
415 589 577 676 Ἀγγέλων,
596 589 691 678 τούτῳ
712 590 745 655 δέ
762 592 925 676 λελογγέναι
942 589 976 655 τό
992 591 1076 673 γένος
1096 597 1155 654 τῶν
1170 587 1346 671 Ἰουδαίων,
1367 598 1442 676 βλα-

279 703 408 780 σφημῶν
424 694 456 758 δέ
469 690 560 756 αὐτόν
574 690 627 757 τόν
643 691 870 778 παντοκράτορα
884 692 1007 777 κόριον,
1030 690 1081 756 τόν
1096 690 1189 768 όντως
1205 691 1276 757 όντα
1292 694 1370 759 θεόν
1385 696 1442 777 μό-

279 827 350 876 νον,
372 798 423 862 καί
439 792 492 878 οὐχ
509 797 616 879 ἕτερον.
662 796 782 877 Πατέρα
800 793 855 880 γάρ
880 793 933 860 τόν
955 792 1047 859 αὐτόν
1070 790 1146 858 εἶναι
1162 791 1364 880 όμολογοῦμεν
1384 807 1442 863 τοῦ

280 905 387 987 κυρίου
404 895 488 981 ήμῶν
509 894 607 977 Ἰησοῦ
628 902 768 978 Χριστοῦ.
818 903 929 961 Τοῦτον
953 898 1065 970 ἐκεῖνος
1086 892 1270 979 άρνούμενος
1294 899 1346 961 ἕνα
1366 899 1442 980 βού-

279 1013 356 1069 λεται
376 998 467 1064 αὐτόν
484 1004 630 1080 παριστάν
647 1005 706 1060 τῶν
727 994 778 1061 ὐπ’
800 995 894 1061 αὐτοῦ
917 1000 1080 1082 λεγομένων
1098 995 1258 1083 Ἀγγέλων,
1279 998 1365 1065 καθά
1386 1027 1441 1081 μοι

279 1101 515 1190 προδεδήλωται,
537 1098 711 1180 ἐληλυθέναι
727 1098 760 1161 δὲ
776 1097 846 1173 τοῦς
861 1096 1032 1174 Ἰουδαίους
1048 1102 1089 1175 είς
1107 1107 1215 1182 κλήρου
1233 1097 1334 1167 αὐτοῦ.
1376 1105 1437 1165 Καὶ

279 1204 332 1270 τόν
353 1200 444 1268 αὐτόν
461 1199 536 1283 ῦπέρ
562 1198 734 1284 7’Ἄγγελον
749 1197 985 1286 αὐθαδέστερον,
1012 1204 1185 1286 8έίξαγαγεῖν
1204 1206 1237 1269 δὲ
1259 1203 1330 1279 τοῦς
1350 1203 1439 1280 υίοῦς

278 1303 391 1392 Ἰσραήλ
408 1306 437 1380 έξ
452 1301 609 1387 Αἰγύπτου
624 1298 773 1389 αὐθαδείᾳ
796 1305 952 1387 βραχίονος
967 1310 1021 1367 τοῦ
1038 1307 1132 1383 ἰδίου,
1162 1303 1212 1369 διά
1233 1303 1266 1370 τό
1286 1301 1361 1370 εἶναι
1385 1304 1436 1370 αὐ·

279 1407 332 1474 τόν
354 1403 533 1488 ἰταμώτερον
547 1410 608 1468 τοῖν
631 1400 725 1467 άλλων
740 1405 791 1467 καί
810 1402 1037 1487 αὐθαδέστερον.
1071 1404 1169 1470 Ὅθεν
1190 1405 1239 1471 διά
1261 1405 1315 1489 τήν
1338 1405 1437 1472 αὐθά-

280 1509 364 1576 δειάν
382 1528 474 1589 φησιν
490 1503 593 1583 αὐτοῦ,
608 1502 648 1580 τός
663 1507 832 1588 βλασφημεῖ
848 1503 958 1590 όγόης,
974 1510 1190 1589 βεβουλεῦσθαι
1205 1507 1257 1573 τόν
1274 1506 1365 1574 αὐτόν
1385 1509 1437 1575 αὐ-

279 1620 340 1677 τοῖν
359 1607 432 1674 θεόν
450 1605 659 1683 καθυποτάξαι
675 1613 716 1694 τῷ
731 1608 807 1691 γένει
824 1613 877 1672 τοῦ
894 1605 1013 1692 Ἰσραήλ
1028 1607 1126 1674 πάντα
1142 1609 1177 1673 τά
1194 1609 1264 1675 άλλα
1280 1613 1367 1693 έθνη,
1386 1617 1436 1678 καὶ

279 1712 329 1778 διά
346 1718 434 1777 τοῦτο
452 1708 703 1794 παρεσκευακέναι
726 1710 880 1791 πολέμους.
926 1708 1027 1775 Πολλά
1049 1712 1081 1775 δὲ
1101 1713 1150 1776 καῖ
1167 1710 1239 1776 άλλα
1256 1712 1332 1777 κατά
1348 1710 1438 1800 άγίου

278 1821 356 1880 θεοῦ
372 1811 499 1897 χαλάσας
517 1808 570 1893 τήν
586 1817 714 1895 γλῶτταν
730 1811 781 1875 καί
798 1809 910 1895 ἐπάρας
925 1814 958 1877 τό
976 1812 1068 1895 στόμα
1085 1811 1141 1878 οὐκ
1158 1816 1323 1900 ἐντρέπεται
1339 1823 1439 1882 λαλῶν

278 1915 297 1982 ό
314 1914 514 1989 έλεειυότατος.
559 1911 618 1977 Διά
634 1920 720 1978 τοῦτο
736 1911 810 1998 γάρ,
832 1914 922 1995 φησί,
944 1917 995 1979 καλ
1012 1914 1048 1979 τά
1063 1913 1135 1981 άλλα
1153 1918 1227 1998 ίθνη
1248 1918 1438 2000 οἐπολέμησε

278 2026 365 2084 τοῦτο
379 2015 412 2081 τό
431 2018 538 2092 έθνος,
559 2016 611 2079 καί
628 2013 720 2080 πολλά
741 2013 819 2080 κακά
836 2013 916 2104 αὐτῷ
939 2020 1158 2099 ῑιθένεδείξατο,
1181 2016 1230 2083 διά
1242 2016 1297 2100 τήν
1311 2025 1372 2083 τοῖν
1387 2019 1436 2085 άλ-

278 2129 336 2186 λαν
354 2117 480 2204 α’γγέλαν
501 2116 724 2202 παραζήλοισιν,
755 2117 913 2203 έπειδήπερ
936 2121 1208 2202 παροτρυνθέντες,
1231 2117 1436 2207 οόςκαταφρο-

278 2221 418 2306 νοῦμενοι
434 2217 485 2285 ὐπ’
502 2219 610 2298 αὐτοῦ,
632 2221 683 2285 καί
701 2217 788 2284 αὐτοί
803 2217 839 2283 τά
856 2222 919 2283 ίδια
936 2222 1011 2302 ἔθνη
1028 2222 1078 2285 έπί
1094 2219 1127 2286 τό
1143 2223 1233 2298 ίθνος
1248 2230 1302 2288 τοῦ
1317 2220 1437 2309 Ἰσραήλ

277 2325 310 2391 τό
326 2321 377 2389 ὐπ’
393 2321 491 2388 αὐτῶν
505 2323 672 2400 έπέσεισαν,
700 2329 731 2368 ¹¹
744 2323 795 2386 καί
812 2320 918 2386 τοῦτον
934 2314 990 2387 οῦν
1007 2325 1092 2387 ἕνεκα
1104 2322 1228 2407 πόλεμοι
1243 2323 1366 2391 πάντοτε
1383 2331 1437 2392 καλ

279 2427 490 2492 άκαταστασίαι
512 2421 574 2488 κατ’
597 2421 697 2487 αὐτῶν
719 2424 926 2505 ἐπανέστησαν.

143 2555 211 2622 Κεφ,
228 2549 260 2620 γ’,
364 2528 450 2608 Αὕτη
473 2528 550 2590 ἐστίν
565 2522 587 2606 ή
604 2531 656 2589 τοῦ
674 2523 845 2600 ἀπατεῶνας
867 2530 1073 2610 πιθανολογία.
1118 2529 1180 2592 Καὶ
1202 2527 1291 2605 αὐτός
1314 2531 1346 2594 δέ
1368 2534 1437 2615 περί

282 2637 424 2715 Χριστοῦ,
447 2625 487 2702 τός
504 2625 620 2708 δοκήσει
636 2625 816 2708 πεφηνότος,
838 2624 951 2709 δμοίως
968 2627 1089 2706 δοξάζει.
1120 2626 1211 2695 Εἶναι
1226 2632 1260 2696 δέ
1274 2651 1367 2714 φησιν
1382 2631 1434 2696 αὐ-

279 2731 330 2796 τόν
348 2732 511 2812 φαντασίαν
529 2730 559 2792 έν
575 2735 615 2815 τῷ
631 2734 808 2808 φαίνεσθαι,
832 2726 873 2812 μή
894 2725 968 2794 εἶναι
988 2730 1021 2795 δὲ
1036 2727 1217 2816 άνθροιπον,
1248 2735 1322 2816 μηδὲ
1340 2733 1437 2819 σάρκα

280 2832 437 2913 εἰληφέναι.
482 2837 709 2916 Δραματουργεῖ
731 2831 762 2896 δέ
786 2828 859 2913 ήμῖν
881 2829 971 2914 άλλην
991 2834 1230 2919 δραματουργίαν
1254 2832 1272 2901 ό
1300 2834 1437 2922 δεῦτερος

280 2930 453 3017 μιμολόγος,
483 2934 516 2997 έν
531 2939 572 3020 τῷ
591 2934 658 3017 περί
675 2939 806 3016 σταυροῦ
824 2931 901 3022 λόγῳ
923 2941 1071 3018 Χριστοῦ,
1098 2932 1166 3019 οὐχὶ
1179 2934 1296 3017 Ἰησοῦν
1312 2935 1438 3020 φάσκον

280 3035 477 3113 πεπονθέναι,
500 3031 570 3098 άλλά
591 3038 715 3116 Σίμωνα
731 3033 783 3099 τόν
798 3040 986 3120 Κυρηναῖον,
1009 3036 1112 3119 έπειδή
1125 3036 1182 3122 γάρ
1202 3041 1234 3104 έν
1254 3047 1295 3129 τῷ
1314 3037 1374 3105 άπδ
1387 3037 1436 3104 Ἰε-

281 3134 455 3224 ροσολύμων
471 3133 524 3201 τόν
540 3132 645 3220 κόριον
663 3134 871 3219 ἐκβάλλεσθαι,
895 3134 936 3213 τός
951 3139 1008 3220 ἔχει
1026 3135 1047 3220 ή
1068 3135 1235 3205 άκολουθία
1248 3148 1302 3206 τοῦ
1318 3139 1436 3226 εὐαγγε-

279 3246 355 3318 λίου,
377 3235 563 3326 ήγγάρευσάν
577 3263 642 3301 τινα
652 3242 776 3320 Σίμωνα
795 3245 966 3323 Κυρηναῖον
982 3239 1125 3322 βαστάσαι
1138 3237 1190 3304 τόν
1205 3240 1341 3325 σταυρόν.
1365 3241 1434 3307 Ἕν-

280 3353 337 3407 θεν
351 3339 477 3428 εὐρίσκει
494 3346 546 3422 τῆς
561 3337 656 3404 αὐτοῦ
672 3344 794 3422 κυβείας
809 3341 996 3423 ποιήσασθαι
1015 3339 1071 3426 τήν
1088 3345 1254 3430 τραγῳδίαν
1272 3345 1325 3406 καί
1342 3365 1436 3425 φησιν

171 3477 222 3522 pag.
235 3463 268 3505 n·
281 3446 394 3510 ἐκεῖνον
414 3446 446 3509 έν
463 3447 505 3531 τῷ
519 3440 672 3524 βαστάζειν
692 3440 747 3507 τόν
763 3441 892 3528 σταυρόν
912 3445 1237 3530 1μεταμεμορφοοκέναι
1258 3445 1300 3518 είς
1318 3439 1352 3508 τό
1368 3444 1435 3508 έαυ-

282 3551 335 3608 τοῦ
354 3544 450 3625 εἶδος,
471 3547 523 3610 καί
541 3542 648 3609 ἑαυτόν
665 3546 706 3619 εἰς
725 3541 778 3609 τόν
795 3550 938 3627 Σίμωνα,
960 3547 1011 3610 καί
1027 3543 1092 3611 άντλ
1109 3547 1218 3612 ἑαυτοῦ
1236 3548 1434 3629 ’παραδεδω-

282 3646 364 3711 κέναι
376 3653 499 3731 Σίμωνα
513 3650 555 3723 είς
568 3644 602 3711 τό
621 3653 842 3730 σταυρωθῆναι.
884 3645 1016 3712 ’δ’πιείνου
1034 3648 1066 3713 δὲ
1086 3648 1309 3733 σταυρουμίνου
1324 3646 1436 3732 ἑστήκει
1503 3659 1506 3663 ’

283 3745 476 3833 κατάντικρυς
491 3747 626 3835 άοράτως
645 3746 664 3813 ό
678 3746 801 3831 Ἰησοῦς,
823 3757 989 3835 καταγελῶν
1004 3756 1065 3815 τοῖν
1076 3748 1128 3816 τόν
1138 3755 1264 3833 Σίμωνα
1278 3750 1435 3838 σταυροῦν-

283 3871 356 3909 ταν·
388 3847 478 3927 αὐτός
495 3852 528 3916 δὲ
545 3849 648 3932 α’νέστη
671 3853 713 3924 είς
733 3849 769 3915 τά
785 3851 961 3937 ἐπουράνια,
989 3850 1145 3936 παραδοῦς
1160 3852 1214 3920 τόν
1230 3859 1353 3938 Σίμωνα
1367 3850 1438 3918 άνα-

285 3953 535 4032 σκολοπισθήυαι,
558 3953 609 4017 καί
627 3949 754 4028 άπαθοῖς
771 3952 951 4038 άυεχιόρησεν
966 3955 1008 4029 είς
1021 3952 1074 4019 τόν
1087 3952 1231 4040 οὐρανόν·
1253 3954 1273 4022 ό
1286 3957 1319 4021 δέ
1334 3959 1437 4035 Σίμων

284 4045 376 4125 αὐτός
394 4051 584 4135 έσταυράθη,
608 4055 658 4117 καλ
682 4051 735 4136 οὐχ
759 4051 776 4120 ό
796 4053 932 4139 Χριστός.
972 4053 1088 4138 Ἰησοῦς
1103 4055 1176 4142 γάρ,
1199 4058 1307 4139 φησίν,
1328 4054 1436 4120 άναπε-

283 4152 406 4226 τασθελς
423 4152 465 4225 είς
480 4150 530 4216 τόν
542 4151 672 4237 οὐρανόν
696 4158 800 4237 διῆλθε
814 4155 911 4232 πάσας
927 4155 981 4232 τάς
996 4156 1162 4240 Δυνάμεις,
1192 4160 1249 4233 ἕως
1269 4148 1308 4220 οῦ
1323 4152 1436 4222 άποκα·

317 4307 340 4360 7.
358 4302 463 4374 ἄγγελοι
474 4310 582 4369 rescn'psi
592 4322 635 4368 pro
646 4304 768 4376 ἀγγέλων,
779 4314 841 4372 quod
873 4315 922 4375 σιμ.
941 4310 1134 4380 ἐπολέμιοετοδ,
1143 4314 1216 4362 vatic.
1235 4307 1367 4377 ῖπολέμιζε
1380 4317 1436 4365 edit.

283 4377 395 4426 λλοτοταοι
411 4378 444 4425 ιιι
460 4377 573 4423 omnium.
872 4385 948 4443 princ,

274 4496 277 4503 ·
316 4475 342 4528 a
360 4475 530 4542 ἐξαργηηηη,
543 4477 621 4539 ωηο,
910 4450 950 4499 10.
967 4445 1253 4568 {nalem-ommia.
1275 4449 1368 4513 Reliqui
1383 4452 1437 4500 libri

204 4632 206 4636 ,
314 4576 340 4630 9.
356 4575 499 4645 ἐπολέμησε
514 4578 552 4629 ιδ
567 4580 650 4629 Peleu.
670 4583 693 4627 ιλ
712 4580 766 4629 τοῦ.
782 4580 841 4631 λλι-
874 4528 953 4633 ΜλΧ
975 4514 1184 4638 Jffiffiossv
1201 4579 1277 4638 ἕνεκα
1292 4586 1345 4660 qod.
1361 4588 1436 4637 Υοιίο.
