3046 5084
427 363 562 415 PANARH
579 364 643 415 ua
657 365 676 417 l.
692 365 774 417 ΤΟΜ.
785 366 816 417 u.
834 365 933 418 flhER.
943 368 1031 418 XXX.
1242 354 1302 415 265

159 486 209 547 tre
225 489 317 566 aperio
331 486 527 545 &scandentis
549 492 580 543 et
599 487 734 551 intimatas
751 505 781 544 m
799 505 871 546 reae.
915 488 958 547 Et
975 508 1031 546 coa
1046 489 1156 546 reddita
1172 488 1208 546 de
1227 486 1304 546 coelo

158 592 270 659 dacae,
297 589 340 646 Τιι
356 586 483 664 esfilias
497 604 575 643 meas
588 585 725 656 dilectas,
748 589 778 643 ia
796 595 823 644 te
840 587 910 644 miti
925 589 1089 665 complacui.
1134 590 1176 646 Bt
1190 591 1302 659 iterum,

157 692 221 767 Ego
238 690 320 747 lodie
332 690 424 765 genia*
438 696 474 745 te.
521 687 679 763 Statimque
698 705 731 744 eo
753 686 783 744 ix
806 687 867 744 loeo
889 687 941 744 laa
960 689 1060 762 ringens
1076 688 1198 768 cffielsit.
1245 689 1305 762 (lua

158 800 305 869 conspecta
320 791 439 847 loannes
455 789 499 844 sic
514 804 576 844 eum
592 787 766 864 alloquitur:
801 789 842 847 lh
858 789 922 865 qais
943 807 988 858 ee,
1013 789 1145 845 domnae?
1173 789 1307 846 harema-

158 913 211 972 qae
227 893 307 968 lapsa
323 909 380 947 coa
395 888 430 946 de
444 888 538 958 coelo,
563 889 618 946 Ilia
633 896 679 946 est
681 888 769 966 pilius
783 907 861 946 meus
874 890 1008 960 delectus,
1033 891 1063 946 ia
1079 909 1133 966 qao
1151 888 1222 947 mili
1233 908 1307 947 mm-

157 995 266 1072 placai.
312 992 364 1049 Aa
377 989 446 1047 laec
461 991 580 1047 loannes
594 990 633 1047 nd
647 991 709 1047 eius
718 991 804 1066 pedes
817 992 963 1061 accidens,
989 991 1108 1065 Ouarsa,
1133 991 1234 1068 eliquat,
1257 990 1308 1047 elo-

161 1098 249 1164 maiae,
276 1102 307 1151 ta
322 1110 366 1150 mc
381 1092 440 1167 epse
455 1089 578 1167 baptiza.
623 1092 669 1149 Aa
686 1090 737 1149 ille
749 1090 920 1169 prohibebat
934 1112 994 1151 eram
1011 1093 1124 1162 diceas,
1150 1093 1237 1163 Sine,-
1268 1092 1308 1148 ita

160 1199 232 1254 enim
254 1196 334 1252 decet
352 1211 403 1250 noa
422 1192 537 1268 staplen
556 1194 659 1251 amara.

246 1392 323 1458 Vide
348 1391 494 1477 quamsit
519 1412 620 1455 eornm
647 1394 838 1478 undequaque
859 1395 1015 1479 depravata
1040 1395 1188 1468 doctriua,
1221 1401 1459 1474 qnamcap.x1v.

161 1494 363 1571 claudicantia,
386 1492 565 1576 distortaque
581 1494 641 1556 sint
657 1495 767 1572 omnia,
792 1517 846 1557 nec
865 1498 938 1557 recti
957 1497 1107 1580 quicquam
1126 1496 1306 1558 contineant.

163 1596 320 1663 Corinthus
338 1593 414 1657 enim
432 1605 461 1655 et
478 1590 675 1678 Carpocrates
696 1598 798 1658 eodem
816 1594 977 1673 Matthaei,
1003 1609 1033 1661 ut
1053 1599 1166 1681 quidem
1189 1597 1302 1671 volunt,

162 1698 316 1782 evaugelio
333 1698 417 1774 freti,
444 1715 485 1757 ex
500 1694 563 1758 eius
582 1695 665 1757 initio
681 1694 849 1780 Christique
873 1698 1043 1782 genealogia
1063 1700 1187 1782 probare
1209 1700 1306 1759 nitun-

161 1814 206 1865 tur
222 1796 371 1863 Christum
389 1818 407 1860 a
423 1795 539 1880 iosephi
553 1806 583 1858 et
597 1793 713 1860 Mariae
728 1799 840 1861 semine
858 1820 925 1862 esse
943 1812 1138 1884 procreatum.
1178 1797 1221 1861 illi
1238 1820 1307 1859 con·

161 1915 206 1966 tra
221 1901 298 1964 aliud
314 1901 433 1963 omnino
450 1908 592 1960 statuunt.
637 1895 715 1960 Nam
731 1901 809 1960 omni
826 1899 873 1961 illa
891 1902 1062 1982 genealogia
1080 1912 1226 1985 arnpntata
1242 1901 1308 1962 inde

161 2005 237 2066 unde
252 2002 381 2064 diximus
397 2000 510 2062 initium
532 1999 693 2062 deducente
732 2004 849 2061 Factam
866 2013 910 2061 est
931 2007 960 2062 in
980 2005 1076 2063 dachas
1091 2009 1210 2063 Herodis
1231 2008 1308 2081 regii

160 2109 297 2176 Iudaeae,
320 2104 375 2163 aad
387 2105 516 2182 prehaape
534 2105 711 2161 sacerdotum
727 2105 850 2180 Caspia,
885 2113 917 2161 at
934 2108 1040 2163 cenaret
1061 2107 1172 2183 quadam
1190 2108 1308 2163 Inarimes

161 2211 270 2268 nomme
288 2206 437 2284 baptimus
455 2204 590 2282 baptismo
599 2207 787 2283 poentientiae
802 2207 830 2263 in
846 2207 967 2263 Iordane
975 2208 1079 2286 flaura,
1105 2215 1162 2265 etc.
1208 2201 1309 2283 Quan-

161 2306 315 2392 doquidem
333 2302 430 2368 lesum
448 2312 481 2366 ut
495 2303 623 2368 diximus
639 2324 750 2366 merum
767 2304 911 2366 hominem
928 2305 1064 2367 extitisse
1082 2315 1193 2389 putant,
1215 2305 1244 2364 in
1259 2325 1309 2366 co-

161 2429 216 2494 que
234 2405 381 2470 resedisse
401 2399 572 2482 Christum,
596 2405 644 2487 qui
662 2405 813 2468 columbae
832 2407 931 2490 specie
948 2407 987 2468 sit
1003 2407 1139 2490 illapsus,
1172 2429 1235 2468 cum
1259 2427 1309 2468 eo-

161 2530 217 2593 que
232 2508 420 2586 coniunctum
453 2506 480 2568 id
498 2507 572 2589 qnod
590 2507 655 2569 chiis
678 2507 798 2592 iusuper
819 2508 990 2571 haeresibus
1014 2509 1159 2592 placuisse
1180 2507 1306 2591 reperio.

160 2609 206 2675 lta
222 2608 320 2673 lesum
338 2609 433 2693 ipsum
458 2628 525 2671 esse
545 2603 696 2672 Christum
720 2630 760 2673 ex
780 2610 932 2692 utriusque
953 2611 1084 2694 parentis
1108 2611 1219 2672 semine
1243 2629 1308 2692 pro-

162 2723 292 2798 gnatum.
337 2708 466 2773 Rursum
495 2730 567 2773 vero
591 2732 650 2773 uon
673 2710 817 2774 hominem
840 2732 906 2774 esse
930 2708 1078 2775 Christum
1102 2733 1142 2774 ex
1167 2713 1222 2774 hoc
1244 2710 1307 2773 aius

162 2834 306 2900 responso
327 2812 483 2894 coliigunt,
507 2813 600 2896 qnod,
624 2833 688 2875 cum
705 2814 901 2876 renuntiatum
920 2825 1018 2876 esset:
1052 2818 1128 2875 Ecce
1149 2826 1238 2875 mater
1260 2825 1308 2874 tna
1328 2818 1413 2914 φρὶξ

162 2918 317 2999 etsretrea
338 2915 468 2995 laisaris
484 2925 576 2988 stant,
608 2914 684 2977 hunc
700 2915 730 2977 in
755 2916 869 2977 modum
891 2915 1030 2979 reddidit:
1066 2920 1310 2993 Quaemtmatcr
1361 2905 1368 2927 '
1407 2902 1413 2914 ’

163 3041 239 3093 mea,
263 3018 412 3099 etsi-atres
426 3020 503 3079 anei?
523 3028 551 3078 et
566 3021 719 3079 extendeus
734 3039 844 3079 monam
862 3023 891 3078 in
906 3021 1162 3097 consputatam,
1187 3022 1229 3078 Ili
1242 3030 1311 3079 sant

161 3124 270 3202 [aalma
290 3122 347 3181 mei
358 3130 387 3179 et
408 3130 498 3180 mater
520 3139 597 3192 inea,
627 3121 807 3201 quisamaat
821 3124 989 3181 uoluntatem
1005 3125 1100 3200 patrc's
1121 3124 1183 3181 mei.
1231 3117 1309 3180 Hinc

163 3222 213 3287 illc
231 3220 396 3305 praestigiis
411 3220 570 3283 instructus
587 3217 684 3282 Ebion
702 3221 801 3284 varias
819 3243 852 3284 se
868 3221 898 3283 in
915 3222 1011 3284 torvas
1029 3233 1115 3304 atque
1130 3221 1241 3304 effigies
1259 3220 1309 3282 de·

165 3326 286 3401 lormnt,
310 3333 343 3386 nt
359 3344 400 3386 ex
414 3323 452 3386 iis
468 3342 543 3406 quaa
563 3320 647 3384 initio
662 3321 738 3385 diota
755 3334 824 3386 sunt
840 3334 946 3387 tetrum
964 3334 994 3386 et
1011 3323 1149 3386 horribile
1168 3321 1309 3405 quoddam

164 3446 233 3490 esec
254 3435 415 3490 monstrum
438 3433 589 3510 appareat.

250 3627 327 3695 Sunt
343 3641 374 3694 et
391 3631 441 3695 alii
463 3629 529 3694 libri
550 3629 654 3715 quihus
677 3641 813 3710 utuntur,
843 3632 925 3694 velut
939 3629 1022 3694 Petri
1037 3624 1187 3694 Circuitus
1202 3651 1219 3693 a
1239 3626 1309 3695 Clo·
1327 3640 1461 3708 021va.

165 3743 261 3796 mente
282 3733 457 3818 conscripti,
487 3755 545 3817 quo
570 3735 599 3796 in
622 3733 697 3796 libro
717 3735 817 3819 paucis
839 3734 918 3796 veris
939 3732 1050 3794 relictis
1078 3740 1177 3795 cetera
1204 3754 1310 3817 suppo·

165 3847 305 3915 suerunt;
329 3836 566 3919 quemadmodum
585 3832 723 3900 Clemens
740 3836 802 3921 ipse
819 3835 952 3897 omnibns
973 3834 1039 3896 iilos
1054 3834 1147 3897 modis
1162 3834 1311 3915 redarguit

165 3934 203 4000 iis
217 3936 349 4023 epistolis
366 3936 556 4000 circularibus
572 3958 647 4022 quaa
666 3937 708 4001 nb·
719 3958 756 4001 eo
772 3938 899 4021 scriptae
918 3936 947 3998 in
965 3936 1161 4024 sacrosanctis
1178 3937 1311 4000 eeclesiis

165 4038 313 4122 leguntur.
358 4037 409 4101 Ex
427 4038 530 4121 quihus
549 4049 664 4102 constat
683 4039 770 4121 longe
794 4039 830 4100 ab
854 4039 890 4100 iis
914 4059 989 4122 quac
1006 4039 1034 4101 iu
1054 4035 1232 4102 Circuitihns
1253 4038 1310 4100 iltis

167 4140 221 4204 suh
234 4142 298 4205 eius
319 4139 436 4205 nomine
453 4140 616 4203 adulterina
633 4150 738 4202 extant
758 4139 836 4202 itlius
854 4141 937 4202 fidem
961 4162 996 4204 ao
1018 4163 1182 4205 sermonem
1205 4140 1311 4202 abhor-

166 4242 275 4319 ruisse.
319 4242 437 4307 Etenim
453 4236 811 4325 virginitatemClemeus
828 4241 960 4323 edocuitq
984 4243 1031 4307 isti
1049 4244 1212 4328 repudiant.
1258 4240 1311 4304 the

167 4342 260 4408 Etiam
273 4342 412 4409 Davidem
426 4356 456 4407 et
466 4340 657 4428 Sampsonem
671 4364 830 4428 omnesque
845 4345 1001 4431 prophetas
1014 4346 1206 4424 commendat,
1223 4342 1311 4406 [ihio-

219 4564 278 4615 ιιι».
292 4566 351 4618 xv.
369 4594 402 4607 -
431 4565 452 4618 ι.
472 4568 508 4629 οι.
522 4567 598 4618 arca
613 4566 721 4630 spana
738 4568 755 4617 ι.
771 4564 896 4631 maaca.
