3046 5084
262 339 324 401 378
436 402 437 405 ,
685 348 806 399 οιιιοτι
824 347 993 400 emmena

264 468 330 532 7έτι
345 465 391 533 ῦτι
405 465 441 531 τά
458 464 665 551 άπεγνασμένα
681 467 757 546 έθνη
776 463 1001 551 σνγιτληρσνόμα
1015 466 1064 530 καί
1082 462 1223 548 σύσσαμα
1237 467 1290 531 καλ
1306 466 1422 547 συμμέ-

261 594 331 652 τοχα
344 576 404 634 τοῖν
418 566 510 653 άγίον
523 572 682 650 πεποίηκεν
696 565 714 632 ό
729 567 801 643 θεός
813 566 854 651 μή
868 574 993 645 σιωπᾶν,
1011 569 1062 632 καί
1076 574 1141 643 ποῦς
1152 565 1186 633 τό
1200 566 1315 649 θνητόν
1328 573 1422 632 τοῦτο

262 778 326 850 πῶς
339 798 369 838 τε
386 775 449 859 ἐρεῖ
453 823 461 852 ,
489 770 522 836 Ὁ
541 770 577 838 ού
593 770 663 848 λαός
678 770 763 852 λαός,
792 774 842 838 καὶ
857 770 878 854 ή
893 769 947 836 ούκ
964 770 1136 857 ἠγαπημένη
1150 770 1343 856 ἠγαπημένη,
1365 775 1421 838 καλ

261 880 325 951 ποῦς
344 879 465 940 πλείονα
486 882 539 958 τῆς
561 874 673 958 ἐρήμου
698 874 733 939 τά
754 876 840 939 τέκνα
863 881 971 957 μᾶλλον
989 873 1010 956 ή
1028 882 1080 958 τῆς
1096 873 1221 956 ἐχούσης
1237 872 1290 942 τόν
1309 873 1420 956 ἄνδρα,

260 976 424 1063 κηρύσσειν.
467 974 533 1042 Ἐπὶ
549 976 662 1042 τούτων
683 976 738 1062 γάρ
761 980 813 1041 καὶ
829 979 879 1042 ἐπί
895 983 953 1041 τῶν
971 975 1083 1058 άμοίαν
1101 975 1204 1053 αύτοῖς
1220 975 1381 1059 ἐπεβόησεν
1399 975 1422 1043 ό

261 1078 441 1154 άπόστολος·
458 1071 497 1142 Ὦ
514 1078 614 1162 βάθος
631 1078 760 1145 πλούτου
775 1081 823 1144 καί
840 1084 947 1159 σοφίας
959 1082 1010 1144 καὶ
1025 1079 1161 1164 γνώσεως
1174 1086 1260 1158 θεοῦ,
1280 1076 1321 1155 τίς
1334 1076 1418 1156 άνεξ·

261 1181 402 1269 ερεύνητα
423 1180 458 1245 τά
479 1187 605 1267 κρίματα
627 1179 735 1259 αύτοῦ,
766 1183 816 1246 καὶ
834 1179 1041 1264 άνεξιχνίαστοι
1065 1185 1098 1245 αἱ
1117 1179 1184 1247 όθολ
1206 1180 1311 1247 αύτοῦ·
1343 1178 1419 1246 άλλά

262 1284 317 1349 οῦκ
331 1288 361 1349 ἐν
375 1291 416 1372 τῷ
430 1281 504 1367 ύπέρ
518 1283 570 1349 τόν
585 1288 703 1365 κτίστην
716 1285 768 1348 καί
782 1281 964 1368 δημιουργόν
978 1285 1087 1366 μητέρα
1101 1283 1214 1349 τούτων
1227 1286 1280 1349 καί
1298 1280 1420 1350 εἀύτοῦ

258 1385 440 1469 Ἐνθύμησιν
457 1389 576 1461 Αίῶνος
592 1387 814 1467 πεπλανημένον
829 1395 1033 1470 παρεπινοεῖν,
1055 1388 1106 1451 καὶ
1122 1389 1163 1463 είς
1177 1393 1317 1453 τοσοῦτον
1329 1386 1420 1469 ήκειν

260 1494 447 1572 βλασφημίας
463 1486 532 1554 οῦδὲ
546 1486 579 1554 τό
594 1485 668 1571 ύπέρ
684 1486 794 1569 ταύτην
810 1487 899 1553 πάλιν
916 1488 1072 1572 Πλήραμα
1091 1488 1179 1554 θτότε
1195 1489 1247 1571 μέν
1261 1491 1329 1566 ένα,
1361 1496 1419 1555 νῦν

261 1592 293 1657 δέ
311 1590 481 1675 ἀνήριθμον
499 1597 593 1672 φῦλον
611 1589 738 1655 Αίιόνων
757 1589 989 1671 ἐπιψεύδεσθαι,
1020 1589 1124 1667 καθοίς
1140 1593 1273 1676 λέγουσιν
1286 1583 1372 1658 οὗτοι
1387 1595 1423 1659 οί

260 1693 382 1775 άληθῶς
396 1697 499 1777 ἐρημοι
515 1698 599 1768 θείας
613 1694 755 1769 συνέσεως
769 1691 949 1774 ὅιῦάσκαλοι,
972 1701 1025 1776 τῆς
1039 1693 1131 1777 ούσης
1144 1696 1296 1776 ἐκκλησίας
1312 1692 1418 1761 ιοτετί-

261 1821 315 1881 σης
330 1801 401 1878 μίαν
418 1798 469 1861 καὶ
485 1794 538 1879 τήν
554 1793 647 1880 αύτήν
663 1799 761 1860 πίστιν
776 1794 899 1878 ἐχούσης
915 1799 958 1872 είς
972 1795 1069 1862 πάντα
1084 1794 1135 1862 τόν
1150 1795 1278 1880 κόσμον,
1308 1796 1419 1876 καθείς

263 1902 441 1985 προέφαμεν.

87 2050 89 2054 ,
110 2017 176 2082 Κεφ.
198 2012 243 2069 ιδ’.
335 2000 461 2085 Ἴὸιομεν
483 2008 536 2067 νῦν
556 2002 607 2066 καὶ
627 2000 680 2084 τήν
697 2000 809 2066 τούτων
825 1999 951 2066 άστατον
968 2001 1088 2087 γνάμην
1108 2002 1164 2069 δύο
1181 2029 1242 2069 που
1258 2005 1309 2069 καὶ
1324 2011 1419 2089 τριιῦν

261 2104 365 2182 άντων,
387 2111 452 2181 πῶς
465 2106 533 2188 περὶ
549 2111 608 2169 τῶν
621 2102 720 2169 αὐτῶν
736 2102 773 2169 ού
788 2102 824 2168 τά
839 2101 914 2168 αύτά
925 2106 1069 2189 λέγουσιν,
1092 2102 1162 2171 άλλά
1177 2115 1239 2182 τοῖς
1258 2103 1416 2192 ιπράγμα-

258 2231 288 2275 σι
310 2212 361 2274 καὶ
383 2216 445 2282 τοῖς
464 2205 610 2289 όνόμασιν
627 2209 743 2273 ἐναντία
761 2204 985 2286 άποφαίνονται.
1027 2204 1061 2272 Ὁ
1078 2208 1131 2290 μὲν
1145 2206 1201 2294 γάρ
1216 2215 1334 2293 πρῶτος
1352 2206 1416 2276 άπό

139 2342 189 2384 ηις.
201 2329 246 2373 τοι.
261 2319 312 2395 τῆς
326 2312 481 2396 λεγομένης
496 2317 666 2393 Γνωστικῆς
679 2310 816 2396 αἱρέσεως
830 2307 884 2384 τάς
897 2307 988 2394 άρχάς
1002 2313 1044 2386 είς
1056 2313 1135 2377 ἴδιον
1147 2316 1317 2397 χαρακτῆρα
1332 2315 1417 2379 6⁸0oe-

259 2419 395 2480 σκαλείοιι
410 2412 600 2497 μεθαρμόσας
616 2410 809 2488 ούαλεντῑνος
820 2410 915 2487 ούτως
931 2411 1138 2500 έέξαφόρισεν,
1155 2410 1328 2497 ὁρισάμενος
1339 2410 1418 2481 εἶναι

262 2516 367 2583 Δυάόα
383 2514 601 2599 άνονόμαστον,
631 2508 669 2598 ής
689 2513 722 2579 τό
740 2515 794 2595 μέν
810 2540 838 2578 τι
854 2521 1009 2580 καλεῖσθαι
1018 2501 1179 2601 ”Αρρῆτον,
1211 2513 1245 2581 τό
1261 2514 1295 2581 δέ
1309 2515 1416 2603 Σιγήν.

253 2619 375 2686 Ἔπειτα
388 2623 420 2687 ἐκ
434 2616 542 2701 ταύτης
555 2616 677 2693 Δοάῦος
690 2617 830 2701 δευτέραν
845 2614 952 2681 Δοάῦα
966 2621 1200 2703 προβεβλῆσθαι,
1217 2609 1254 2701 ής
1267 2616 1302 2684 τό
1316 2620 1373 2701 μέν
1388 2646 1417 2687 τι

266 2724 388 2809 Πατέρα
403 2720 555 2803 ὀνομάζει,
577 2719 611 2787 τό
628 2721 660 2786 δέ
670 2718 835 2801 Ἀλήθειαν.
878 2716 927 2784 Ἐκ
944 2721 975 2785 δέ
990 2727 1043 2803 τῆς
1061 2718 1206 2807 Τετράόος
1222 2718 1331 2804 ταύτης
1344 2748 1418 2809 καρ-

261 2834 463 2909 ποφορείσθαι
482 2822 584 2909 Λόγον
605 2824 657 2889 καὶ
676 2820 781 2905 Ζωῆν,
801 2820 987 2909 ’Ἄνθρωπον
1007 2824 1057 2888 καλ
1074 2820 1261 2904 Ἐκκλησίαν·
1290 2820 1367 2890 είναί
1387 2850 1419 2893 τι

261 2926 371 3009 ταύτην
383 2924 531 3012 Ὀγόοάδα
545 2925 674 3011 πρώτην.
706 2927 766 2990 Καὶ
782 2923 841 2990 άπό
858 2926 911 3007 μέν
925 2932 977 2991 τοῦ
992 2922 1096 3011 Λόγου
1109 2927 1160 2990 καί
1175 2931 1228 3008 τῆς
1243 2932 1332 3008 Ζαῆς
1343 2928 1418 2994 δέκα

263 3027 402 3111 δυνάμεις
418 3031 492 3115 λέγει
509 3032 750 3116 προβεβλῆσθαι,
779 3025 885 3104 καθάς
900 3026 1131 3112 προειρήκαμεν·
1160 3025 1221 3095 άπό
1240 3028 1273 3094 δέ
1286 3033 1341 3097 τοῦ
1352 3026 1418 3095 ’Av-

263 3131 392 3218 θριάποο
413 3134 464 3197 καί
486 3140 539 3214 τῆς
552 3129 724 3213 Ἐκκλησίας
739 3128 872 3209 δύῦεκα,
902 3122 943 3194 όν
958 3134 1029 3213 μίαν
1043 3128 1215 3197 άποστῦσαν
1229 3133 1281 3196 καί
1295 3127 1419 3219 ύστιρῆ-

262 3259 354 3303 σασαν
376 3234 430 3318 τήν
451 3234 558 3318 λοιπήν
578 3237 778 3318 πραγματείαν
798 3239 990 3314 πεποιῆσθαι.
1024 3231 1138 3317 Ὅρους
1154 3258 1184 3299 τε
1200 3232 1257 3301 δύο
1275 3230 1419 3315 ύπίθστσ,

262 3343 314 3407 ἕνα
337 3342 390 3424 μὲν
412 3336 518 3421 μεταξύ
538 3344 592 3403 τοῦ
612 3343 720 3402 Βυθοῦ
737 3337 789 3401 καί
806 3341 860 3400 τοῦ
876 3342 982 3401 λοιποῦ
1001 3334 1222 3423 Πληρόματος,
1251 3339 1420 3422 διορίζοντα

262 3442 333 3520 τούς
348 3439 488 3530 γενητούς
502 3443 623 3515 Αίῦνας
638 3436 697 3505 άπό
716 3445 769 3504 τοῦ
786 3435 929 3524 άγτνήτον
948 3436 1083 3525 Πατρός,
1112 3440 1210 3521 ἕτερον
1225 3438 1258 3504 δέ
1273 3436 1327 3505 τόν
1341 3435 1419 3521 άφο-

264 3551 379 3631 ρίζοντα
398 3543 519 3610 ἀὐτῶν
536 3542 590 3626 τήν
604 3543 732 3625 Μητέρα
748 3539 807 3606 άπά
822 3547 875 3606 τοῦ
891 3540 1101 3626 Πληρύματος.
1146 3542 1209 3606 Καὶ
1221 3540 1273 3607 τόν
1289 3540 1423 3627 Χριστόν

264 3649 296 3714 δέ
317 3647 373 3714 σῦκ
395 3646 455 3714 άπό
476 3654 537 3713 τῶν
554 3648 587 3711 έν
600 3652 640 3735 τῷ
657 3642 840 3730 Πληριόματι
856 3642 984 3709 Αίιόνοον
999 3647 1239 3731 προβεβλῆσθαι,
1267 3640 1340 3711 όλλά
1356 3640 1421 3713 ύπύ

264 3757 317 3832 τῆς
333 3748 461 3835 Μητρός
482 3752 538 3826 ἐξω
559 3748 719 3835 γενομένης
739 3743 814 3811 κατά
836 3745 891 3829 τήν
906 3745 1026 3830 γνάμην
1044 3754 1103 3812 τοῖν
1119 3744 1293 3833 κρειττόνων
1309 3742 1423 3815 τίεσκε-

264 3858 394 3936 καῆσθατ
413 3851 485 3933 μετά
505 3856 591 3928 σκιῦς
612 3877 700 3928 τινος.
743 3850 804 3914 Καί
822 3857 929 3916 τοῦτον
947 3850 1015 3932 μέν,
1043 3848 1095 3915 άτε
1112 3847 1222 3937 άρρενα
1237 3846 1422 3937 ύπάρχοττα,

265 3954 463 4036 άποκόψαντα
481 3950 534 4033 άφ’
549 3955 655 4020 ἑαυτοῦ
670 3951 723 4037 τήν
738 3950 842 4032 σκιάν,
863 3949 1044 4038 άναῦραμεῖν
1063 3955 1105 4029 είς
1122 3950 1156 4019 τό
1175 3949 1345 4039 Πλήρικμα,
1364 3951 1425 4039 τήν

265 4059 298 4124 ῦέ
314 4058 441 4140 Μητέρα
457 4052 691 4137 ύπολειφθεῖσαν
706 4053 779 4139 μετά
796 4061 850 4137 τῆς
867 4061 967 4135 σκιᾶς,
999 4057 1201 4140 κεκενωμένην
1215 4080 1245 4121 τε
1259 4062 1313 4138 τῆς
1330 4080 1423 4125 τεκτα-

266 4167 393 4243 ματικῆς
411 4155 614 4236 ύποστάσεας,
645 4162 746 4244 ἕτερον
766 4155 835 4224 υίάν
852 4160 1130 4245 4προενέγκασθαι,
1158 4159 1209 4223 καλ
1225 4164 1330 4225 τοῦτον
1345 4154 1426 4227 τέκε

299 4382 324 4437 7.
341 4382 377 4437 ἔτι
393 4378 435 4436 ότι
449 4387 542 4447 repenti
559 4397 589 4433 ια
602 4387 653 4434 τοο.
667 4388 757 4448 veneto,
773 4400 827 4436 αιιιπ
860 4402 906 4446 eo,
930 4395 957 4436 ut
978 4402 1052 4454 ιορτο
1074 4395 1212 4437 creatorem
1233 4394 1261 4435 et
1281 4382 1427 4439 subdote-

265 4454 356 4516 οαίςοίλ
373 4455 425 4502 mn·
442 4458 533 4503 ιιοειιιιι
552 4449 577 4503 τί
594 4444 641 4504 ίίτι.
860 4471 913 4505 rem
928 4464 1033 4506 matrem
1048 4454 1099 4505 eius
1115 4463 1142 4506 et
1153 4452 1264 4513 ἰΙΙοτοιτι,
1281 4450 1426 4523 Euthyme-

300 4526 326 4572 ὅ.
343 4513 420 4573 αῦτέν
444 4523 495 4571 eo&
515 4521 569 4571 Vm.
604 4521 640 4582 Of.
659 4522 772 4571 crabim
794 4524 829 4572 σο
862 4521 900 4572 ein
918 4521 1010 4574 Aeonis
1027 4522 1131 4574 emetis
1147 4518 1312 4573 adinveniret.

270 4591 316 4641 Vel.
332 4591 496 4652 interpretem,
520 4591 561 4651 ητα·
578 4588 646 4638 eaba
668 4586 718 4638 Sed
735 4604 785 4639 non
801 4588 827 4639 in
895 4586 922 4642 9.
938 4588 1245 4657 &wemma-Vn.
1276 4586 1429 4657 theb&
