3046 5084
107 2800 175 2867 Κεφ.
190 2795 223 2866 γ’.

236 314 276 377 68
654 322 773 372 οιυοιι
790 319 954 372 εειοιιιυιι

236 446 317 525 βλοις
333 437 514 515 ἀναστάσεως
530 445 641 524 νεκρῶν
653 436 686 503 τό
705 447 841 520 σημεῖον,
864 434 900 502 οῶ
917 436 1017 519 μέντοι
1030 459 1061 521 γε
1078 441 1227 520 τηλαυγῶς
1249 433 1372 519 κεκήρυ-

238 568 317 609 κται·
338 542 389 606 καί
404 542 542 625 ἐσπαρται
557 543 589 607 ἐν
604 538 705 616 αόταῖς
719 541 851 624 περὶτοῦ
870 544 1046 622 μονογενοῦς
1061 541 1129 602 υίοῶ
1147 544 1201 601 τοῦ
1215 544 1301 617 θεοῦ,
1323 538 1374 600 καλ

239 645 307 729 περί
328 649 382 708 τοῦ
405 639 490 728 άγίου
507 642 684 725 πνεύματος,
707 644 756 707 καλ
775 639 849 706 κατά
865 638 999 704 εἰδώλων.
1047 637 1086 704 Τό
1104 639 1135 703 δέ
1150 639 1373 723 τηλαυγέστερον

240 746 271 811 ἐν
285 742 386 820 αῶταῖς
399 748 555 828 μοναρχίας
572 747 628 827 έχει
649 741 702 826 τῆν
719 740 891 828 εἰςαγωγῆν,
915 744 946 806 ἐν
960 741 991 804 δέ
1007 747 1042 829 τῆ
1058 746 1198 828 μοναρχίᾳ
1217 765 1372 822 πνευματι-

239 854 299 922 κῶς
315 843 429 930 ῆτριάς
449 848 508 912 ἐστι
523 847 774 932 καταγγελλομένη.
821 848 861 908 Οἱ
878 843 909 906 δὲ
926 841 1075 924 δεξάμενοι
1098 839 1148 906 τόν
1164 842 1256 924 νόμον
1277 844 1318 916 εἰς
1338 839 1372 905 τό

237 955 431 1032 μετατεθῆναι
452 956 505 1029 τῆς
525 952 754 1031 εἰδωλολατρείας
771 947 821 1008 καλ
840 943 892 1008 τόν
907 946 958 1007 ἕνα
973 941 1046 1008 θεόν
1059 946 1216 1028 ἐπιγνῶναι
1231 940 1375 1009 ἐσπουδά-

160 1103 166 1115 .
192 1071 210 1115 f.
242 1059 366 1132 σθησαν.
412 1046 466 1123 Οἷς
480 1046 517 1113 οὔ
534 1052 650 1134 γέγονεν
665 1048 809 1128 ἐπιμέλεια
826 1043 858 1109 τό
876 1042 1078 1128 άκριβέστερον
1094 1030 1259 1129 ἐπιγνῶνάι.
1288 1051 1374 1123 Σφα-

239 1154 331 1227 λέντες
347 1152 378 1215 δὲ
397 1152 427 1214 οί
439 1156 583 1228 τοιοῦτοι,
612 1151 662 1213 καὶ
678 1146 718 1230 μῆ
737 1153 887 1231 τηλαυγῶς
901 1144 933 1210 τό
954 1153 1013 1210 πᾶν
1029 1149 1116 1231 μέρος
1133 1154 1186 1228 τῆς
1206 1151 1328 1220 πίστεως
1342 1170 1374 1208 τε

238 1254 289 1318 καί
304 1259 357 1334 τῆς
375 1248 516 1334 ἡμετέρας
536 1256 612 1332 ζωῆς
631 1248 662 1314 τό
681 1247 845 1334 άιιρίβασμα
860 1247 1078 1329 κατειληφότες,
1099 1245 1246 1333 ἠγνόησαν
1260 1249 1313 1329 μέν
1328 1248 1374 1310 νέ-

238 1360 319 1439 κρῶν
340 1350 510 1429 άνάστασιν,
539 1353 589 1416 καί
610 1349 779 1429 άπιστοῶσι,
808 1357 922 1431 πνεῦμα
940 1351 971 1414 δέ
990 1349 1075 1434 άγιον
1097 1348 1133 1415 οό
1154 1352 1375 1434 παραδέχονται,

238 1456 291 1520 καί
307 1452 361 1539 γάρ
379 1450 535 1537 ῆγνόησαν.
580 1454 640 1517 Καὶ
664 1452 738 1534 αῶτη
763 1450 782 1534 ἡ
805 1456 914 1536 αἵρεσις
938 1449 1084 1516 άθετοῶσα
1108 1452 1160 1533 μέυ
1179 1459 1288 1536 νεκρῶν
1305 1450 1375 1516 άυά·

240 1577 354 1633 στασιν,
377 1552 578 1637 άπωθουμέυη
600 1556 632 1620 δέ
653 1558 899 1638 εἰδωλολατρείαν,
931 1557 962 1617 ἐν
982 1550 1056 1642 αότῆ
1077 1554 1109 1617 δέ
1131 1557 1377 1638 εἰδωλολατροῦσα

239 1654 301 1722 κατ’
317 1654 454 1740 άγνοιαν,
486 1655 536 1722 διά
556 1655 589 1721 τό
610 1654 839 1741 ἀποκεκρύφθαι
862 1652 897 1718 τά
916 1659 1020 1719 είδωλα
1037 1661 1096 1718 τῶν
1116 1654 1262 1739 τεσσάρων
1278 1658 1378 1721 ἐθνῶν

241 1761 273 1824 ἐν
293 1764 334 1846 τῶ
358 1755 419 1841 όρει
441 1765 482 1845 τῷ
512 1756 603 1844 ὅπαβ
621 1755 721 1834 αὐτοῖς
736 1765 765 1821 Γ
761 1759 864 1842 αριζεὶν
886 1757 1184 1838 σεσυκοφαντημένως
1198 1758 1376 1845 καλουμένη).

246 1865 294 1946 Τῷ
322 1856 377 1943 γάρ
404 1862 573 1948 βουλομένῳ
605 1858 735 1944 άκριβῶς
763 1862 830 1944 περὶ
858 1866 910 1924 τοῦ
932 1856 1022 1944 ὅρους
1048 1865 1077 1921 Γ
1073 1860 1177 1940 αριζείν
1201 1861 1377 1943 ἐρευνᾶσθαι

241 1961 334 2026 ἰστέον
353 1958 399 2024 ότι
422 1958 497 2043 πρός
516 1970 550 2052 τῆ
566 1959 677 2050 Ἵεριχῷ
701 1971 808 2026 κεῖνται
833 1960 868 2026 τά
891 1959 944 2025 δόο
964 1959 1034 2046 όρη,
1064 1960 1097 2025 τό
1115 1986 1145 2024 τε
1167 1968 1219 2025 τοῶ
1236 1964 1377 2045 Γαριζείν,

240 2064 290 2128 καί
306 2060 338 2127 τό
356 2068 409 2127 τοῦ
423 2068 452 2124 Γ
448 2060 530 2145 εβάλ,
552 2066 644 2148 πέραν
660 2070 712 2128 τοῦ
724 2061 880 2148 Ἰορδάνου
901 2060 975 2147 πρός
997 2070 1032 2151 τῆ
1051 2060 1174 2152 άνατολῆ
1191 2071 1243 2146 τῆς
1257 2061 1378 2148 Ἵεριχῶ,

242 2161 283 2240 ῶς
297 2166 352 2246 ἐχει
367 2162 400 2229 τό
420 2165 655 2251 Δευτερονόμιον
677 2167 727 2230 καί
743 2163 844 2247 Ἰησοῦ
865 2172 919 2229 τοῦ
939 2172 1028 2246 Ναυῆ
1052 2162 1072 2247 ῆ
1094 2169 1202 2248 βίβλος.
1247 2169 1379 2232 Εἰδωλο-

240 2272 393 2350 λατροῦσιν
415 2259 469 2331 οὖν
483 2265 656 2351 άγνοοῦντες
672 2270 704 2332 ἐκ
724 2275 777 2331 τοῦ
794 2266 979 2348 πανταχόθεν
999 2269 1147 2351 προςέχειν
1165 2268 1239 2354 πρός
1259 2267 1291 2334 τό
1308 2267 1379 2353 όρος

242 2370 274 2434 ἐν
286 2375 328 2456 τῷ
342 2365 449 2444 αότοῶς
463 2367 615 2451 εόχεσθαι,
638 2374 731 2451 δῆθεν
745 2367 791 2433 ότι
808 2365 947 2452 ἡγίασται.
989 2365 1148 2434 Ἀδόνατον
1168 2369 1222 2456 γάρ
1242 2370 1295 2453 τῆν
1310 2399 1379 2456 γρα-

242 2467 304 2552 φῆν
319 2468 487 2551 ψεύσασθαι
502 2470 690 2551 φάσκουσαν,
702 2467 842 2551 Ἔμειναν
860 2476 1012 2546 ποιοῦντες
1027 2468 1081 2535 τόν
1098 2471 1205 2554 νόμον,
1227 2474 1277 2538 καί
1292 2499 1379 2559 προς-

239 2579 398 2647 κυνοῦντες
419 2570 454 2636 τά
472 2569 568 2635 αὐτῶν
586 2574 691 2634 είδωλα
714 2571 770 2645 ἕως
793 2576 845 2652 τῆς
865 2568 990 2656 σῆμερον
1011 2569 1135 2658 ἡμέρας,
1165 2571 1206 2650 ῶς
1225 2576 1379 2661 ἐμφέρεται

241 2675 273 2738 ἐν
295 2680 331 2762 τῆ
353 2671 473 2760 τετάρτη
495 2678 553 2735 τῶν
575 2677 740 2736 Βασιλειῶν.

322 2770 505 2857 Ἐλέγχονται
527 2773 558 2837 δέ
574 2770 658 2838 αότοὶ
672 2772 857 2856 πανταχόθεν
872 2775 938 2859 περὶ
952 2782 1063 2860 νεκρῶν
1084 2773 1279 2856 άναστάσεως,
1299 2784 1378 2864 πρῶ·

240 2900 292 2939 τον
318 2871 377 2938 α’πό
406 2880 460 2938 τοῦ
482 2872 584 2957 Ἅβελ,
621 2873 666 2941 ότι
693 2873 765 2957 μετά
795 2875 827 2940 τό
853 2873 1014 2940 οίποθανεῖν
1036 2874 1069 2942 τό
1105 2874 1177 2959 αίμα
1213 2880 1378 2964 προςδιαλέ-

240 3000 319 3062 γεται
342 2982 383 3063 τῷ
405 2974 539 3065 δεσπότη.
582 2973 667 3060 Αἰμα
690 2978 721 3042 δέ
746 2975 782 3042 οό
805 2974 887 3060 ψυχῆ
912 2976 1057 3062 τυγχάνει,
1092 2976 1150 3042 ἀλλ’
1177 2983 1208 3045 ἐν
1235 2985 1335 3063 αἵματι
1358 2978 1379 3064 ῆ

241 3075 332 3160 ψυχή.
377 3078 437 3142 Καὶ
455 3075 509 3143 οόκ
524 3075 613 3157 εἶπεν,
634 3076 670 3142 Ἡ
681 3079 763 3161 ψυχῆ
780 3083 837 3167 βοᾷ
852 3077 926 3165 πρός
942 3080 991 3161 μέ,
1014 3079 1126 3155 δεικνῶς
1143 3079 1189 3146 ότι
1206 3085 1283 3148 ἐστιν
1298 3085 1379 3160 ἐλπλς

242 3177 425 3254 άναστάσεοις
447 3186 506 3246 τῶν
527 3180 678 3262 σωμάτων.
719 3179 802 3245 Ἀλλά
824 3183 873 3245 καί
892 3179 990 3263 Ἐυῶχ
1013 3185 1150 3265 μετετέθη
1173 3192 1227 3248 τοῦ
1250 3183 1291 3267 μῆ
1307 3187 1382 3250 ἰδεῖν

242 3280 387 3363 θάνατον,
409 3284 458 3347 καλ
474 3280 526 3364 οιίχ
544 3279 705 3367 ηόρίσκετο.
748 3281 831 3347 Ἀλλά
852 3285 902 3348 καὶ
919 3283 1025 3369 Σάρρα
1046 3283 1116 3366 μετά
1141 3285 1173 3350 τό
1196 3293 1380 3369 νεκρωθῆναι

242 3381 333 3467 αάτῆς
348 3382 401 3467 τῆν
423 3383 536 3470 μήτραν
559 3385 608 3448 καί
633 3382 686 3466 τῆν
711 3383 831 3470 1πηγῆν
847 3382 899 3466 τῆν
916 3383 978 3450 κατ’
994 3385 1116 3468 ἐθισμῆν
1127 3390 1311 3472 ξηρανθῆναι
1326 3378 1377 3453 αὖ·

240 3496 293 3564 θις
309 3485 586 3574 άναζωογονουμένη
602 3488 643 3561 εἰς
657 3485 820 3568 καταβολὴν
834 3489 1007 3572 σπέρματος,
1021 3485 1104 3571 καλῆ
1122 3493 1301 3573 ἐπρεσβῦτις
1316 3493 1380 3555 κυΐ·

242 3611 353 3654 σκουσα
373 3591 473 3655 τέκνον
490 3586 553 3655 κατ’
568 3591 739 3673 ἐπαγγελίαν
761 3587 810 3652 διά
831 3586 884 3671 τῆν
906 3592 1007 3655 ἐλπίδα
1027 3597 1079 3672 τῆς
1098 3588 1289 3667 άναστάσεως.
1335 3589 1380 3657 Οό

241 3688 301 3774 μῆν
319 3691 350 3754 δέ
368 3689 438 3756 οίλλά
459 3694 510 3757 καὶ
524 3689 635 3774 Ἰακῶβ
651 3687 858 3773 ἐπιμελόμενος
882 3698 940 3757 τῶν
965 3695 1048 3757 ἰδίων
1064 3690 1186 3773 όστέων,
1208 3689 1249 3769 ῶς
1260 3691 1298 3758 οιί
1313 3696 1382 3781 περὶ

244 3790 459 3871 άπολλυμένων,
481 3797 643 3860 ἐνετέλλετο.
677 3790 722 3857 Οό
733 3792 828 3875 μόνον
844 3795 875 3858 δέ
890 3792 961 3858 άίλά
976 3797 1026 3858 καὶ
1043 3791 1155 3878 Ἰωσῆφ
1170 3803 1204 3887 τῆ
1220 3794 1293 3888 αιίτῆ
1311 3795 1381 3864 άκο-

242 3896 351 3979 λουθίρι
373 3893 568 3976 ἐντελλόμενος
588 3904 641 3979 τῆς
664 3893 848 3971 άναστάσεως
869 3893 1012 3976 ὑπέφαινε
1028 3894 1061 3962 τό
1078 3894 1164 3974 εἰδος.
1211 3897 1256 3965 Οῶ
1273 3899 1331 3985 μῆν
1350 3902 1383 3967 δέ

243 3991 315 4058 άλλά
332 3994 381 4056 καὶ
396 3989 417 4074 ῆ
433 3992 544 4079 βάβδος
556 4005 609 4061 τοῦ
622 3996 735 4081 Ἀαρῶν
751 3994 769 4079 ῆ
783 3996 968 4080 βλαστήσασα
982 3996 1056 4083 ξηρά
1071 3991 1145 4064 οῶσα
1159 3993 1251 4078 αὖθις
1266 4001 1383 4089 καρπόν

242 4092 365 4180 ἤνεγκεν
378 4096 418 4170 εἰς
432 4096 534 4159 ἐλπίδα
550 4103 640 4181 ζωῆς,
662 4097 698 4163 τά
711 4096 800 4183 νεκροί
815 4097 935 4181 σῶματα
948 4096 1034 4182 ἡμῶν
1051 4099 1265 4185 άναστῆσεσθαι
1279 4106 1382 4184 σημαί-

244 4217 353 4275 νουσα,
375 4199 417 4272 εἰς
439 4193 596 4262 άνάστασιν
612 4200 644 4264 δέ
666 4201 806 4285 φέρουσα.
851 4202 910 4265 Καὶ
934 4198 955 4284 ῆ
976 4208 1030 4266 τοῦ
1049 4205 1205 4280 Μωϋσέως
1222 4204 1254 4267 δέ
1271 4201 1383 4286 βάβδος

276 4383 301 4436 3.
318 4380 375 4450 παρ’
391 4381 476 4445 αὐτοῖς
493 4388 660 4450 λοκδισίίςιτί
673 4394 705 4438 τοι
720 4405 795 4440 emen·
829 4395 888 4450 τοῖς.
916 4395 1002 4444 Vocula
1014 4393 1050 4446 τῶ
1064 4400 1117 4445 οπλα
1127 4390 1314 4457 mahomad.
1323 4392 1383 4442 λλι-

244 4456 316 4503 δολία.
344 4456 439 4504 Ρτίουίο
452 4457 542 4516 placuit
557 4453 625 4520 παρὰ
639 4452 740 4517 τούτοις.
769 4460 797 4507 ln
830 4460 879 4522 δίς.
1037 4450 1041 4464 ’

243 4521 522 4584 cod.flhed1'9.etaeditis
543 4525 607 4573 libris
628 4525 710 4586 λυρίσαι
730 4522 797 4589 παρὰ
866 4527 925 4578 (λιιι.
940 4530 983 4579 ΙΙΙ.
1006 4559 1040 4569 -
1064 4532 1086 4581 1.
1102 4522 1186 4594 πηχῆι
1201 4522 1249 4593 τῆν
1264 4528 1385 4579 como·
