3046 5084
381 288 515 339 PANAlill
533 291 609 340 ADV.
626 290 794 341 llrtlillESES
812 293 928 343 '1’0M‚l.
947 292 1007 340 tta.
1023 294 1040 341 l.
1229 282 1280 340 llll

142 406 336 470 crassitudine
360 419 504 490 nugatur,
534 406 629 490 deque
650 408 771 492 pedibus
793 428 829 470 ac
851 409 977 472 caeteris
1001 409 1135 473 omnibus
1160 410 1285 473 tabulam

142 509 280 589 pertexit.
325 508 372 572 Ad
394 510 467 571 baec
490 506 622 590 spiritum
644 518 775 571 sanctum
799 529 866 571 esse
886 511 1084 586 demonstrat,
1109 531 1184 574 sexu
1204 510 1287 574 lemi-

142 721 257 774 montcs
274 712 347 773 duros
366 720 505 772 stantem.
549 706 638 771 Mitto
656 709 783 793 reliqua,
808 731 845 772 ne
861 731 960 773 eorum
978 711 1025 793 qni
1040 710 1113 772 hacc
1126 711 1290 792 intelligent

143 833 229 875 aures
253 811 378 874 anilibus
398 809 543 892 tigmentis
560 809 704 894 oppleam.
750 807 930 892 Quibusdam
950 832 1038 896 porro
1058 811 1155 873 verbis
1180 811 1289 874 iuauia-

143 913 284 995 simisque
300 911 422 974 vocibus
440 912 560 974 subinde
576 911 723 975 eudemio
740 913 816 975 libro
835 914 931 976 lucum
953 913 1034 992 lacit,
1059 934 1124 975 cum
1139 913 1179 974 ita
1196 912 1290 996 loqui-

144 1024 202 1075 tur.
248 1011 348 1075 Nemo
365 1012 630 1098 interpretationem
650 1024 783 1096 quaerat,
806 1015 858 1077 sed
875 1014 952 1077 inter
970 1014 1110 1077 orandum
1129 1014 1200 1077 baec
1218 1014 1291 1078 drun-

144 1124 228 1175 taxat
246 1117 383 1196 proterat.
427 1111 510 1196 Quae
528 1115 643 1199 quidem
660 1135 700 1178 ex
715 1113 863 1179 Hebraico
882 1116 980 1199 lingua
1002 1115 1166 1194 transtulit,
1190 1127 1220 1178 ct
1242 1115 1292 1179 vei

145 1216 199 1275 bac
222 1235 262 1277 ex
291 1227 370 1299 parte
392 1216 632 1302 deprehendimus
651 1216 729 1279 uibili
759 1238 827 1279 ease
850 1217 934 1280 istius
958 1216 1083 1281 bominis
1111 1229 1287 1281 commenta.

148 1313 190 1376 lta
209 1317 284 1379 enim
300 1339 384 1380 orare
403 1318 502 1382 iubete
534 1319 628 1397 Abar,
653 1318 743 1397 Auid,
767 1317 863 1397 Moib,
887 1316 1025 1397 Nocbile,
1049 1316 1183 1398 Daasim,
1205 1318 1286 1396 Aue,

146 1415 280 1493 Dnasim,
303 1416 439 1498 Nccbile,
462 1417 557 1500 Moib,
581 1420 672 1498 anit,
697 1420 790 1499 Ahar,
816 1419 928 1484 Salam.
974 1419 1060 1503 Quae
1079 1420 1154 1484 bunc
1168 1441 1288 1485 sensum

147 1521 312 1583 continent:
337 1520 486 1585 Transeat
500 1523 625 1585 abiectio
643 1542 660 1584 a
678 1522 808 1606 patribus
824 1523 897 1585 tucia
912 1532 1088 1607 propagata,
1113 1523 1289 1586 condemur·

146 1618 230 1684 tionis
247 1623 392 1705 ipsorum,
417 1636 446 1687 et
463 1623 693 1687 conculcationis
708 1625 854 1708 ipsorum,
879 1635 908 1686 et
925 1625 1034 1687 laboris
1052 1625 1193 1707 ipsorum,
1217 1646 1288 1687 con-

144 1723 304 1786 culcatione
327 1725 357 1787 iu
381 1725 623 1788 condemnatione
650 1745 702 1808 per
725 1735 823 1809 patres
854 1746 935 1788 meos
958 1747 998 1789 cx
1018 1726 1189 1789 ¹abiectione
1213 1747 1288 1809 quoe

143 1826 290 1905 proeteriit
304 1827 332 1888 in
350 1827 513 1910 apostolatu
529 1824 730 1910 perlectionis.
758 1823 844 1907 Quae
860 1826 954 1888 omnia
969 1828 998 1890 iu
1015 1828 1064 1890 illo
1080 1830 1143 1913 ipso
1158 1830 1289 1911 perlecta

142 1937 209 1988 suut
226 1927 310 1990 cuius
331 1928 378 1990 vis
400 1929 495 1989 omnis
518 1936 605 2009 atque
625 1928 705 1988 frans
724 1925 754 1988 iu
774 1925 892 1989 nibilum
917 1938 961 1989 est
978 1931 1108 1991 redacta.
1155 1926 1241 2010 Quod
1263 1931 1290 1992 si

142 2027 205 2110 quia
221 2029 402 2112 airrgulornm
417 2028 573 2092 verborum
592 2027 862 2110 interpretationem
881 2029 982 2091 audire
998 2029 1080 2105 velit,
1105 2050 1142 2092 ne
1157 2030 1212 2092 boc
1227 2031 1289 2113 qui·

142 2132 205 2191 dem
223 2132 321 2194 lacere
344 2130 497 2215 pigrabor,
521 2131 572 2192 sed
598 2128 633 2191 iis
651 2127 738 2191 etiam
763 2127 809 2211 qui
832 2127 994 2191 minutatim
1010 2129 1087 2192 scire
1103 2130 1158 2191 ista
1176 2131 1290 2193 deside-

143 2245 207 2294 rant
223 2233 342 2294 ourrrrioo
360 2231 552 2295 satisfaciam.
597 2228 689 2314 igitur
706 2230 829 2313 singulis
847 2230 969 2295 vocibus
985 2231 1129 2315 propriam
1147 2232 1289 2315 interpre-

141 2334 280 2397 tationem
298 2333 472 2412 adscribam,
492 2352 566 2417 quae
580 2343 628 2395 est
642 2331 802 2395 eiusmodi:
826 2331 921 2411 Abar,
939 2341 1081 2408 tmuseat,
1102 2332 1192 2410 aoid,
1211 2334 1291 2395 abie-

142 2435 219 2514 ctio,
251 2434 353 2514 Moib,
378 2435 543 2519 epatribus
567 2436 639 2497 meis
662 2446 837 2518 propagata,
870 2432 1015 2513 Nocltilc,
1038 2433 1291 2497 condemnationis

142 2539 288 2622 ipsorum,
313 2536 452 2615 Duasim,
477 2548 507 2601 et
521 2536 749 2601 cottculcationis
766 2535 912 2619 ipsorum,
936 2536 1021 2615 Aue,
1045 2546 1075 2598 et
1090 2534 1199 2598 laboris
1214 2534 1292 2619 ipso-

143 2661 223 2718 rum,
259 2638 397 2717 Daasim,
422 2639 657 2724 proculcatione,
687 2637 831 2716 Noobile,
856 2639 885 2701 iu
905 2639 1165 2713 condemnatione,
1194 2633 1289 2713 Motu,

144 2753 307 2826 perpetres
322 2763 422 2821 meos,
446 2743 540 2821 Anid,
565 2763 605 2805 cx
623 2741 805 2819 abiectione,
828 2740 923 2820 Abar,
948 2760 1023 2824 (puae
1040 2739 1208 2825 praeteriit,
1232 2735 1289 2803 Sc-

143 2844 217 2920 lam,
241 2844 404 2927 apostolatu
424 2843 624 2929 perfectiouis.

227 2942 379 3008 Eiusmodi
395 2957 440 3009 est
458 2943 640 3011 Osseuorum
658 2956 884 3009 commemorata
901 2966 919 3009 a
941 2946 1025 3009 uobis
1041 2945 1190 3023 haeresis,
1215 2966 1290 3027 quae
1310 2954 1368 3018 capu.
1389 2953 1417 3000 v.

144 3068 208 3109 cunr
229 3045 400 3110 ludaeorum
418 3047 556 3111 adcitum
574 3047 665 3110 vitam
684 3046 802 3131 exigat,
827 3059 857 3110 et
872 3047 1021 3110 sabbatum
1040 3032 1075 3109 ac
1093 3045 1291 3110 circumcisio-

144 3171 210 3213 nem
229 3161 360 3234 usurpet,
383 3148 496 3233 aliaqne
515 3169 589 3231 quae
606 3148 671 3232 lege
686 3149 925 3232 praescribuntur
942 3151 1055 3226 omnia,
1079 3159 1176 3210 certos
1194 3156 1290 3223 tameu

143 3253 232 3316 libros
253 3249 476 3315 Nazaraeoronr
500 3250 636 3336 exemplo
654 3251 802 3335 repudiat,
834 3263 921 3336 atque
946 3274 962 3313 a
983 3273 1038 3314 sex
1062 3248 1183 3330 reliquis
1202 3245 1291 3306 sectis

143 3355 223 3417 uelut
237 3355 394 3418 sobismate
410 3351 584 3436 seiungitur.
614 3348 674 3416 Sed
693 3352 728 3416 ad
743 3353 819 3416 illam
837 3355 965 3417 lunditus
980 3351 1186 3437 profligandam
1204 3366 1290 3408 uuum

142 3457 209 3520 illud
229 3457 369 3534 sufficiet,
393 3455 468 3540 quod
488 3476 505 3517 a
522 3454 578 3518 deo
601 3455 716 3540 penitus
739 3455 907 3518 abhorreat.
953 3453 1071 3516 Etenim
1095 3470 1159 3511 cum
1183 3448 1291 3512 diserte

143 3559 274 3622 domiuus
299 3569 414 3622 asserat
436 3558 605 3620 sacerdotes
628 3558 657 3619 in
686 3557 792 3641 templo
818 3556 929 3620 violare
953 3553 1123 3629 sabbatum,
1153 3550 1288 3633 quidest
1325 3529 1410 3636 Ἢ·

144 3661 221 3724 aliud
237 3683 294 3744 quo
311 3662 423 3724 violare
440 3662 515 3723 diem
532 3660 611 3723 illum
629 3659 780 3736 dicuntur,
805 3659 861 3720 uisi
877 3656 952 3740 quod
974 3653 1094 3717 subbato
1111 3673 1195 3715 tremo
1218 3675 1290 3738 opus

146 3761 233 3824 ullum
252 3763 380 3841 laceret,
411 3773 442 3825 at
460 3763 632 3831 sacerdotes
650 3760 687 3823 ln
706 3759 812 3842 templo
837 3755 990 3821 sacrificiis
1012 3755 1122 3839 operati
1139 3755 1289 3820 sabbatum

143 3863 306 3940 solverent,
331 3875 360 3925 et
378 3863 535 3925 lrostiarnm
553 3861 728 3926 mactatione
746 3860 863 3923 assidua
880 3858 1042 3921 violarent?
1071 3854 1130 3922 Sed
1145 3879 1200 3939 ego
1222 3858 1289 3919 bae-

145 3965 224 4028 resin
251 3963 328 4026 illam
352 3965 592 4047 praetermittam.
638 3961 714 4025 Nam
739 3972 770 4023 et
789 3959 877 4023 Elxai
902 3981 1004 4023 rursus
1028 3960 1084 4024 iste
1108 3982 1172 4023 cum
1198 3957 1288 4019 Ebio-

143 4068 236 4147 naeis,
260 4066 307 4150 qui
328 4061 439 4129 Christi
456 4075 585 4149 tempora
600 4063 694 4128 secuti
709 4071 790 4139 suut,
814 4061 985 4125 coniunctus
1001 4075 1057 4142 est,
1077 4083 1131 4125 nec
1149 4080 1206 4122 uon
1224 4080 1289 4120 cunr

143 4168 355 4254 posterioribus
371 4163 555 4244 Nazaraeis,
579 4184 704 4249 euntque
718 4173 818 4226 sectae
836 4175 959 4247 quatuor
979 4177 1128 4230 auctorent
1148 4160 1203 4224 sibi
1226 4161 1289 4224 riu·

145 4321 250 4374 ambis
272 4320 309 4382 εἰς
332 4320 453 4386 robiana.
490 4318 526 4379 Cf.
540 4318 604 4367 boor.
617 4310 659 4372 64,
675 4312 699 4366 3.
769 4317 808 4368 11.
827 4320 919 4386 cupels
936 4321 985 4370 cod.
1003 4322 1078 4369 Vocet.

146 4386 194 4451 „³0
209 4390 239 4444 bl
254 4386 402 4459 βουλόμενος
420 4385 457 4445 εἰς
477 4382 572 4437 dxslaon
587 4382 700 4446 καθῆκον
770 4386 808 4435 12.
826 4389 904 4452 beorn
920 4389 969 4438 cod.
985 4390 1061 4437 Venet.
1093 4446 1100 4459 ,

145 4456 346 4521 coincorporari
366 4453 452 4522 πάσης
468 4455 585 4520 γραφῆς,
612 4447 649 4512 ὥς
667 4449 702 4505 εἰ·
770 4452 909 4505 cir.v.-
928 4457 950 4506 1.
969 4457 1068 4516 Reposui
1084 4450 1234 4516 απαγορεύςι
1245 4466 1289 4513 pro

143 4530 211 4590 neta,
228 4523 350 4593 ἱρμηνιῦς
366 4522 512 4591 periodon-‘⁶
736 4516 911 4588 ἀπαγορεύειν,
929 4524 991 4586 quod
1008 4525 1060 4572 ttbrc'
1076 4524 1180 4570 retinent.
