3046 5084
375 312 509 367 seusun
528 314 602 367 uun.
616 314 783 367 nannenus
800 315 863 367 nne.
880 316 900 365 ι.
919 315 998 368 ron.
1014 317 1045 365 n.
1218 304 1277 369 127

220 429 313 517 igitur
333 432 436 497 eadem
454 440 519 509 cst,
549 429 664 511 aiebat,
686 430 735 497 illa
751 454 825 516 qnae
842 445 900 497 tum
921 432 1102 499 Graecorum
1119 454 1154 499 ee
1170 433 1279 500 Troia·
1297 454 1357 522 cap.
1368 455 1412 506 ιιι.

137 554 239 599 norum
257 534 434 617 temporibus
457 531 522 609 fnit,
545 530 605 593 iuro
621 542 652 594 et
666 542 734 595 ante
753 544 784 596 et
800 545 866 616 post
878 535 1024 597 conditum
1047 535 1181 599 mundum
1200 537 1279 603 inter

136 635 268 719 Angelos
293 634 401 699 similia
420 633 561 715 quaedam
578 640 809 715 perpetraverat.
855 631 1066 697 severorum
1085 655 1197 699 mecum
1220 649 1276 715 est,

136 737 256 821 eiusque
277 756 381 799 caussa
399 731 555 809 descendi,
585 753 650 795 cum
673 751 738 795 enm
759 732 898 796 hactenns
921 734 1076 796 adventum
1093 747 1277 818 expectaret.

136 836 191 901 Est
215 838 292 901 enim
315 837 364 899 illa
379 832 473 899 Notio
493 854 577 917 quem
594 831 741 897 Homerus
756 831 899 897 Helenam
919 833 1047 897 vocavit.
1092 835 1192 918 Atque
1212 838 1278 900 ideo

136 961 189 1025 pro
209 937 284 1002 turri
301 946 428 999 stantem
450 935 526 997 illam
548 934 727 1019 sublatisque
746 935 856 997 facibus
877 933 1058 999 Graecorum
1079 947 1182 999 contra
1200 936 1279 1002 Tro·

135 1042 220 1104 ianus
237 1037 359 1101 insidias
374 1036 568 1099 moderantem
583 1034 750 1099 describere
765 1047 883 1099 coactus
901 1046 958 1099 est.
1004 1034 1059 1099 llic
1075 1036 1152 1100 enim
1171 1038 1277 1103 facium

135 1140 234 1223 fulgor
259 1137 386 1201 coeleste
410 1137 505 1201 lumen
528 1137 566 1201 ab
592 1158 627 1200 ea
651 1138 822 1222 patefactum
847 1138 1002 1220 siguificat.
1045 1135 1125 1201 Nam
1149 1139 1276 1223 ligneum

135 1241 216 1304 illum
238 1239 313 1325 apud
335 1237 493 1303 floruernm
517 1258 621 1322 equum
644 1258 729 1322 quem
752 1239 788 1301 de
810 1238 953 1301 industria
974 1239 1144 1304 fabricatum
1167 1240 1276 1305 Graeci

135 1351 254 1426 putant,
286 1340 425 1426 impostor
448 1340 504 1403 iste
529 1339 657 1423 gentium
681 1341 717 1404 ad
744 1339 957 1424 ignorationem
986 1341 1133 1424 pertinere
1153 1354 1277 1406 conteu-

134 1445 187 1508 dit.
230 1440 270 1509 Ut
295 1443 369 1507 enim
384 1439 523 1519 Troiani,
554 1462 619 1504 cum
638 1441 717 1505 illurn
735 1442 772 1505 ud
790 1464 843 1505 sun
864 1443 980 1506 moenia
1004 1463 1056 1526 per
1080 1443 1274 1525 ignorantiam

134 1544 340 1623 attraxissent,
363 1543 520 1629 perniciem
535 1542 592 1606 sibi
611 1544 829 1622 consciverunt,
852 1545 892 1607 ita
911 1555 1028 1627 gentes,
1052 1544 1107 1608 boc
1122 1557 1168 1608 est
1183 1544 1274 1609 horni-

135 1666 187 1711 nes
203 1644 344 1721 universi,
366 1644 547 1729 quiquidem
562 1644 729 1728 cognitione
744 1666 809 1709 mea
826 1657 939 1722 carent,
958 1666 997 1710 ex
1016 1646 1200 1729 ignoratione
1217 1647 1274 1711 sibi

131 1747 251 1813 exitium
265 1756 432 1811 amount.
474 1741 634 1808 Praeterea
647 1743 813 1809 Minervam
833 1748 954 1810 eandem
972 1767 1039 1811 esse
1055 1747 1171 1811 dicebat
1188 1770 1272 1833 quam

129 1847 302 1928 Notionem,
325 1858 358 1913 ut
373 1847 512 1925 diximus,
535 1845 707 1930 appellabat.
752 1845 846 1928 Quam
863 1846 898 1909 ad
914 1868 975 1911 rcus
992 1850 1115 1933 apostoli
1131 1847 1214 1913 Pauli
1229 1852 1273 1914 di·

129 1960 207 2015 ctum
222 1949 292 2015 illud
307 1948 540 2024 accommodare,
559 1957 590 2010 et
602 1946 639 2008 ad
655 1947 806 2010 mendacia
823 1968 876 2012 sua
891 1948 1045 2011 veritatem
1063 1952 1179 2015 trahere
1194 1954 1272 2016 sole·

127 2052 188 2131 bat,
212 2050 335 2116 sumita
351 2048 461 2113 Paulus
475 2047 621 2131 loquitur:
650 2052 762 2111 Indude
776 2052 891 2110 loricam
899 2051 977 2128 fides·
991 2062 1020 2111 et
1029 2054 1140 2129 galeam
1157 2056 1269 2128 scunt,
1286 2074 1342 2131 spu
1356 2077 1377 2133 ι,
1391 2078 1422 2122 ru

127 2168 158 2217 er
169 2175 267 2216 ocreas
282 2174 318 2215 uc
330 2155 459 2231 gladium
475 2162 507 2213 et
519 2163 640 2211 scutum.
686 2146 771 2232 Quae
791 2149 888 2212 omniu
912 2151 941 2212 iu
962 2171 1027 2213 aum
1044 2151 1129 2213 linem
1147 2152 1183 2215 ab
1203 2175 1272 2238 apo-

127 2256 203 2321 stolo
221 2255 297 2319 dicta
317 2263 349 2315 ιιι
363 2253 484 2318 solidam
504 2262 631 2315 mentem
653 2262 683 2315 et
704 2250 861 2315 castissimi
884 2250 963 2314 vitae
988 2251 1111 2315 instituti
1135 2254 1218 2317 tidem
1241 2266 1272 2319 et

127 2357 217 2421 divini
231 2378 265 2421 ac
281 2355 418 2419 eoelestis
433 2355 493 2416 rim
510 2353 655 2443 sermonis
672 2351 864 2438 exprimeret,
889 2352 1044 2415 circulator
1055 2352 1124 2430 iste,
1147 2354 1191 2418 sio
1208 2366 1272 2419 tan·

127 2480 211 2544 quam
229 2455 413 2522 Philistionis
429 2456 532 2519 mimos
547 2466 664 2539 ageret,
688 2454 758 2519 nibil
776 2454 853 2518 aliud
871 2475 955 2536 quam
972 2455 1007 2516 ad
1024 2454 1176 2519 ludibrium
1200 2478 1271 2521 cou-

125 2561 225 2627 vertit.
271 2556 349 2642 Quid
365 2557 442 2621 euim
459 2556 625 2641 inquiebat?
652 2552 760 2620 Omnia
776 2556 847 2619 baec
862 2553 1018 2619 Minervae
1033 2556 1132 2640 speeie
1146 2558 1270 2643 mystice

126 2661 302 2726 declarabat.
348 2656 448 2742 Quare
472 2680 556 2744 quam
579 2657 731 2722 abductam
753 2656 836 2742 Tyro
862 2678 962 2721 seeum
986 2657 1108 2721 habebat
1133 2660 1269 2724 feminam

127 2764 236 2827 veteris
257 2762 334 2827 illius
349 2759 482 2827 Helenae
503 2760 705 2843 cognominem
724 2779 808 2838 eam,
838 2769 871 2823 ut
892 2760 1080 2838 dictumest,
1112 2761 1269 2846 significari

125 2864 254 2942 volebat,
278 2872 309 2928 et
324 2865 360 2927 ad
377 2884 441 2927 eam
458 2863 576 2926 nomina
591 2861 687 2927 omnia
704 2861 909 2940 transferebat,
929 2859 1080 2939 Notionis,
1097 2860 1266 2945 illineme,

126 2963 259 3029 Helenae
283 2964 396 3050 aliaque
420 2963 640 3049 quamplurima.
685 2960 725 3026 Et
741 2962 844 3041 buius,
867 2962 977 3047 inquit,
1000 2964 1095 3046 gratia
1117 2966 1265 3031 descendi.

125 3064 237 3151 Estque
256 3066 329 3131 adeo
351 3066 397 3129 illa
419 3067 454 3131 de
474 3086 531 3149 qua
555 3065 585 3127 in
602 3063 754 3149 ινιιιςιΙὶο
774 3065 911 3151 scriptum
938 3076 984 3128 est
1004 3066 1068 3129 ovis
1086 3067 1262 3130 errabunda.
1290 3077 1374 3176 pqntltp-

122 3166 191 3233 Nec
210 3168 247 3233 iis
263 3178 418 3233 contentus
434 3166 592 3250 imaginem
611 3167 771 3250 quandam,
795 3188 880 3250 quam
896 3166 941 3230 sui
957 3167 1079 3251 effigiem
1102 3188 1168 3231 csse
1187 3168 1266 3231 dice·
1317 3161 1324 3184 '

122 3271 188 3351 bat,
212 3270 360 3356 discipulis
381 3268 515 3346 tradidit,
545 3268 594 3352 qui
615 3289 680 3332 eum
696 3267 751 3333 sub
771 3269 870 3353 specie
889 3266 969 3332 lovis
990 3269 1124 3332 adorant.
1168 3267 1266 3331 Aliam

122 3370 254 3439 Helenae
272 3374 396 3458 liguram
414 3368 575 3435 cuiusmodi
593 3370 673 3456 pingi
689 3367 827 3435 Miner-n
843 3370 921 3435 solet
935 3371 1036 3434 iisdem
1051 3368 1198 3453 discipulis
1214 3367 1266 3434 ob·
1308 3420 1311 3425 .

123 3475 225 3557 trusit,
248 3494 334 3561 qnam
355 3493 504 3561 peraeque
525 3471 642 3537 fanatici
661 3471 712 3547 illi
724 3484 916 3537 venerantur.

203 3677 252 3744 At
268 3678 341 3743 baec
358 3678 497 3765 mysteria
516 3677 656 3763 quaedam
674 3676 820 3741 foeditatis
839 3673 1030 3762 profluviique
1046 3694 1212 3759 corporum,
1231 3690 1263 3743 ut
1281 3696 1339 3766 cap.
1356 3701 1399 3753 nv,

119 3778 272 3845 honestius
293 3779 404 3860 dicam,
426 3780 569 3859 instituit,
600 3799 673 3865 qnae
694 3779 724 3843 in
746 3778 875 3841 maribus
898 3775 1013 3859 quidem
1033 3775 1153 3842 seminis
1169 3799 1262 3844 exun-

118 3879 238 3957 dantia,
267 3879 298 3943 iu
314 3879 430 3945 feminis
450 3890 599 3945 menstrua
619 3879 790 3967 purgatione
812 3879 1032 3963 perficerentur.
1075 3875 1116 3942 Et
1132 3881 1168 3944 ad
1190 3881 1261 3947 lusco

119 3981 252 4048 obeunda
272 3981 412 4066 mysteria
428 3980 631 4065 spurcissimos
645 3990 808 4045 conventus
822 3977 949 4042 induxit.
993 3976 1075 4044 llaec
1090 3982 1166 4045 enim
1182 3982 1260 4048 ritae

118 4105 186 4151 esse
198 4082 341 4171 mysteria
357 4082 643 4168 perfectissimaeque
662 4080 837 4165 cognitionis
856 4079 963 4159 aiebat,
986 4103 1058 4167 quae
1071 4083 1119 4168 qui
1135 4087 1260 4169 pruden-

119 4185 187 4251 tiam
206 4186 344 4251 diviuilus
367 4183 513 4270 acceperit
525 4183 747 4248 abominandum
766 4183 899 4267 quiddam
919 4204 953 4247 ac
970 4186 1158 4266 detestabile,
1182 4209 1262 4264 mor·

119 4298 233 4373 temque
249 4289 323 4353 adeo
340 4286 437 4373 potius
453 4306 539 4369 quam
555 4284 645 4349 vitam
662 4304 729 4349 esse
745 4284 893 4350 iudicabit.
939 4281 1017 4351 ldem
1036 4299 1189 4374 praeterea
1206 4312 1258 4356 no·

120 4404 291 4475 witunrent,
304 4424 336 4458 ue
350 4422 434 4458 semen
447 4404 474 4455 in
489 4400 599 4454 mulieris
611 4400 669 4452 rul-
702 4400 809 4459 alias'eo
825 4415 971 4456 conservato
988 4406 1151 4474 sanguinique
1166 4408 1257 4459 rnnlie-

118 4470 345 4538 vdoiantnrm,
360 4484 404 4526 aut
416 4472 443 4524 in
457 4482 551 4524 terrm
567 4469 668 4529 defluet,
702 4470 782 4523 brium
796 4482 975 4526 menstruorum
996 4474 1120 4543 permixto
1137 4492 1184 4543 pro
1199 4493 1257 4544 inp-

117 4538 164 4592 sed
179 4540 290 4599 mensibu
303 4553 434 4612 exceptm
448 4540 508 4593 alias
521 4538 668 4607 deglutiunt,
702 4539 783 4592 etesiis
801 4545 927 4593 utuntur.¹‘
