3046 5084
398 336 534 390 ututur!
549 338 614 390 tta.
626 340 646 391 l.
662 338 744 393 Tohi.
756 341 789 391 ii.
806 339 905 392 NAER.
922 341 1024 392 XXlX.
1216 329 1277 391 237

223 454 284 521 Sed
308 457 358 522 alii
375 455 552 521 Nazaraeos
576 457 691 543 seipsos
712 458 869 543 appellant.
920 456 1033 544 Quippe
1056 457 1276 525 Nazaraeorum
1297 462 1355 531 0⁰1³·
1369 468 1411 518 vt.

137 567 222 622 aeota
243 556 392 624 Christum
415 556 591 634 antecessit,
615 576 670 620 uec
693 577 758 620 eam
781 558 931 639 cognovit.
974 558 1085 622 Verum
1106 558 1277 642 Christiani,

139 671 172 722 ut
192 661 276 723 initio
300 659 416 735 monui,
439 658 475 722 ab
494 657 630 720 omuibus
644 655 794 720 Nazaraei
816 659 970 739 nuncupati
988 671 1072 735 sunt,
1096 665 1278 743 quemadmo-

140 761 205 825 dum
219 763 259 825 illi
273 762 424 836 dixerunt,
440 758 489 842 qui
498 756 619 821 Paulum
634 758 796 842 apostolum
811 769 1002 821 accusarunt:
1022 764 1113 833 Hune,
1134 763 1276 844 inquiunt,
1291 782 1338 825 net.
1351 783 1385 833 aa,
1398 787 1418 827 s.

140 866 275 924 hommem
292 865 445 923 ammireus
456 862 632 941 pestiserum,
656 872 688 920 et
699 872 919 940 corrumpentem
932 865 1074 940 populrcm
1098 874 1127 922 et
1141 876 1280 925 auctorem
1333 869 1343 882 '

139 977 233 1026 sectae
243 968 469 1024 Nazarenoruer.
499 961 541 1024 At
556 971 674 1023 sanctus
689 961 839 1046 apostolus
856 982 950 1044 neque
964 983 1069 1025 nomeu
1084 964 1159 1026 istud
1175 962 1280 1045 eiurat,

141 1065 257 1127 tametsi
277 1063 312 1126 ab
333 1064 446 1126 illorum
466 1061 581 1125 haeresi
602 1062 791 1140 abhorreret,
815 1072 844 1124 et
868 1064 943 1145 quod
967 1064 1020 1126 sibi
1046 1066 1279 1129 adversariorum

140 1164 324 1247 improbitate
349 1175 464 1248 propter
485 1160 634 1227 Christum
658 1163 823 1248 impositum
848 1175 912 1227 erat
936 1165 1124 1242 vocabulum,
1155 1165 1280 1231 libenter

143 1266 270 1328 admisit.
313 1262 358 1328 lta
380 1264 454 1329 enim
476 1275 544 1328 ante
564 1265 690 1328 tribuual
711 1266 802 1343 dixit,
824 1270 922 1346 Neque
941 1270 970 1328 in
993 1271 1092 1347 templo
1115 1272 1393 1334 remuneraturum

142 1389 186 1428 rae
203 1389 265 1429 cuer
282 1371 376 1447 ctr'puo
399 1371 598 1446 mipumamm,
627 1378 680 1429 out
696 1389 862 1428 coneursum
882 1370 1029 1448 facientem
1053 1371 1168 1443 turbae,
1192 1393 1280 1451 aeque

144 1473 288 1549 quicquam
304 1490 400 1530 eorsum
413 1470 512 1548 quidus
526 1491 569 1530 me
583 1480 720 1530 accusant
731 1473 840 1531 admisi.
888 1473 1029 1550 Confiteor
1042 1483 1132 1531 uutem
1147 1474 1200 1532 doc
1215 1474 1275 1547 tibi,

144 1574 218 1650 quod
236 1575 383 1632 mum
405 1582 524 1644 sectam,
548 1592 630 1650 quom
652 1575 751 1631 meunt
766 1575 910 1644 horreario,
934 1577 976 1633 sic
998 1577 1140 1647 desemub,
1164 1577 1280 1635 credens

142 1673 266 1732 omnebus
281 1693 353 1753 quoe
368 1675 399 1732 air
415 1675 477 1750 tege
496 1683 527 1731 et
541 1675 687 1750 prophetes
701 1677 807 1752 scriptu
828 1684 905 1733 suut.
949 1670 1056 1755 Neque
1079 1695 1152 1736 vero
1175 1675 1277 1738 mirum

141 1782 186 1834 est
206 1774 367 1856 apostolum
390 1772 577 1856 semetipsum
592 1769 781 1835 Nazarenum
804 1773 953 1851 corrhteri,
978 1796 1041 1835 cum
1059 1775 1189 1837 universi
1212 1785 1279 1839 tunc

140 1893 176 1936 eo
193 1873 309 1937 uomiue
326 1870 512 1938 Christianos
529 1884 681 1949 vocarent,
706 1872 741 1935 ab
758 1874 861 1957 oppido
877 1872 1021 1950 Nazaret,
1046 1897 1100 1937 uec
1118 1876 1192 1938 ullus
1209 1877 1280 1940 alte-

140 1974 200 2038 rius
221 1986 301 2039 esset
323 1975 406 2039 vocis
428 1994 498 2038 usus
521 1974 579 2037 illis
600 1973 794 2058 temporibus,
818 1995 873 2056 qua
894 1995 946 2036 cos
969 1976 1016 2057 qui
1033 1973 1152 2038 Christo
1174 1998 1278 2040 nomen

141 2077 281 2141 dederant
303 2088 423 2162 possent
443 2076 621 2160 exprimere.
667 2071 713 2136 lle
736 2095 793 2157 quo
813 2095 882 2136 sane
905 2074 1126 2157 scriptumest,
1150 2084 1429 2157 puoatbmuacuum.

140 2182 310 2241 Nazarenus
323 2180 477 2240 mechatur.
513 2174 594 2240 Nam
609 2186 640 2238 et
655 2175 741 2238 bodie
753 2175 892 2238 haereses
908 2196 1020 2248 omues,
1043 2174 1210 2240 Manichaei
1224 2181 1281 2242 sci·

140 2280 226 2360 licet,
248 2277 478 2355 Marcionistae,
503 2277 656 2356 Gnostici,
688 2275 853 2359 caeterique
872 2277 919 2359 qui
938 2273 1096 2340 Christiani
1119 2300 1177 2342 uon
1199 2291 1278 2359 suut,

140 2378 375 2446 Christianorum
391 2391 485 2442 tamen
499 2379 535 2443 ab
547 2379 679 2443 omnibus
693 2378 809 2442 nomine
824 2378 1027 2462 comprehendi
1041 2380 1147 2457 solent,
1167 2392 1197 2443 et
1210 2402 1281 2444 una-

139 2503 271 2569 quaeque
289 2491 387 2559 secta,
411 2481 480 2544 licet
496 2482 555 2544 alio
571 2481 687 2544 nomine
703 2490 876 2558 censeatur,
900 2480 928 2542 id
945 2480 1000 2542 sibi
1018 2480 1141 2543 nominis
1158 2481 1282 2545 libenter

127 2572 270 2663 ³ti'sciscit,
295 2584 369 2666 quod
386 2583 441 2646 boc
457 2603 523 2646 esse
539 2583 593 2646 sibi
611 2581 710 2646 decori
724 2593 810 2664 atque
827 2593 1000 2645 ornamento
1018 2582 1135 2645 iudicat.
1167 2581 1280 2669 Quippe

141 2687 206 2749 solo
220 2674 333 2751 Christi
348 2685 490 2749 vocabulo
506 2707 563 2748 noc
580 2685 635 2748 lide
652 2694 737 2768 atque
755 2685 891 2769 operibus
908 2685 1026 2767 gloriari
1042 2683 1186 2747 videntur.
1220 2683 1282 2749 Eo·

142 2787 206 2850 dem
223 2788 309 2850 modo
324 2787 419 2850 sancti
436 2785 547 2851 Christi
565 2786 698 2872 discipuli
714 2806 780 2849 sese
798 2797 857 2848 tum
872 2787 899 2847 id
917 2787 992 2868 quod
1010 2795 1094 2849 erant
1109 2784 1176 2851 lesu
1195 2787 1280 2851 disci·

142 2889 225 2974 pulos
242 2888 401 2953 vocabant:
427 2909 522 2973 neque
542 2899 721 2952 tamencum
739 2887 775 2950 ab
792 2886 856 2950 aliis
876 2884 1028 2950 Nazareni
1047 2888 1213 2953 dicerentur
1229 2911 1280 2953 no·

143 3010 210 3052 meu
234 2989 308 3053 istud
333 2990 525 3069 recusabant,
558 2990 682 3053 eumad
706 3009 806 3052 eornm
831 3009 849 3050 a
873 2989 977 3072 quibus
998 2988 1040 3052 sic
1063 2991 1281 3074 appellabantur

142 3093 228 3155 licem
247 3112 422 3177 scopumque
445 3091 643 3176 respicerent,
666 3091 715 3175 qui
738 3091 794 3154 boo
815 3111 884 3152 sese
906 3090 1022 3153 nomine
1044 3089 1153 3155 Christi
1176 3112 1281 3154 caussa

142 3193 304 3272 donabant,
328 3193 557 3278 quandoquidem
574 3203 605 3255 et
620 3190 704 3256 lesus
720 3192 783 3278 ipse
796 3189 971 3255 Nazareuus
991 3193 1150 3277 appellatus
1166 3203 1226 3270 est,
1250 3203 1282 3255 ut

140 3297 171 3361 iu
187 3295 349 3380 euangeliis
372 3307 402 3359 et
426 3295 621 3379 apostolorum
638 3294 761 3358 Actibus
776 3294 893 3376 legitur,
917 3315 970 3378 pro
984 3314 1021 3357 eo
1037 3295 1112 3377 quod
1128 3295 1158 3356 in
1177 3295 1281 3378 oppido

141 3396 304 3477 Nazareti,
327 3397 375 3481 qui
396 3395 481 3459 hodie
502 3417 592 3481 pagus
612 3406 675 3474 est,
697 3395 727 3460 in
746 3396 866 3460 aedibus
884 3393 999 3480 losephi
1023 3396 1112 3458 luerit
1128 3396 1278 3473 educatus,

142 3513 327 3586 posteaquam
342 3497 503 3563 Bethleemi
519 3499 555 3561 de
569 3497 683 3583 virgine
698 3496 796 3562 Maria
810 3500 967 3560 secundum
986 3517 1104 3557 carnem
1121 3505 1204 3558 natus
1221 3508 1277 3575 est,

143 3622 216 3686 quae
232 3603 346 3686 quidem
365 3599 488 3686 losepho
506 3603 651 3685 desponsa
669 3603 779 3678 iuerat,
804 3600 852 3682 qui
866 3597 1011 3661 Nazareti
1031 3606 1099 3659 tunc
1121 3595 1277 3678 habitabat,

143 3725 208 3768 curu
230 3704 333 3768 relicto
354 3701 525 3768 Bethleemo
547 3704 576 3766 in
596 3701 728 3768 Galilaea
749 3700 922 3764 domicilium
945 3698 1128 3762 collocasset.

226 3804 312 3889 Quod
330 3827 402 3870 vero
420 3805 457 3868 ad
473 3805 637 3869 haereticos
655 3804 721 3867 illos
745 3803 865 3877 attinet,
890 3799 1044 3883 dequibus
1063 3800 1147 3864 modo
1169 3822 1279 3866 sermo-
1299 3817 1422 3885 capvtt.

143 3929 208 3972 uem
232 3908 426 3987 instituimus,
449 3908 558 3971 omisso
576 3904 644 3972 lesu
664 3906 798 3982 nomine,
823 3922 917 3986 neque
937 3901 1069 3967 lessaeos
1092 3903 1206 3989 seipsos
1228 3926 1280 3968 vo·

143 4021 225 4089 cant,
248 4030 343 4094 oeque
360 4007 533 4073 ludaeorum
556 4007 728 4073 vocabulum
745 4006 890 4083 retinent,
915 4024 1009 4089 neque
1029 4025 1062 4069 se
1081 4003 1277 4084 Christianos,

143 4114 195 4177 sed
210 4110 387 4177 Nauareuos
402 4114 439 4174 de
451 4110 502 4174 ills
517 4109 572 4174 loci
588 4109 778 4194 appellatione
795 4118 972 4192 nuncupant,
995 4128 1059 4170 cum
1073 4108 1190 4172 iuterim
1208 4109 1279 4170 meri
1339 4187 1347 4204 ι

143 4214 200 4300 ipsi
216 4210 334 4294 ludaei,
363 4233 457 4299 neque
480 4212 557 4277 aliud
580 4221 733 4297 praeterea
753 4209 824 4273 siat.
867 4206 963 4273 Porro
989 4231 1047 4273 uon
1071 4212 1164 4274 solum
1189 4230 1277 4289 novo,

177 4414 202 4469 d.
218 4411 294 4484 ηὗρον
309 4422 360 4470 eod.
377 4423 452 4471 Venet.
584 4388 588 4393 Ι
762 4413 786 4465 7.
803 4412 861 4478 atel,
884 4418 945 4478 quod
965 4418 1027 4467 obest
1049 4430 1064 4463 o
1085 4417 1150 4464 tibris
1172 4418 1280 4479 culpatis,

177 4484 203 4535 5.
217 4485 371 4553 πεποιηκότα
387 4491 437 4539 eod.
455 4489 530 4537 tenet.
727 4485 814 4534 inserui
829 4486 858 4535 de
874 4488 1009 4535 auctoritate
1025 4485 1075 4533 cod.
1091 4484 1162 4534 Votis.

177 4549 202 4604 6.
218 4549 335 4620 ὁμολόγει
350 4559 401 4608 cod.
418 4559 491 4608 tenet.
