3046 5084
129 2187 197 2256 Κεφ.
208 2185 255 2248 κε’.

268 336 329 397 284
689 346 809 397 ειιιοτι
826 346 992 397 τοιουτου

270 461 320 527 διά
343 460 395 527 τόν
413 459 574 544 ἐμπεσόντα
596 459 681 545 λόγον
700 465 854 542 διεξῆλθον
872 460 927 542 τήν
943 461 1012 544 περὶ
1032 457 1144 523 τούτων
1163 463 1309 544 ἱστορίαν,
1339 460 1419 543 πλην

270 561 316 628 δτι
337 561 395 628 άπό
419 571 472 644 τῆς
492 560 685 644 μετοικησεως
706 563 804 627 πολλοὶ
823 559 911 635 άλλας
928 559 1025 643 χώρας
1042 559 1212 640 οἰκήσαντες
1228 568 1281 626 τοῦ
1298 558 1419 646 Ἰσραὴλ

268 657 345 746 ἦσαν
358 665 524 746 σπέρματος
539 661 613 727 κατά
629 661 778 744 διαδοχήν.
807 659 962 746 Ἐλέγοντο
976 659 1033 746 γάρ
1048 663 1098 726 καί
1113 660 1237 743 ἑκάστης
1250 661 1345 745 γύρας
1360 690 1418 726 πα-

269 773 401 849 τριῶται,
425 763 465 840 σός
479 766 530 829 καλ
546 768 579 828 αί
591 765 751 848 θυγατέρες
764 770 817 828 τοῦ
828 761 933 847 Ἰοθόρ
947 760 1001 844 τήν
1017 760 1173 844 ἀντίληψιν
1189 771 1242 828 τοῦ
1257 766 1418 840 Μωῦσέως

268 874 308 954 τῷ
326 868 415 952 πατρὶ
431 864 617 950 άπήγγειλαν,
640 863 680 941 οῦς
694 862 862 947 α’ποστήσας
877 862 947 939 τοῦς
960 865 1102 945 ποιμένας
1115 863 1248 929 ἐπότισεν
1265 863 1365 931 αύτῶν
1378 864 1416 931 τά

268 968 420 1053 πρόβατα,
451 971 502 1032 καί
524 977 715 1052 πορευθεῖσαι
739 968 807 1047 περὶ
830 964 937 1030 τούτου
962 962 1132 1049 ύφηγοῦντο
1159 972 1201 1052 τῷ
1223 968 1289 1053 ίδίιμ
1314 972 1415 1051 πατρί.

273 1076 334 1134 Τοῦ
350 1071 382 1133 δὲ
395 1070 546 1154 λέγοντος,
575 1073 635 1132 4Τί
652 1066 806 1149 ἐταχύνατε
822 1066 949 1150 σήμερον
962 1073 1016 1130 τοῦ
1033 1069 1144 1145 ἐλθεῖνς
1176 1064 1221 1130 ἐπ’
1238 1065 1329 1133 αύτόν
1342 1070 1416 1148 ἐφα-

269 1193 322 1237 σαν
338 1169 393 1247 ότι,
414 1168 502 1253 Ἀνὴρ
516 1169 680 1254 Αἰγύπτιος
693 1166 815 1251 ἐρύσατο
830 1165 907 1250 ἡμᾶς
919 1166 978 1232 άπό
991 1175 1051 1232 τῶν
1064 1169 1223 1249 ποιμένων,
1245 1170 1296 1233 καί
1310 1167 1414 1252 ἤντλη·

269 1293 316 1348 σε,
343 1274 394 1335 καὶ
415 1269 546 1335 ἐπότισεν
563 1268 648 1353 ἡμῶν
666 1270 702 1334 τά
720 1272 882 1354 θρέμματα.
926 1272 987 1333 Καί
1006 1267 1099 1345 εύθῦς
1116 1266 1135 1333 ό
1152 1267 1242 1345 αύτός
1259 1272 1317 1352 έφη
1336 1269 1415 1355 πρός

269 1370 375 1450 αύτάς,
404 1370 463 1436 Διό
478 1377 506 1436 τί
521 1369 576 1437 ούιι
593 1370 714 1456 ἠγάγετε
729 1369 819 1436 αύτόν
837 1364 910 1449 οἶδε,
941 1375 991 1435 ἵνα
1006 1369 1088 1459 φάγη
1105 1369 1208 1455 άρτονς
1243 1376 1293 1446 Τίς
1309 1373 1340 1436 δὲ
1356 1371 1415 1439 οάτι

269 1471 348 1538 οἶδεν
371 1473 415 1539 ότι
438 1481 575 1555 Μωυσῆς
595 1471 661 1548 υλδς
685 1474 737 1556 μέν
759 1477 868 1556 γίνεται
887 1480 940 1537 τοῦ
964 1470 1101 1558 ὁἈμράμ
1121 1475 1172 1538 καὶ
1193 1480 1247 1554 τῆς
1265 1470 1416 1556 Ἰωχαβέτ,

271 1573 408 1657 6Ἀμράμ
431 1577 463 1640 δὲ
484 1583 537 1639 τοῦ
560 1572 667 1654 Καάθ,
700 1574 793 1637 Καάθ
816 1575 848 1638 δὲ
869 1582 921 1640 τοῦ
944 1577 1035 1653 Λευὶ,
1066 1575 1142 1638 Λευλ
1164 1574 1197 1639 δέ
1217 1581 1270 1639 τοῦ
1290 1572 1415 1658 Ἰακωβ,

268 1674 378 1758 Ἰατιοόβ
397 1678 452 1740 7δὲ
469 1685 523 1740 τοῦ
538 1673 656 1754 Ἰσαάκ,
677 1673 779 1741 Ἰσαάκ
795 1677 827 1740 δέ
841 1683 895 1741 τοῦ
908 1674 1056 1760 ’Λβραάμς
1077 1678 1127 1740 καὶ
1143 1673 1199 1741 οῦκ
1216 1673 1275 1741 άπό
1291 1683 1345 1741 τοῦ
1361 1704 1415 1741 κα·

268 1786 383 1843 λεῖσθαι
398 1777 449 1843 τόν
464 1778 599 1842 Μωϋσέα
614 1775 779 1861 Αἰγύπτιον
794 1776 913 1853 πάντως
929 1774 950 1859 ἦ
965 1783 1017 1859 τῆς
1033 1774 1175 1862 εὐγενείας
1191 1779 1242 1841 καλ
1257 1785 1310 1842 τοῦ
1325 1781 1416 1865 σπέρ·

269 1905 360 1961 ματος
380 1882 511 1944 διέπεσεν
529 1876 701 1945 άιιολουθία.
749 1877 868 1944 Οῦκοῦν
885 1872 966 1944 οῦτοι
985 1883 1210 1959 καταλείψαντες
1224 1877 1278 1960 την
1297 1877 1369 1944 όδόν
1384 1884 1418 1946 οἱ

269 1980 328 2046 άπό
350 1988 403 2047 τοῦ
420 1979 565 2063 Ἐβίωνος
584 1983 796 2063 πεπλανημένοι
817 1982 867 2045 ἐπὶ
887 1978 995 2055 πολλάς
1011 1981 1237 2065 διεστραμμένας
1255 1977 1345 2056 όδοῦς
1362 1985 1415 2047 καί

269 2082 380 2165 άνάντη
401 2086 502 2168 τρίβον
522 2081 575 2147 τόν
597 2091 668 2147 νοῦν
690 2082 893 2147 ἐκδεδύιιασιν.

354 2183 487 2267 Αύχοῦσι
502 2186 533 2249 δέ
545 2184 633 2249 πάλιν
646 2183 805 2268 περιτομὴν
817 2187 940 2267 ἔχοντες,
961 2185 1012 2247 παλ
1028 2185 1219 2265 σεμνύνονται
1231 2186 1326 2265 δῆθεν
1339 2181 1415 2250 εἶναι

268 2286 377 2368 ταύτην
393 2290 543 2371 σφραγῖδα
558 2284 715 2370 ἡγούμενοι
735 2288 785 2349 καί
802 2293 969 2371 χαρακτῆρα
984 2293 1043 2350 τῶν
1056 2310 1086 2349 τε
1101 2291 1289 2370 πατριαργοῦν
1303 2288 1353 2350 παλ
1371 2290 1414 2352 δι·

149 2416 199 2461 μσς.
213 2406 258 2450 ισι.
271 2393 364 2454 καίων
377 2395 437 2453 τῶν
450 2387 524 2452 κατά
538 2385 590 2453 τόν
605 2386 698 2469 νόμον
712 2389 972 2468 πεπολιτευμένων,
993 2384 1029 2451 δι’
1044 2384 1098 2461 οῦς
1111 2389 1282 2463 ἐξισοῦσθαι
1294 2390 1416 2463 ἐκείνοις

268 2495 433 2572 νομίζουσι,
454 2492 505 2553 καί
521 2493 594 2571 δῆτα
609 2487 660 2553 ἄπ’
676 2487 768 2554 αῦιοῦ
783 2495 837 2553 τοῦ
855 2495 985 2573 Χριστοῦ
1001 2486 1056 2571 τήν
1069 2487 1208 2554 σύστασιν
1223 2487 1329 2571 ταύτης
1342 2486 1413 2571 βού-

268 2600 368 2658 λονται
384 2592 500 2675 φέρειν,
531 2588 572 2665 οἷς
587 2593 637 2654 καλ
657 2593 689 2655 οἱ
703 2589 955 2693 περλοΚηρινθον.
1000 2592 1080 2654 Φασλ
1097 2587 1153 2675 γάρ
1172 2592 1225 2655 καί
1240 2582 1321 2655 οῦτοι
1338 2589 1413 2654 κατά

269 2692 321 2758 τόν
337 2696 456 2758 ἐκείνων
473 2691 588 2775 ληρώδη
605 2690 693 2777 λόγον
712 2691 834 2775 άρκετόν
847 2701 888 2780 τῷ
907 2699 1029 2781 μαθητῇ
1047 2688 1122 2756 τίνοι
1140 2688 1181 2767 σός
1198 2688 1216 2757 ό
1233 2688 1413 2767 διδάσκαλος.

272 2795 464 2876 Περιετμήθη
482 2793 552 2877 γάρ,
580 2796 685 2876 φησὶν,
712 2792 730 2859 ό
751 2794 893 2879 Χριστός,
920 2797 971 2858 καί
989 2792 1028 2859 σύ
1043 2792 1247 2878 περιιμήθητι.
1290 2794 1416 2858 Καλίνα

271 2893 347 2960 κατά
362 2894 457 2959 πάντα
471 2893 584 2978 τρόπον
600 2895 823 2978 καταισχύνηται
839 2904 893 2979 τῆς
908 2895 1021 2977 πλάνης
1037 2892 1074 2960 τά
1092 2897 1257 2980 σπέρματα,
1277 2893 1416 2980 καθάπερ

271 2994 388 3081 χαλινός
399 3004 436 3084 τῇ
448 2995 583 3087 θαλάσση
596 3000 627 3062 ἐκ
640 3005 714 3064 θεοῦ
726 2996 859 3081 όρισθελς
871 3007 995 3082 κλεῖθρα
1008 2999 1056 3063 καί
1071 2995 1161 3062 πύλαι
1177 2995 1324 3080 ιψάμμιος
1335 2994 1420 3082 δριον

272 3101 323 3164 καλ
339 3096 511 3183 πρόςταγμα
527 3097 575 3178 τό,
596 3099 683 3174 Ἕως
698 3099 805 3165 τούτου
823 3099 939 3189 ἐλεύση,
965 3102 1016 3164 καλ
1032 3096 1085 3181 σύγ
1101 3095 1272 3188 ύπερβὴση,
1300 3095 1372 3163 άλλά
1386 3101 1420 3165 ἐν

272 3210 379 3291 σεαυτῇ
392 3198 633 3285 σνντριβησονταί
645 3223 700 3267 σον
713 3200 749 3266 τά
762 3200 894 3284 κύματα,
916 3203 1022 3284 φησὶν,
1046 3199 1125 3265 ούτω
1140 3202 1192 3266 καί
1207 3193 1291 3266 οῦτοι
1305 3201 1337 3265 ἐν
1347 3201 1416 3265 ίαν·

270 3314 334 3380 τοῖς
350 3302 695 3386 καταδαπανηθήσονται.
738 3302 822 3368 Ἀλλά
840 3307 901 3370 ἐκεῖ
915 3305 969 3386 μὲν
984 3305 1018 3369 έκ
1037 3307 1123 3367 θείου
1140 3299 1359 3387 προςτάγματος
1374 3305 1419 3378 είς

273 3404 404 3484 εύταξίαν
421 3404 573 3486 θαλάσσης
587 3408 620 3470 έιι
635 3413 713 3471 θεοῦ
729 3409 839 3492 εἴρηται
856 3403 874 3471 ό
889 3412 943 3470 τοῦ
960 3404 1034 3490 όρου
1050 3402 1147 3490 λόγος,
1165 3406 1295 3470 ἐνταῦθα
1311 3403 1344 3467 δέ
1362 3400 1417 3483 σάφ’

273 3510 380 3590 έαυτῆς
403 3505 423 3589 ἦ
444 3512 533 3572 κακία
548 3510 599 3572 καὶ
614 3505 635 3589 ἡ
650 3507 746 3590 πλάνη
760 3508 969 3589 τνφλιόττουσα
988 3505 1041 3572 τόν
1057 3513 1145 3583 νοῦν,
1173 3506 1226 3570 καί
1245 3502 1297 3570 τόν
1312 3502 1418 3589 εύσεβῆ

273 3609 410 3691 λογισμόν
427 3607 684 3695 ἀποστρεφομένη,
711 3608 859 3693 προύλαβε
878 3608 948 3674 καθ’
969 3610 1074 3689 έαντῆς
1096 3605 1190 3693 όίςπερ
1213 3605 1330 3691 κύματα
1345 3609 1419 3693 ίγεί·

275 3731 368 3793 ρονσα
385 3709 421 3773 τά
438 3714 549 3793 σχέτλια
563 3719 623 3776 τῶν
639 3713 952 3798 προαπαγγελλομένων
965 3708 1067 3785 αύτοῖς
1083 3707 1280 3791 όποληψεων,
1310 3711 1421 3796 ἑτέροις

273 3808 401 3892 κύμασιν
422 3813 510 3901 ἑαυτῇ
532 3817 753 3899 συγκρούουσα,
783 3817 835 3878 καὶ
856 3816 888 3878 ἐν
909 3815 997 3902 ἑαυτῇ
1019 3811 1064 3877 άελ
1081 3812 1295 3895 συντριβομένη
1313 3810 1421 3895 {omniu

274 3910 414 3989 διαλύειν,
435 3911 456 3994 ἢ
467 3913 603 4000 καθάπερ
619 3914 740 3999 ἑρπετόν
755 3915 853 3981 δεινόν
868 3918 962 4003 έαυτῷ
976 3912 1197 3996 λυμαινόμενον
1209 3914 1261 3978 καί
1276 3910 1420 3998 άντιστρι-

276 4011 408 4096 φάμενον
424 4011 484 4079 άπό
500 4023 552 4097 τῆς
568 4019 675 4102 κέρκον
691 4020 743 4082 καί
756 4017 843 4083 ἑαυτό
858 4021 1017 4083 κατεσθίον
1033 4013 1107 4081 αύτό
1119 4016 1228 4080 ἑαυτοῦ
1240 4012 1423 4081 άναλωτιτιδν

306 4149 332 4202 4.
350 4155 738 4215 siceod.flhed1'9.deditium.
764 4159 793 4207 λι
804 4160 830 4207 οι
896 4153 921 4208 6.
938 4150 1043 4224 ᾰρραὰμ
1056 4157 1108 4205 τοο.
1118 4156 1216 4217 my.
1245 4146 1353 4220 ἀμβρσμ
1366 4154 1421 4203 ωε.

273 4223 325 4270 κοιλ,
336 4224 409 4270 Vatia.
422 4226 485 4270 ετωλ
493 4224 584 4281 plenius
596 4221 620 4273 τέ
633 4217 673 4275 δτι
685 4220 829 4292 έταχύνατε.
865 4228 939 4276 Vatia.

275 4288 371 4350 Uterque
384 4295 448 4339 οτιιιτ
464 4290 537 4337 editor
554 4293 579 4337 τ’τι
596 4294 669 4339 verbis
687 4308 711 4342 τε
727 4296 831 4342 uentibus
897 4290 920 4345 7.
936 4288 966 4344 δὲ
979 4294 1062 4342 habent
1074 4294 1124 4342 τοῦ
1134 4290 1229 4353 mdia.
1243 4288 1323 4337 ελτοδ.
1335 4290 1422 4352 vatio„

273 4359 395 4405 oscitanter
411 4359 517 4406 distinxit
530 4355 574 4408 τοῦ
589 4353 670 4410 ἐλθεῖν
685 4357 716 4411 ex
739 4353 830 4422 αύτίις
863 4376 892 4411 ιτ
909 4375 954 4423 quo
970 4363 1071 4422 reposuit
1086 4363 1188 4421 primum
1205 4359 1323 4406 Ρτλανλντ.
1357 4358 1422 4407 Non

275 4421 437 4490 wama.
863 4432 888 4478 οι
905 4430 941 4478 ιο.
954 4432 1028 4489 ρυλε.
1044 4429 1205 4485 desideratur,
1223 4428 1302 4487 παπ
1317 4425 1422 4475 aum

307 4492 333 4541 ⁵·
350 4485 456 4558 ἅβραᾶμ
468 4494 627 4556 Μῦθίᾶίθ·
658 4488 766 4561 ἅμβρδμ
780 4497 830 4545 cod.
863 4498 911 4558 sm
926 4498 1047 4545 literarum
1061 4510 1137 4545 νοταο
1146 4494 1236 4543 mido.

277 4561 351 4610 We·
368 4565 389 4609 ν
405 4562 458 4610 ⁶⁶1¹·
473 4565 548 4623 νήττ-
899 4562 1064 4613 cmxxvr.
1080 4588 1111 4600 -
1130 4563 1151 4612 1.
1164 4556 1271 4626 ψάμμος
1283 4560 1422 4611 ομνια.
