3046 5084
282 304 340 365 196
701 307 821 358 οιαοει
836 306 1003 357 εειειιισιι
1053 383 1060 395 .

281 429 339 514 Μή
357 456 415 513 μου
438 427 547 508 ἀπτου,
576 423 660 491 ούπω
684 423 740 511 γάρ
763 423 932 505 ἀναβέβηκα
953 419 1030 504 πρός
1050 420 1102 486 τόν
1120 422 1246 502 πατέρα·
1276 422 1326 484 ’ίνα
1346 425 1432 511 δείξη

281 530 335 615 τήν
349 528 466 616 ἀγνείαν
480 527 622 611 ἀμέτοχον
635 529 779 608 σωμάτων
794 527 845 590 καὶ
859 522 957 608 ἀμιγῆ.
982 521 1066 586 Ἀλλά
1083 523 1134 587 καλ
1148 525 1180 587 έν
1195 521 1270 610 ἀλλιμ
1287 521 1371 612 τόπῳ
1386 527 1433 589 λέ-

281 659 326 720 γει
347 635 566 716 ιπροθεσπίζον
583 626 616 694 τό
634 628 718 713 ἀγιον
732 634 858 708 πνεῦμα,
872 629 923 690 καὶ
935 623 984 689 διά
998 622 1069 700 τούς
1084 627 1190 709 πριόην
1201 627 1252 690 καί
1271 626 1435 707 μετέπειτα,

172 751 270 810 ρεαλθ·
284 739 428 818 Μακαρία
452 742 551 816 στεῖρα
567 728 588 813 ή
603 729 756 813 ἀμίαντος,
785 729 850 812 ήτις
865 726 919 793 ούκ
935 730 1009 811 έγνω
1031 731 1133 809 κοίτην
1157 730 1188 792 έν
1202 724 1435 812 παραπτώματι,

279 838 328 903 καλ
348 834 502 918 εύνοῦχος,
533 832 568 909 δς
589 830 645 897 ούκ
667 830 820 916 εἰργάσατο
838 832 935 915 χερσὶν
957 827 1110 912 ἀνόμημα·
1132 832 1182 894 ἵνα
1198 831 1365 918 παρακύψῃ
1380 830 1434 894 καλ

281 936 317 1004 τά
339 935 389 1002 διά
409 943 462 1001 τοῦ
485 938 587 1018 μύθου
609 932 706 999 αύτῶν
729 936 760 997 έν
781 933 878 1017 χερσὶν
900 930 1162 1016 αἰσχρουργήματα.

143 1145 211 1212 Κεφ.
227 1141 264 1203 ιέ.
368 1137 456 1204 Πόσα
474 1138 506 1202 δέ
522 1135 592 1201 ἀλλα
611 1138 689 1199 ’ἐστιν
706 1137 813 1215 εἰπεῖν,
837 1132 878 1211 τός
894 1142 948 1200 τοῦ
965 1132 1131 1199 ἀποστόλου
1149 1135 1298 1219 λέγοντος,
1326 1129 1435 1216 Ἡμέν

283 1241 396 1327 ἀγαμος
420 1242 471 1305 καλ
494 1235 514 1321 ή
537 1237 688 1320 παρθένος
707 1244 831 1325 μεριμνᾷ
849 1236 885 1301 τά
900 1245 954 1301 τοῦ
969 1241 1091 1320 κυρίου,
1113 1244 1179 1312 πῶς
1201 1235 1296 1321 ἀρέσει
1315 1243 1356 1324 τῷ
1378 1263 1434 1301 κυ-

282 1348 345 1432 ρίῳ.
382 1349 475 1406 Τοῦτο
492 1341 525 1403 δέ
540 1359 615 1421 φησι
631 1341 723 1415 δεῖξαι
737 1338 790 1420 τήν
805 1336 921 1424 ἀγνείαν
935 1341 966 1402 έν
981 1336 1106 1426 ἀληθεία
1122 1342 1156 1404 ἐκ
1170 1347 1224 1402 τοῦ
1240 1336 1326 1422 ἀγίου
1342 1337 1432 1403 πνεύ-

283 1470 373 1528 ματος
391 1439 616 1527 ἀποτρεπόμενος
640 1437 677 1504 ού
694 1442 854 1525 παρέργως.
889 1439 1014 1504 Ἔπειτα
1039 1441 1071 1504 δὲ
1094 1443 1162 1524 περὶ
1186 1446 1245 1503 τῶν
1264 1437 1317 1504 τόν
1335 1439 1434 1525 γάμον

283 1544 408 1629 έχόντων
423 1540 475 1608 τόν
489 1540 595 1624 σεμνόν
612 1542 700 1625 λέγει,
728 1548 830 1624 Τίμιος
845 1539 862 1606 ό
877 1541 972 1627 γάμος
988 1538 1074 1624 καλή
1090 1546 1173 1623 κοίτη
1191 1538 1341 1622 ἀμίαντος,
1358 1541 1434 1626 πόρ·

283 1673 354 1722 νους
367 1647 399 1710 δὲ
415 1648 467 1710 καί
482 1639 601 1726 μοιχούς
616 1640 740 1726 κρινεῖό
754 1643 836 1719 θεός.
878 1642 961 1707 Ἀλλά
975 1646 1027 1707 καί
1043 1641 1104 1708 κατ’
1121 1641 1221 1707 αάιοῖν
1234 1645 1325 1731 ἐκβοᾷ
1331 1694 1340 1723 ,
1362 1643 1434 1729 γρά·

284 1774 352 1830 φωυ
365 1745 516 1829 Ῥωμαίοις
527 1743 563 1809 τά
580 1743 684 1829 αίσχρά
697 1743 929 1823 ἀποκαλύπτων,
951 1753 1011 1810 τῶν
1030 1745 1081 1821 τάς
1099 1750 1300 1829 κακοπραγίας
1316 1748 1436 1830 ε’ργαζο-

285 1853 397 1933 μένων,
417 1850 517 1934 λέγων,
539 1850 585 1911 A?
597 1871 627 1911 τε
644 1845 699 1931 γάρ
716 1847 833 1930 θήλειαι
848 1846 946 1912 αὐτῶν
960 1846 1134 1930 μετήλλαξαν
1147 1846 1202 1928 τήν
1219 1845 1350 1929 φυσικήν
1363 1856 1436 1932 χρῆ-

285 1974 332 2017 σιν
350 1953 391 2027 είς
405 1949 459 2033 τήν
478 1947 559 2033 παρά
578 1951 682 2029 φύσιν·
710 1950 842 2034 καὶπερὶ
861 1958 921 2014 τῶν
937 1948 1070 2035 ἀρρένων
1087 1948 1147 2025 ότι,
1169 1945 1309 2032 ’Ἀρρενες
1328 1952 1360 2014 έν
1382 1949 1435 2034 ἀρ-

285 2075 347 2139 ρεσι
363 2051 417 2135 τήν
438 2049 656 2133 αίσγημοσύνην
678 2055 926 2136 κατεργαζόμενοι.
968 2049 1059 2115 Ἀλλά
1080 2052 1131 2115 καὶ
1149 2052 1181 2114 έν
1198 2058 1234 2140 τή
1252 2051 1327 2136 πρός
1347 2051 1437 2134 Τιμό-

284 2166 358 2220 θεον
374 2157 509 2242 ἐπιστολή
530 2155 596 2237 περὶ
613 2150 728 2218 τούτων
743 2156 818 2239 λέγει
831 2153 891 2232 ότι,
919 2151 969 2217 Ἐν
986 2155 1118 2236 έσχοίταις
1139 2149 1263 2238 ήμέραις
1282 2151 1434 2234 ένοτήσου-

285 2283 334 2322 ται
349 2257 448 2340 καιροὶ
466 2259 597 2338 χαλεποί·
628 2257 743 2320 έσονται
759 2255 813 2340 γάρ
831 2260 863 2320 οί
881 2254 1038 2340 ἀνθρωποι
1055 2252 1214 2337 φιλήδονοι
1228 2263 1334 2339 μᾶλλον
1347 2253 1369 2338 ή
1384 2282 1437 2335 φι-

285 2357 395 2424 λόθεοι.
439 2359 500 2421 Καὶ
516 2355 618 2433 πόλιν,
648 2359 832 2422 Κωλυόντων
855 2366 973 2442 γαμεῖν,
1005 2355 1165 2440 ἀπέχεσθαι
1185 2356 1363 2442 βρωμάτων,
1386 2383 1433 2422 κε-

286 2461 545 2545 καυτηριασμένωυ
561 2457 616 2539 τήν
633 2462 811 2540 συνείδησιν·
840 2457 887 2523 ότι
909 2457 942 2523 τό
961 2458 1013 2541 μὲν
1028 2469 1131 2543 γαμεῖν
1150 2460 1221 2542 μετά
1240 2457 1435 2543 σωφροσύνης

286 2564 337 2627 καλ
353 2570 536 2646 τεκνογονεῖν
551 2558 712 2639 κωλύουσι,
740 2558 892 2641 καιόμενοι
915 2562 948 2624 δέ
966 2564 1020 2626 είσι
1041 2569 1076 2650 τῇ
1094 2560 1256 2645 συνειδήσει
1279 2559 1434 2646 λαγνεύου-

286 2689 333 2738 τες
349 2664 400 2744 μὲν
416 2665 465 2727 καί
483 2660 687 2745 φθειρόμενοι,
710 2659 871 2737 κωλύοντες
884 2663 915 2726 δὲ
928 2673 1120 2749 τεκνογονεῖν.
1149 2666 1209 2728 Καλ
1224 2661 1278 2749 γάρ
1289 2664 1341 2727 καὶ
1355 2659 1432 2745 αύτή

287 2763 308 2844 ή
323 2760 390 2845 παρ’
405 2760 508 2837 αύτοῖς
519 2764 658 2846 λεγομένη
676 2767 769 2827 θυσία
787 2762 980 2848 βορβορώδης
995 2792 1039 2841 τις
1054 2758 1131 2830 οὖσα
1146 2765 1203 2850 ήδη
1221 2767 1272 2831 καλ
1291 2762 1349 2830 ἀπό
1372 2772 1433 2831 τῶν

288 2861 434 2927 ἀνέκαθεν
451 2862 501 2927 διά
522 2870 577 2929 τοῦ
591 2863 748 2949 προφήτου
764 2848 972 2930 ύποδείκάυται
986 2865 1085 2947 όφεως
1102 2862 1176 2933 οὖσα
1194 2866 1282 2953 σάρξ,
1303 2870 1354 2933 καλ
1368 2866 1434 2952 ούχλ

288 2971 342 3029 τοῦ
356 2969 478 3050 κυρίου,
501 2964 541 3048 μή
560 2968 689 3051 γένοιτο,
711 2970 846 3054 λέγοντος
863 2968 957 3044 οὕτως
971 2968 1031 3049 ότι,
1060 2969 1107 3034 Σύ
1126 2973 1306 3058 συνέτριψας
1322 2970 1374 3048 τάς
1390 2996 1437 3037 κε-

289 3064 385 3148 φαλάς
400 3075 453 3132 τοῦ
468 3066 643 3153 δράκουτος,
672 3072 722 3135 καλ
746 3073 860 3146 έδωκας
882 3068 973 3136 αύτόν
995 3075 1100 3156 βρῶμα
1116 3081 1199 3150 λαοῖς
1215 3084 1278 3151 τοῖς
1292 3078 1437 3155 Αἰθίοψι.

290 3175 402 3254 Βροῖμα
422 3167 478 3254 γάρ
498 3168 538 3245 οῖς
561 3168 680 3252 ἀληθῶς
702 3171 800 3253 όφεως
821 3170 842 3254 ή
862 3172 976 3239 τούτων
1000 3173 1117 3258 μυσαρά
1131 3181 1294 3259 θρησκεία,
1316 3178 1368 3241 καλ
1380 3180 1438 3240 Αί-

289 3276 397 3348 θίοπες
416 3276 648 3356 μεμελανωμένοι
672 3282 706 3364 τῇ
731 3272 858 3363 ἀμαρτίμ
881 3279 912 3341 σί
935 3275 1044 3357 ταύτην
1067 3275 1122 3359 τήν
1149 3276 1283 3359 ιτελετήν
1301 3285 1355 3342 τοῦ
1381 3283 1439 3342 νῦν

291 3376 344 3458 μὲν
356 3379 496 3457 δαίμονος
512 3374 597 3456 Διός,
619 3379 708 3441 τιάλαι
724 3377 755 3441 δὲ
770 3377 891 3463 γόητος,
912 3386 967 3443 τοῦ
981 3377 1061 3463 παρά
1076 3401 1135 3446 τισι
1151 3388 1227 3445 θεοῦ
1242 3378 1337 3461 μάτηυ
1354 3402 1435 3443 νενο·

291 3479 448 3561 μισμένου,
470 3484 623 3556 τελοῦντες.
665 3477 714 3544 Ἐκ
736 3477 792 3565 γάρ
812 3477 992 3562 Ἑλληνικῶν
1014 3480 1123 3564 μύθων
1148 3489 1241 3547 πᾶσαι
1261 3484 1295 3546 αί
1313 3482 1439 3565 αἱρέσεις

292 3579 452 3657 συυάξασαι
473 3582 591 3657 ἑαυταῖς
614 3580 669 3664 τήν
692 3582 806 3665 πλάνην
830 3585 1004 3665 κατέβαλον,
1033 3583 1264 3667 μεταποιήσασατ
1286 3586 1327 3660 είς
1350 3582 1441 3667 ἀλλην

293 3679 425 3747 διάνοιαν
446 3688 570 3767 χείρονα.
615 3687 852 3771 Παρειςφέρουσι
867 3683 923 3771 γάρ
940 3689 971 3750 οί
987 3689 1108 3770 ποιηταὶ
1123 3685 1173 3753 τόν
1190 3692 1249 3753 Δία
1266 3687 1320 3772 τήν
1335 3694 1440 3771 Μῆτιν

294 3786 444 3865 θυγατέρα
458 3787 565 3851 ἑαυτοῦ
579 3786 769 3853 καταπιόντα.
814 3790 931 3872 Βρέφος
950 3789 982 3853 δέ
998 3786 1055 3853 οόκ
1071 3788 1107 3854 ἀν
1121 3796 1278 3873 καταπίοι,
1299 3788 1340 3867 ἀς
1354 3791 1405 3855 καί
1422 3787 1441 3856 ό

168 3914 220 3962 μς.
233 3902 266 3946 τε.
294 3880 377 3966 ίίγιος
391 3884 514 3969 Κλήμης
527 3896 692 3973 καταγελῶν
703 3896 756 3972 τῆς
767 3896 826 3955 τοῖν
842 3897 923 3954 θεοῖν
938 3897 996 3955 τοῖν
1010 3887 1162 3976 Ἑλλήνων
1180 3896 1386 3980 αἰσχρουργίας
1401 3888 1442 3956 εί-

295 4009 365 4062 πεν,
393 3983 439 4048 ότι
452 3985 507 4069 τήν
524 3996 628 4070 Μῆτιν
648 3989 800 4056 καταπιιίν
819 3988 884 4075 ούχλ
902 3993 1015 4077 βρέφος
1028 3992 1156 4078 ήδύνατο
1178 4004 1346 4073 καταπιεῖν,
1368 3992 1441 4057 ἀλλά

294 4085 348 4170 τήν
368 4083 460 4173 γονήν
480 4089 533 4171 τήν
551 4093 636 4157 ίδίαυ.

332 4344 390 4395 Cn.
406 4346 463 4395 XV.
482 4373 515 4382 —
542 4348 562 4395 1.
583 4348 655 4412 λἰιλμο
671 4351 852 4417 προθεσπίζων.
923 4354 980 4405 (λιν.
997 4357 1065 4404 XVI.
1089 4384 1121 4393 -
1157 4358 1179 4405 1.
1205 4355 1262 4405 cod.
1278 4354 1442 4417 Μίμαντα

883 4425 938 4475 edit.
952 4428 1028 4487 princ.
1046 4419 1171 4488 τελευτήν.
