3046 5084
190 310 251 370 410
611 318 732 369 εινστι
750 318 917 369 υνινιικωιι

188 464 238 502 ναι
253 435 330 512 ὅλως
344 444 384 524 τῷ
399 442 536 523 πονηρῷ,
565 432 636 499 α’λλό
653 432 705 500 ἐόν
720 439 763 511 τίς
779 457 810 500 σε
827 439 952 525 ρίαπίση,
979 438 1110 522 στρέψον
1124 435 1207 527 αῦτῷ
1225 442 1283 507 καλ
1299 437 1361 524 τὴν

190 537 279 621 όὶλλην
301 537 431 623 σιαγόνα.
474 536 686 623 Ἀλληγορεῖται
709 539 741 603 δέ
761 540 812 604 καλ
834 541 875 614 εἰς
896 537 928 604 τό
948 541 1107 620 μετατεθὲν
1122 543 1174 607 καί
1190 543 1359 629 ἐναλλαγὲν

188 638 247 707 όιτό
260 648 313 707 τοῦ
326 647 492 723 σωματικοῦ
506 642 555 706 ἐπὶ
567 638 599 705 τό
615 640 814 722 πνευματικόν
827 639 859 707 τό
873 641 1053 724 συμβολικόν
1065 650 1151 710 τοῦτο
1164 641 1230 709 κατ’
1246 645 1357 713 εἰκόνα

187 752 246 810 τοῖν
267 742 470 828 διαφερόντων
490 745 765 826 νενομοθετημένον.
808 747 852 807 At
871 742 926 828 γόρ
949 743 1060 821 εἰκόνες
1080 744 1187 811 καὶτοῦ
1207 746 1355 832 σύμβολα

186 843 387 932 παραστατικό
410 844 479 911 όντα
500 848 604 930 ἑτέρων
622 844 802 931 πραγμάτων
819 852 915 921 καλῶς
934 849 1062 930 ἐγίνοντο
1081 849 1162 934 μίχρι
1181 847 1224 933 μὴ
1243 859 1354 937 παρῆν

187 948 321 1032 όλήθεια.
369 946 530 1032 Παροόσης
548 949 579 1012 δὲ
594 955 647 1029 τῆς
663 946 804 1031 όληθείας
820 947 856 1013 τό
875 956 927 1031 τῆς
944 945 1086 1031 όληθείας
1101 953 1148 1015 δεῖ
1158 960 1279 1033 ποιεῖν,
1311 952 1353 1021 οῦ

186 1050 222 1117 τό
245 1059 298 1135 τῆς
321 1049 446 1126 εἰκόνος.
495 1056 593 1114 Ταῦτα
616 1051 647 1114 δέ
668 1051 719 1114 καί
739 1053 771 1115 σί
792 1053 924 1133 μαθηταὶ
947 1048 1040 1116 αῦτοῦ
1062 1054 1112 1117 καί
1134 1051 1153 1118 ό
1173 1051 1351 1134 όπόστολσς

189 1157 302 1230 ὅέδειξε
320 1159 451 1230 Παῦλος,
473 1149 506 1216 τό
523 1152 576 1233 μὲν
590 1159 649 1216 τιῦν
664 1150 799 1232 εἰκόνων,
822 1151 863 1229 τίς
880 1151 937 1236 ἤδη
952 1157 1082 1236 εἴπομεν,
1104 1153 1155 1220 διδ
1170 1164 1226 1222 τοῦ
1243 1156 1350 1243 ποίσχα

186 1258 237 1321 καὶ
253 1262 312 1320 τῶν
330 1252 448 1335 α’ζόμων
464 1257 560 1330 δείξας
576 1252 613 1319 δι’
629 1252 722 1336 ἡμᾶς,
751 1253 784 1319 τό
802 1256 834 1320 δὲ
848 1263 902 1321 τοῦ
917 1259 1175 1342 συμπεπλεγμένου
1193 1257 1294 1342 νόμου
1309 1288 1348 1352 τη

188 1356 304 1444 όδικίγι,
328 1355 419 1420 εἰποδν
435 1354 487 1420 τόν
503 1354 596 1438 νόμον
611 1363 667 1421 τῶν
686 1359 810 1422 ἐντολῶν
827 1360 857 1422 ἐν
872 1356 997 1444 δόγμασι
1014 1367 1235 1445 κατηργῆσθαι,
1260 1362 1297 1430 τό
1314 1365 1348 1431 δί

186 1467 240 1525 τοῦ
254 1457 447 1541 α’συμπλόκου
460 1465 501 1547 τῷ
515 1463 639 1542 χείρονι,
663 1456 681 1524 ό
694 1459 746 1540 μὲν
760 1457 867 1541 νόμος,
890 1459 998 1541 εἰποίν,
1020 1460 1114 1547 όίγιος,
1136 1467 1189 1528 καί
1202 1460 1223 1547 ἦ
1237 1464 1348 1551 ἐντολή

187 1559 256 1647 όγία
277 1563 328 1626 καὶ
349 1564 449 1625 δικαία
469 1564 519 1625 καὶ
542 1558 650 1646 όγαθή.

54 1675 120 1744 Κεφ.
140 1673 170 1738 ζ.
269 1661 321 1740 Ὡς
335 1665 388 1746 μὲν
404 1656 458 1729 οὖν
475 1661 626 1746 συντόμως
640 1666 717 1730 ἐστιν
732 1667 833 1745 εἰπεῖν,
857 1664 1012 1752 οότόρκως
1029 1663 1111 1749 οἰμαί
1124 1689 1172 1733 σοι
1189 1672 1348 1754 δεδεῖχθαι

184 1769 235 1832 καὶ
253 1766 307 1850 τόν
326 1770 356 1844 ἐξ
375 1764 545 1852 όνθροόπων
569 1773 787 1851 ιπαρειςδῦσαν
803 1772 999 1852 νομοθεσίαν,
1033 1772 1084 1835 καλ
1103 1767 1196 1836 αῦτόν
1214 1770 1272 1839 τόν
1290 1782 1348 1840 τοῦ

184 1878 260 1935 θεοῦ
280 1869 372 1952 νόμον
389 1877 470 1955 τριχῆ
490 1868 704 1954 διαιρούμενον.
752 1876 954 1957 Περιλείπεται
972 1872 1003 1936 δὲ
1016 1870 1089 1954 ἡμῖν
1106 1876 1159 1938 ’τί
1172 1875 1247 1940 ποτέ
1264 1878 1346 1943 ἐστιν

185 1965 274 2048 οὗτος
292 1970 310 2037 ό
325 1971 398 2048 θεός
416 1970 433 2038 ό
451 1970 502 2037 τόν
520 1970 610 2055 νόμον
627 1973 761 2055 θέμενος.
804 1972 888 2039 Ἀλλό
905 1976 955 2038 καλ
974 1981 1060 2039 τοῦτο
1079 1971 1210 2060 ἡγοῦμαί
1226 1997 1279 2044 σοι
1298 1982 1344 2046 δε-

183 2080 299 2159 δεῖχθαι
323 2078 372 2140 ἐπὶ
393 2082 452 2140 τῶν
471 2078 706 2160 προειρημένων,
736 2079 761 2149 εἰ
780 2079 922 2158 ἐπιμελῶς
940 2074 1081 2159 όκήκοας.
1125 2080 1169 2142 Εἰ
1187 2076 1245 2165 γόρ
1270 2080 1347 2165 μήτε

184 2176 234 2242 ὑπ’
253 2176 345 2244 αότοῦ
360 2182 469 2243 τελείου
485 2185 562 2243 θεοῦ
578 2180 705 2243 τέθειται
723 2170 826 2257 οὗτος,
851 2176 891 2255 σός
906 2181 1094 2262 ἐδιδάξαμεν,
1116 2178 1188 2263 μήτε
1203 2179 1266 2264 μὴν
1279 2178 1345 2251 ῦπό

182 2287 236 2345 τοῦ
251 2279 409 2362 διαβόλου,
432 2280 449 2347 ό
468 2283 542 2364 μηδὲ
560 2280 683 2364 θεμιτόν
700 2283 778 2346 ἐστιν
794 2284 900 2360 εἰπεῖν,
923 2279 1021 2367 ἕτερός
1036 2286 1080 2357 τίς
1096 2285 1153 2348 ἐστι
1171 2281 1256 2369 παρὰ
1273 2284 1345 2353 τοῦ·

183 2409 253 2459 τους
275 2376 363 2458 οὗτος
385 2380 402 2448 ό
420 2386 546 2466 θέμενος
563 2381 615 2449 τόν
633 2382 733 2466 νόμον.
781 2377 875 2460 Οὗτος
894 2385 926 2449 δὲ
943 2381 1123 2470 δημιουργός
1143 2386 1192 2449 καλ
1210 2387 1344 2472 ποιητής

183 2489 270 2550 τοῦδε
288 2493 341 2550 τοῦ
360 2484 471 2561 παντός
491 2489 551 2552 ἐστι
566 2483 681 2568 κόσμου
698 2488 750 2551 καί
767 2493 825 2550 τῶν
841 2489 873 2551 ἐν
889 2485 984 2574 αὐτῷ,
1014 2488 1112 2572 ἕτερος
1128 2485 1172 2552 οῦν
1187 2486 1273 2575 παροδ
1287 2490 1344 2569 τοὶς

184 2586 297 2653 τούτων
312 2586 429 2667 οόσίας,
453 2590 540 2670 με’σος
555 2586 668 2654 τοότων
685 2586 848 2668 καθεστώς,
874 2591 1019 2665 λένδίκως
1033 2590 1083 2655 καλ
1099 2588 1132 2655 τό
1148 2596 1201 2674 τῆς
1215 2591 1343 2679 μεσότη-

182 2717 233 2766 τος
247 2688 342 2772 όνομα
355 2686 537 2774 ῦποφέροιτο
553 2688 597 2754 όίν.
636 2692 696 2754 Καὶ
712 2694 738 2755 εἰ
750 2688 767 2755 ό
781 2693 887 2767 τέλειος
902 2690 975 2768 θεός
989 2689 1106 2777 όγαθός
1118 2693 1271 2761 lotz-m&
1287 2695 1345 2781 τὴν

182 2795 289 2858 ἑαυτοῦ
307 2793 414 2872 φύσιν,
440 2792 535 2874 όίςπερ
552 2795 604 2857 καὶ
618 2795 695 2858 ἐστιν
711 2796 773 2870 (ἕνα
789 2793 845 2879 γόρ
862 2791 955 2876 μόνον
970 2791 1046 2860 εἰναι
1061 2792 1179 2880 ἀγαθόν
1193 2796 1272 2863 θεόν
1287 2799 1344 2867 τόν

182 2897 290 2960 ἑαυτοῦ
305 2895 416 2980 πατέρα
430 2892 448 2960 ό
463 2893 558 2979 σωτὴρ
574 2892 660 2978 ἡμῶν
676 2893 865 2979 όπεφήνατο,
889 2895 925 2961 δν
940 2894 1030 2972 αῦτός
1045 2899 1255 2984 ἐφανέρωσεν),
1276 2902 1344 2971 ἰστι

184 2998 215 3062 δέ
234 2999 285 3061 καί
302 2995 319 3062 ό
334 3005 454 3079 τῆςτοῦ
475 2995 674 3081 α’ντικειμένου
692 2997 825 3079 φύσεως,
853 2998 946 3075 κακός
963 3000 1059 3064 τεκαὶ
1075 2999 1207 3086 πονηρός
1225 3004 1259 3069 ἐν
1273 3001 1344 3071 τίδι-

183 3105 233 3189 κίηι
251 3099 564 3185 ἐχαρακτηριζόμενος.
614 3100 734 3167 Τοότων
750 3103 782 3167 δέ
800 3094 855 3166 οὖν
871 3102 984 3184 ὁμίσος
1000 3100 1169 3181 καθεστοδς,
1196 3106 1251 3171 καλ
1266 3104 1346 3191 μήτε

183 3200 298 3289 ῦγαθός
317 3202 374 3282 οῦν,
405 3201 476 3286 μήτε
496 3201 554 3286 μὴν
571 3202 679 3283 κακός,
709 3203 780 3288 μήτε
798 3202 916 3283 ι’ίδικος,
947 3205 1031 3280 ἰδίως
1051 3230 1082 3271 τε
1100 3209 1218 3289 λεχθείη
1240 3204 1280 3273 ἂν
1298 3213 1346 3277 δί·

183 3335 283 3386 καιος,
305 3314 358 3389 τῆς
371 3303 434 3371 κατ’
449 3302 538 3371 αῦτόν
553 3305 746 3390 δικαιοσύνης
762 3305 805 3372 τόν
819 3304 1000 3393 βραβευτὴς,
1022 3309 1074 3373 καί
1088 3310 1168 3375 ἐσται
1182 3308 1238 3391 μὲν
1251 3336 1347 3379 κατα·

183 3413 332 3496 δεέστερος
347 3417 400 3476 τοῦ
420 3414 527 3475 τελείου
543 3417 619 3474 θεοῦ
636 3411 685 3475 καλ
704 3417 756 3492 τῆς
771 3413 885 3475 ἐκείνου
903 3408 1092 3494 δικαιοσύνης
1107 3409 1234 3478 ἐλάττων
1249 3404 1346 3493 οὗτος

183 3510 303 3595 όθεός,
334 3513 384 3579 ῦτε
400 3510 438 3596 δὴ
453 3516 504 3578 καὶ
521 3511 659 3598 γεννητὸς
677 3510 735 3592 οἲν,
765 3515 816 3578 καί
832 3510 887 3578 οῦκ
902 3509 1068 3598 όγίννητος.
1113 3510 1172 3590 Εἰς
1186 3511 1246 3601 γάρ
1262 3517 1345 3585 lum

61 3649 111 3695 οις.
125 3639 171 3684 w.
185 3613 344 3700 όγίννητος
359 3614 377 3682 ό
390 3614 497 3702 πατὴρ,
520 3618 549 3693 ἐξ
566 3607 603 3682 οὗ
617 3612 653 3680 τό
667 3614 764 3680 πάντα
778 3617 870 3693 ἰδίως,
892 3622 951 3680 τοῖν
965 3614 1085 3682 πόντων
1099 3614 1275 3702 ἤρτημίνισν
1287 3616 1344 3691 ὄπ’,

184 3715 287 3784 αῦτοῦ.
332 3724 453 3797 Μείζων
475 3720 506 3785 δέ
527 3721 577 3785 καί
600 3716 775 3804 κυριώτερος
795 3726 849 3784 τοῦ
871 3715 1072 3801 όντικειμένου
1093 3718 1260 3804 γενήσεται,
1291 3726 1348 3791 καί

186 3821 285 3904 ἕτέρας
301 3820 403 3898 οῦσίας
421 3848 450 3887 τε
467 3824 518 3888 καὶ
535 3821 653 3904 φύσεως
670 3821 813 3903 πεφνκοός
831 3820 912 3908 παρδ
928 3820 983 3905 τὴν
998 3823 1145 3907 ἐκατίρων
1160 3819 1278 3891 τούτων
1291 3824 1347 3893 σαί-

185 3927 259 3988 σίαν.
309 3931 369 3989 Τοῦ
387 3926 440 4007 μὲν
456 3925 512 4011 γόρ
530 3923 729 4008 οἶντικειμένυν
746 3926 824 3990 ἐστίν
840 3922 861 4007 ἦ
877 3922 964 3990 οῦσία
981 3923 1087 4012 φθορά
1104 3949 1136 3990 τε
1151 3926 1204 3991 καλ
1219 3926 1347 4009 σκότος·

185 4022 286 4102 όλικός
299 4022 354 4111 γόρ
370 4019 459 4102 οὗτος
472 4030 521 4093 καὶ
537 4024 749 4110 ὁπολυσχεδής.
783 4033 843 4092 Τοῦ
858 4027 890 4092 δέ
904 4026 1017 4111 πατρός
1029 4035 1088 4094 τῶν
1102 4027 1180 4094 ὅλων
1191 4035 1248 4094 τοῦ
1260 4028 1347 4118 ἆγεν.

188 4125 277 4209 νήτου
297 4126 317 4210 ἡ
340 4125 426 4193 οῦσία
448 4132 525 4194 ἐστίν
542 4128 698 4217 όφθαρσία
715 4155 745 4195 τε
765 4131 814 4195 καὶ
834 4136 902 4211 φῦς
919 4127 1017 4196 ἰαῦτδ
1034 4128 1085 4211 όν,
1116 4128 1231 4197 ἇπλοῦκ
1246 4158 1282 4201 τε
1294 4136 1349 4203 καλ

223 4354 247 4403 5.
268 4355 324 4404 cod.
340 4357 416 4404 Venti.
434 4351 538 4415 Παῦλος
555 4354 642 4420 ἔδειξε.
817 4356 842 4409 3.
861 4358 1040 4409 asscribendum
1054 4363 1112 4420 μυλο
1129 4352 1166 4417 οἷς
1182 4354 1304 4423 ἰνδίιιιις.

225 4420 284 4469 cn.
298 4423 351 4472 VH.
368 4449 399 4459 -
419 4422 441 4471 1.
457 4420 623 4486 παρειςδῦοαν
640 4427 693 4477 οοδ.
705 4429 752 4477 Va·
819 4424 843 4475 4.
860 4421 1121 4495 χαρακτηριαζόμτνος
1137 4428 1189 4477 eod.
1203 4427 1283 4481 me.
1307 4430 1350 4483 fl·

184 4494 223 4541 λῑο.
256 4485 458 4553 παρτιςδίοασαι
479 4493 536 4541 editi
550 4494 612 4543 libri.
781 4490 987 4563 χαρακτηριαστά
1010 4496 1078 4545 haut
1094 4495 1147 4546 τοῦ.
1162 4496 1264 4547 Vm
1282 4500 1350 4551 ΙΙ.

218 4558 243 4609 ’2.
260 4559 441 4609 Βτιοτῑλιιιθαιιι
453 4564 511 4622 μνία
527 4558 566 4621 τίς
580 4575 625 4624 pro
640 4559 672 4614 τί.
782 4564 826 4626 31,
837 4560 862 4613 δ.
875 4566 902 4614 λιι
914 4564 991 4615 ww
1001 4555 1190 4630 αἰεσμιίσθησστ
1200 4564 1289 4631 τίεται.
1301 4562 1350 4621 ad
