3046 5084
197 364 257 425 660
617 373 736 425 οιαοτι
754 373 923 423 σνιοιιλαιι

196 491 409 575 ἐργασαμένων,
432 487 478 564 οἷς
493 505 512 572 η
530 490 665 571 ἐπιστολὴ
681 492 849 554 ἐπετέλλετο.
895 490 954 552 Καὶ
970 485 1139 572 σίμολόγησε
1153 490 1206 570 μέν
1221 489 1347 575 χάρισμα

197 592 271 658 είναι
285 590 480 675 πνευματικόν
494 590 526 655 τό
543 601 606 667 ταῖς
620 589 791 677 Ἑβραϊκαῖς
804 594 892 668 λέξεσι
907 595 1069 677 κεχρῆσθαί
1081 594 1175 657 τεκαὶ
1188 590 1242 658 τόν
1255 591 1346 673 νόμον

197 695 360 772 διδάσκειν,
384 693 419 759 οὗ
436 694 495 777 μὴν
509 692 579 758 άλλά
592 697 641 758 καί
659 702 695 740 ⁴⁹
705 694 740 759 τά
757 694 827 759 iiiia
840 692 986 776 κομπώδη
999 692 1135 759 καθελῶν
1149 700 1202 776 τῆς
1216 702 1274 760 τῶν
1286 692 1343 759 Ἑλ-

194 797 289 879 λήνων
314 796 443 883 γλώσσης
465 800 572 880 έφησεν
596 804 701 879 μᾶλλον
719 796 860 881 γλώσσαις
879 794 970 861 αότόν
987 793 1087 862 αὐτῶν
1105 804 1268 875 λαλοῦντα,
1297 796 1345 863 διά

194 899 227 965 τό
244 898 317 966 εἶναι
334 898 425 965 αὐτόν
440 897 576 986 Ἑβραίον
593 904 622 977 ἐξ
635 897 795 985 Ἑβραίων,
818 896 899 984 παρά
913 898 983 975 τούς
998 898 1094 975 πόδας
1109 898 1261 984 Γαμαλιήλ
1278 898 1346 966 άνα-

193 1006 412 1089 τεθραμμένον,
446 996 489 1067 ῶν
512 1001 698 1087 15οΡΕβραίων
719 1002 755 1067 τά
774 1000 929 1087 γράμματα
949 1004 980 1067 έν
999 1005 1132 1078 ἐπαίνοις
1148 1006 1269 1085 τίθησι,
1297 1006 1345 1069 καλ

75 1137 126 1183 μσς.
139 1123 184 1167 sii.
196 1114 249 1188 τῆς
269 1114 322 1171 τοῦ
337 1106 502 1188 πνεύματος
520 1110 632 1189 δωρεάς
649 1104 719 1171 ὅντα
736 1111 903 1188 χαρίσματα.
948 1102 1004 1169 Διό
1022 1107 1089 1187 περὶ
1104 1112 1165 1169 τῶν
1179 1102 1280 1170 αιίτῶν
1297 1108 1345 1171 καί

199 1212 335 1297 Τιμοθέῳ
360 1208 483 1295 γράφων
505 1211 599 1294 έλεγεν
624 1208 683 1288 ότι,
712 1206 783 1273 Ἀπδ
806 1206 942 1290 νεότητος
965 1206 1028 1292 ίερά
1048 1207 1208 1293 γράμματα
1229 1212 1345 1291 ἔμαθες.

185 1312 254 1377 Ὅτι
273 1313 304 1376 δέ
326 1314 541 1396 1’λπροςτιθείς
559 1309 628 1386 τοδς
647 1309 706 1375 άπό
721 1308 865 1392 Ἑλλήνων
883 1318 1014 1394 ποιητῶν
1030 1312 1081 1375 καί
1097 1310 1236 1396 ρητόρων
1250 1308 1344 1395 όρμω·

197 1417 304 1496 μένους
321 1412 356 1478 τά
376 1419 424 1479 λ’σα
442 1413 565 1494 φάσκων
582 1411 690 1494 ὁμοίως
709 1416 783 1494 έφη,
814 1412 942 1478 Πάντων
961 1415 1049 1478 πλέον
1066 1410 1152 1496 άμῶν
1165 1420 1244 1479 λαλῶ
1259 1414 1345 1501 γλῶσ-

195 1540 273 1595 σαις,
302 1520 353 1581 ἵνα
370 1521 448 1606 δείξγγ
468 1519 518 1581 καλ
537 1523 588 1598 τῆς
605 1514 772 1599 Ἑλληνικῆς
788 1520 922 1592 παιδείας
940 1514 1030 1581 αιίτόν
1047 1518 1080 1581 ἐν
1098 1521 1186 1605 πείρα
1204 1513 1345 1602 όπερβαλ-

105 1620 109 1629 ’
194 1619 303 1695 λόντως
324 1628 508 1705 γεγενῆσθαι.
553 1621 613 1682 Καὶ
635 1617 689 1704 γάρ
712 1620 762 1684 καί
784 1615 802 1682 ό
822 1617 968 1703 χαρακτήρ
991 1616 1082 1683 αὐτοῦ
1103 1623 1240 1702 σημαίνει
1259 1616 1345 1685 αάτδν

194 1720 336 1806 ὑπάρχειν
359 1725 389 1787 ἐν
409 1725 602 1809 προπαιδείιγ,
633 1714 669 1786 οὗ
692 1719 745 1787 οὐκ
762 1718 959 1803 ἠδυνήθησαν
970 1718 1169 1805 Ἐπικούρειοι
1185 1724 1239 1787 καί
1253 1728 1342 1787 Στωϊ-

194 1828 241 1890 κοί
262 1822 445 1907 άντιστῆναι,
479 1822 706 1909 άνατρεπόμενοι
723 1822 771 1889 διά
787 1830 839 1905 τῆς
853 1828 958 1909 λογίως
977 1822 1090 1909 Μπαρ
1106 1821 1202 1890 αὐτοῦ
1217 1820 1343 1911 άναγιω·

194 1932 315 2010 σθείσης
330 1936 383 1993 τοῦ
400 1934 502 2009 βωμοῦ
521 1931 700 2012 ἐπιγραφῆς,
733 1933 831 2008 53τῆς
847 1924 930 1990 άντία
947 1934 1079 2011 γνωστοῦ
1096 1928 1345 2012 ἐπιγεγραμμένης

193 2038 233 2118 τῷ
251 2035 315 2119 Θεῷ
332 2028 538 2119 ΜἈγνάστφ,
554 2034 716 2114 ρἠτορικῶς
730 2027 968 2113 άναγνωσθείσης
979 2025 1047 2113 παρ’
1060 2026 1155 2093 αὐτοῦ
1170 2035 1282 2118 Μλεῷ,
1297 2030 1344 2093 καί

194 2129 288 2208 εόθδς
302 2140 540 2218 μεταφραστικῶς
554 2136 710 2215 ρίηθείσης,
725 2130 783 2195 Ὃν
799 2130 974 2218 α’γνοοῦντες
988 2129 1148 2213 εὐσεβεῖτε,
1168 2138 1277 2197 τοῦτον
1290 2128 1343 2215 έγά

193 2238 374 2321 καταγγέλλω
394 2233 478 2317 όμῖν·
508 2237 560 2299 καί
581 2234 668 2299 πάλιν
689 2232 856 2316 φησαντος,
890 2232 967 2299 Elui
987 2260 1032 2310 τις
1052 2238 1130 2311 λ’διος
1152 2232 1254 2299 αιίτῶν
1276 2258 1344 2319 προ-

194 2339 300 2421 νήτας,

347 2448 460 2524 Κρῆτες
483 2438 528 2505 άεί
547 2448 689 2522 ψεῦσται,
711 2438 787 2505 κακά
807 2444 918 2524 θηρία,
941 2441 1073 2527 γαστέρες
1094 2436 1194 2525 άργαί,

193 2546 243 2607 ἵνα
264 2541 316 2608 τόν
334 2540 521 2626 Ἐπιμενίδην
543 2548 636 2632 δείξη,
668 2541 789 2628 άρχαῖον
811 2540 880 2607 όντα
901 2540 1066 2624 φιλόσοφον
1087 2544 1139 2607 καί
1157 2544 1273 2627 Μίθρα
1294 2546 1344 2607 τοῦ

194 2644 275 2729 παρά
291 2648 406 2729 Κρησίν
422 2644 603 2711 ὓῦείδοίλου·
626 2642 677 2725 άφ’
691 2638 784 2728 οὗπερ
798 2646 848 2709 καί
863 2649 1046 2727 Καλλίμαχος
1058 2642 1077 2710 ό
1090 2648 1190 2727 Λίβυς
1204 2642 1260 2729 τὴν
1273 2670 1343 2729 μιτρ-

192 2752 296 2834 τυρίαν
317 2752 359 2824 είς
379 2746 485 2813 ἔαυτόν
506 2750 702 2826 ουνανέτεινε,
724 2750 845 2826 ψευδῶς
864 2749 931 2832 περί
954 2746 1028 2823 Διός
1048 2748 1150 2833 λέγων,

302 2858 457 2935 ΗΚρῆτες
479 2848 524 2915 άεί
546 2858 678 2932 ψεῦσται.
726 2853 785 2914 Καί
806 2848 862 2935 γάρ
884 2848 994 2931 τάφον,
1017 2842 1043 2916 ῶ
1064 2848 1137 2929 άνα,
1160 2858 1223 2917 σεῖο

343 2962 458 3038 Κρῆτες
477 2952 681 3037 ἐτεκτήναντο,
704 2952 740 3017 σδ
763 2954 794 3018 δὲ
815 2950 853 3017 οδ
875 2952 980 3029 θάνες·
1001 2955 1064 3019 έσσί
1084 2950 1141 3039 γάρ
1163 2955 1231 3019 alsi.

196 3060 255 3121 Καὶ
273 3053 346 3143 δρᾷς
362 3065 426 3133 πῶς
440 3062 581 3142 διηγεῖται
597 3059 664 3141 περὶ
678 3062 817 3142 γλωσσῶν
832 3052 851 3120 δ
867 3054 950 3140 άγιος
963 3052 1144 3135 άπόστολος,
1164 3052 1251 3121 Ἀλλά
1266 3054 1343 3119 θέλω

192 3162 278 3225 πέντε
291 3158 398 3244 λόγους
413 3162 445 3223 ἐν
459 3163 597 3247 ἐκκλησίᾳ
611 3166 650 3248 τῷ
663 3165 716 3224 νοΐ
725 3185 794 3241 μου,
814 3160 943 3223 τουτέστι
956 3158 1007 3223 διά
1017 3166 1070 3241 τῆς
1083 3160 1247 3244 ἑρμηνείας,
1267 3154 1344 3243 φρά-

192 3284 249 3327 σαι.
292 3259 345 3337 Ὡς
360 3260 378 3327 δ
393 3262 547 3345 προφήτης
564 3265 596 3327 ἐν
611 3261 754 3345 πνεύματι
769 3259 843 3350 άγίφ
860 3264 902 3337 είς
918 3260 970 3326 τόν
983 3268 1056 3327 νοῦν
1071 3260 1345 3347 προκεχορηγημέντ

193 3367 291 3449 φέρων
315 3368 355 3439 είς
378 3372 444 3445 φῶς
468 3365 517 3431 διά
539 3373 592 3447 τῆς
612 3369 794 3450 προφητείας
818 3361 926 3444 ω’φελεῖ
946 3362 1017 3441 τούς
1039 3361 1222 3442 άκοάοντιις,
1252 3360 1345 3439 οὕτως

191 3466 289 3553 κάγοί,
311 3464 402 3550 φησί,
433 3476 596 3551 ῡθλαλῆσαι
612 3471 653 3544 είς
671 3465 765 3551 άκοην
782 3474 836 3550 τῆς
851 3470 1003 3549 ἐκκλησίας
1020 3469 1071 3533 καλ
1086 3466 1267 3551 οἰκοδομῶν,
1293 3466 1346 3531 ιιαλ

192 3570 232 3652 μή
256 3568 305 3635 διά
329 3579 382 3635 τοῦ
404 3570 523 3654 κόμπου
543 3569 711 3654 Ἑλληνίδος
735 3596 765 3635 τε
790 3572 840 3635 καί
866 3566 1023 3656 Ἑβραΐδος
1046 3568 1153 3637 ἔαυτόν
1178 3572 1346 3653 οίιτοδογιεῖν

191 3670 243 3735 τόν
261 3670 373 3751 είδότα,
395 3677 446 3738 καὶ
462 3673 527 3758 οιίχλ
541 3673 594 3757 τὴν
610 3677 778 3755 ἐκκλησίαν,
800 3670 838 3737 δι’
852 3664 889 3755 ἧς
903 3675 1052 3739 ἐπίσταται
1068 3672 1209 3759 γλῶσσης.
1253 3670 1301 3739 ti
1314 3670 1346 3738 δέ

191 3777 397 3860 προςέθηκας,
419 3769 444 3841 ῶ
461 3781 624 3863 Μαρκίων,
646 3774 678 3841 τό
686 3828 695 3856 ,
719 3774 777 3840 Διά
794 3773 847 3840 τόν
864 3774 969 3858 νόμον·
992 3772 1034 3853 ῶς
1049 3780 1104 3843 τοῦ
1117 3774 1290 3843 άποστόλου
1303 3776 1345 3841 λέ·

191 3904 311 3962 γοντος,
343 3882 424 3945 Θέλω
446 3881 532 3945 πέντε
551 3878 658 3965 λόγους
679 3882 711 3945 ἐν
729 3882 867 3966 ἐκκλησίᾳ
886 3878 936 3943 διά
954 3876 1007 3945 τόν
1023 3876 1123 3962 νόμον.
1167 3880 1346 3963 Αίδέσθητι,

225 4066 265 4120 49.
283 4072 443 4132 Epiphaniam
458 4076 646 4135 scripsissemus
662 4069 693 4125 τὰ
708 4065 751 4125 άλ-
786 4088 833 4124 νων
852 4073 962 4137 ποιητῶν
985 4068 1030 4123 καὶ
1053 4068 1167 4137 ῥητόρων
1183 4066 1347 4139 ὁρμωμένοις

192 4136 223 4189 λα
233 4134 266 4190 τά
281 4134 405 4205 κομπώδη
419 4145 478 4201 τελλ,
492 4140 528 4189 ira
543 4150 571 4190 ut
582 4137 615 4193 τὰ
629 4134 692 4193 ἄλλα
707 4142 752 4189 αδ·
786 4137 818 4193 τὰ
834 4140 879 4193 ἶσα
895 4135 1003 4205 φάσκων
1020 4134 1116 4206 δμοίως
1133 4138 1184 4207 ἔφη
1200 4146 1254 4191 orii.
1270 4168 1304 4179 -
1320 4142 1347 4193 ΙΙ

190 4209 263 4256 veriii
277 4210 355 4269 potiris
370 4210 446 4257 locum
462 4211 569 4257 obtineat.
785 4210 840 4259 edii.
852 4211 933 4258 Ρεισα.
947 4210 1055 4259 mendose
1067 4210 1152 4271 λιρίιοτ
1163 4212 1258 4261 irim
1267 4210 1347 4261 στήο-

225 4276 267 4324 έθ.
285 4277 386 4336 Βιροιια·
400 4272 528 4341 Ἑβραίων
551 4290 595 4337 ιντο
611 4271 751 4344 Ἑβραίοις,
783 4292 837 4325 rum
853 4278 949 4326 ordine:
966 4270 1007 4330 s'i'si
1023 4272 1053 4329 Bk
1066 4272 1127 4335 τοδε
1141 4272 1193 4331 iffi
1205 4274 1349 4345 wne

191 4344 253 4404 ηιιοσ
277 4346 331 4391 iibri
355 4350 448 4394 iurisiur
469 4358 555 4393 omnes.
597 4346 753 4395 Nihilominus
784 4339 914 4411 Ἑλλήνων
930 4350 981 4395 ceti.

192 4413 321 4461 Carnarius
337 4426 426 4474 φιαηιιε
440 4416 520 4463 veriii:
543 4412 608 4463 Nam
625 4411 751 4463 Hebraeas
818 4414 859 4463 5¹2.
876 4408 935 4479 παρ’
949 4410 1026 4467 αιίτοῦ
1040 4428 1089 4478 τρο.
1112 4414 1179 4465 iiiii
1190 4408 1252 4483 παρ’
1266 4408 1347 4485 αάτᾷ.

190 4476 275 4527 literas
293 4478 359 4528 laudi
377 4480 445 4530 ducit
464 4486 515 4531 cru.
787 4484 816 4531 Εί
834 4484 977 4533 comorius:
994 4482 1107 4549 τοίχοιο.

223 4547 265 4597 si.
283 4548 329 4596 Vix
350 4548 430 4598 ‹iiiiii›
450 4552 506 4613 quiri
526 4552 685 4613 reponendum
707 4554 752 4601 sii:
819 4548 861 4601 53.
876 4550 926 4615 τῆς
938 4544 1012 4605 άντία
1025 4550 1138 4617 mm}
1150 4550 1199 4619 (σε.
1207 4550 1347 4617 &offla

183 4606 247 4669 “Ori
262 4613 293 4671 si
308 4616 483 4683 πρῶ-τίθησιν,
509 4616 568 4679 τοὺς
588 4612 639 4672 iri
655 4614 751 4684 Ἕλλη·
783 4622 816 4671 eri
831 4620 970 4671 emendaris.
1003 4620 1069 4671 Liiri
1084 4620 1170 4687 (siin
1185 4620 1242 4673 ωδ.
1258 4620 1346 4687 Μ.)
