3046 5084
259 357 320 420 390
682 362 803 414 ειυοτι
821 362 989 414 εειεειιυυ

259 490 353 553 έκεῖνο
373 483 448 569 πρός
465 490 568 561 τοῦτο,
592 483 736 568 ἑκατέρων
750 479 825 546 κατά
841 479 876 546 τά
891 482 1019 567 τέρματα
1036 478 1169 564 άλλήλοις
1183 482 1420 551 έπικοινωνούν·

259 617 325 656 των.
370 589 431 652 Καὶ
453 589 484 652 έκ
505 583 614 661 παντός
632 583 721 669 λόγου
736 582 927 674 διελεγχθήση
950 587 980 661 ἐξ
1000 586 1163 668 έπισπορᾶς
1181 589 1323 669 δαίμονος
1341 589 1423 671 ἔχων

260 690 315 776 την
328 698 381 772 τῆς
394 689 507 771 πλάνης
528 712 581 754 σου
603 689 762 769 κόσμησιν,
784 685 904 751 πάντων
926 689 1056 752 ἐλεεινῶν
1077 687 1257 753 ίλεεινόταιε.

333 791 400 858 Ἵνα
416 793 448 857 δὲ
464 791 503 874 μη
518 794 746 876 παραλείψωμαί
762 817 789 854 τι
804 797 863 854 τῶν
880 789 962 875 παρά
978 811 1032 855 τισι
1048 792 1210 876 γινομένων
1224 818 1254 857 τε
1268 794 1319 858 καλ
1333 799 1419 879 λεγο-

260 898 370 979 μένων,
399 893 455 959 κάν
470 919 501 958 τε
519 896 550 959 ἐν
568 892 674 981 ἑκάστη
693 895 794 957 πολλοί
811 889 866 956 εἷεν
883 896 914 957 οἱ
928 896 1059 978 έξαρχοι,
1088 893 1139 957 καλ
1158 892 1316 978 αύχοῦνιες
1331 896 1420 981 έτερα

261 996 331 1064 ἄνθ’
352 1000 457 1083 ἑτέρων
478 995 552 1080 ὑπὲρ
572 991 643 1071 τούς
660 993 758 1059 αὐτῶν
776 993 972 1070 διδασκάλους
988 1003 1235 1079 μυθοποιεῖσθαι,
1263 999 1305 1063 έτι
1327 1000 1419 1063 ιέπι·

263 1108 339 1185 μενῶ
352 1096 558 1184 ὑφηγούμενος
572 1095 642 1172 τούς
656 1099 687 1161 έν
703 1095 777 1186 αύτῇ
793 1105 829 1186 τῇ
844 1098 952 1183 αἱρέσει
965 1095 1063 1176 ὄντας,
1079 1099 1161 1183 έτερα
1176 1097 1300 1185 δὲπαρά
1319 1099 1417 1166 2ταύ-

262 1231 315 1286 την
330 1204 481 1288 λέγοντας,
509 1202 587 1283 φημὶ
603 1201 634 1264 δέ
650 1202 716 1285 περὶ
732 1197 931 1281 Ἐπιφάνους,
963 1202 1035 1264 3καλ
1050 1197 1216 1286 Ἰσιδάρου,
1247 1202 1419 1288 έκπροφά·
1512 1244 1515 1251 -

263 1328 335 1381 σεως
355 1310 575 1389 Παραινετικῶν
591 1305 730 1385 ῥημάτων
747 1300 852 1366 ἔαυτόν
866 1305 907 1367 λ’τι
923 1305 964 1377 είς
982 1301 1186 1389 περισσότερον
1202 1304 1302 1389 βυθόν
1317 1313 1420 1372 ταλαι·

263 1411 376 1493 πωρίας
398 1404 628 1491 καταγαγόντος,
659 1403 775 1487 τάληθῑγ
792 1406 844 1487 μὲν
863 1397 918 1469 οὖν
936 1402 995 1470 άπό
1015 1404 1250 1491 Καρποκράτους
1265 1415 1320 1473 τοῦ
1337 1411 1419 1475 ι’δίου

249 1501 374 1594 Ιπατρός
387 1508 461 1574 κατά
476 1507 569 1591 σάρκα
585 1506 740 1590 εἰληφότος
755 1505 806 1583 τάς
820 1505 993 1592 προφάσεις,
1009 1509 1196 1590 συνημμένου
1212 1510 1243 1575 δέ
1256 1517 1291 1600 τῇ
1307 1513 1421 1598 αίρέσει

263 1620 315 1679 τοῦ
332 1613 547 1698 προειρημένου
567 1609 755 1688 Σεκούνδου,
777 1611 828 1674 καί
845 1606 937 1674 αὐτοῦ
950 1617 1010 1675 τῶν
1024 1614 1252 1678 Σεκουνδιανῶν
1266 1610 1418 1699 ύπάρχον·

263 1741 322 1791 τος.
368 1712 467 1796 Πολλὴ
482 1713 537 1799 γάρ
553 1711 678 1778 ἑκάστου
694 1719 752 1777 τάν
765 1714 994 1794 πεπλανημένων
1009 1710 1084 1799 πρός
1095 1710 1146 1779 τόν
1160 1715 1259 1800 ἕτερον
1272 1714 1420 1802 διαφορά,

264 1820 313 1883 καί
327 1815 528 1903 συρφετώδης,
548 1813 588 1891 ιός
602 1818 703 1894 εἰπεῖν,
721 1817 878 1898 πολυμιξία
889 1818 1081 1894 κενοφωνίας.
1127 1809 1225 1893 Οὗτος
1236 1815 1292 1904 γάρ
1307 1814 1419 1886 ‹Qu-

265 1919 378 2003 φάνης,
410 1916 451 1994 σός
473 1921 564 2001 έφην,
594 1917 659 1994 υίός
681 1916 723 1983 div
741 1914 994 2003 Καρποκράτους,
1024 1917 1134 2004 μητρός
1155 1919 1187 1983 δέ
1202 1916 1421 2008 Ἀλεξανδρείας

264 2021 342 2088 οὕτω
360 2023 557 2104 καλουμένης,
580 2020 710 2099 τούτοις,
733 2017 774 2096 σός
792 2029 947 2106 προεῖπον,
969 2019 1160 2100 συνάπτεται,
1183 2019 1242 2086 άπό
1263 2029 1418 2108 Κεφαλλη.

264 2129 327 2200 νίας
348 2125 400 2207 μίν
421 2123 454 2189 τό
477 2123 552 2210 πρός
571 2122 706 2209 ίπατρὸς
727 2125 812 2208 γένος
833 2121 889 2201 τόν,
921 2125 1168 2206 ἕπτακαιδεκαέτη
1183 2122 1295 2207 βιούσας
1309 2125 1421 2211 χρόνον

264 2235 377 2293 θάττον
390 2225 441 2292 τόν
456 2232 522 2310 βίον
534 2229 726 2312 κατέστρεψε,
749 2234 802 2291 τοῦ
816 2230 921 2309 κυρίου
935 2224 1032 2312 όίςπερ
1046 2223 1185 2303 άκάνθας
1196 2224 1267 2303 τούς
1281 2226 1421 2308 φαύλους

266 2327 513 2408 άπαλλάσσοντος,
535 2329 666 2413 κρεῖττόν
681 2356 709 2394 τι
724 2331 792 2413 περί
804 2336 857 2411 τῆς
871 2329 1048 2412 οἰκουμένης
1062 2335 1275 2414 προνοοῦντος·
1297 2329 1372 2413 μετά
1388 2333 1422 2398 δέ

266 2433 319 2516 τὴν
336 2429 429 2498 αύτοῦ
445 2430 577 2514 τελευτάν
593 2435 625 2497 οί
636 2429 713 2515 πρός
728 2429 821 2496 αὐτοῦ
835 2433 1051 2514 πεπλανημένοι
1065 2438 1119 2515 τῆς
1132 2428 1183 2496 ἄπ’
1199 2429 1292 2498 αύτοῦ
1306 2440 1423 2520 πληγῆς

267 2533 322 2602 ούκ
344 2534 513 2619 άπέσχοντο.
549 2532 599 2598 Ἐν
622 2533 733 2624 ὗΣάμιμ
756 2533 810 2620 γάρ
834 2531 875 2610 οἷς
896 2533 970 2610 θεός
990 2536 1031 2599 έτι
1053 2536 1105 2599 καί
1125 2538 1167 2610 είς
1184 2538 1272 2622 δεῦρο
1291 2543 1421 2619 τιμᾶται

145 2672 195 2717 μσς.
209 2661 253 2704 211.
272 2640 396 2721 Τέμενος
412 2636 467 2723 γάρ
487 2634 565 2724 αύτῷ
585 2635 755 2722 ἱδρύσαντες
777 2639 808 2702 οί
825 2634 977 2722 έπιχάριοι
995 2640 1106 2713 θυσίας
1126 2639 1178 2703 καί
1196 2635 1308 2714 τελετάς
1325 2640 1421 2707 ίπιτε-

266 2748 348 2806 λοῦσι
369 2738 444 2805 κατά
465 2743 636 2821 νεομηνίαν,
667 2739 787 2822 βωμούς
808 2740 840 2804 δὲ
862 2736 941 2828 αύτῷ
960 2742 1100 2823 έστησαν,
1130 2741 1181 2805 καλ
1201 2747 1360 2807 Μουσεῖον
1380 2746 1424 2821 είς

267 2841 362 2925 όνομα
383 2840 476 2907 αύτοῦ
498 2845 696 2928 περίπτυστον
717 2839 928 2925 άνεστησαντο,
957 2840 991 2908 τό
1011 2840 1049 2925 δὴ
1065 2839 1249 2924 Ἐπιφάνους
1264 2849 1425 2913 Μουσεῖον

266 2943 453 3027 καλούμενον.
500 2942 615 3010 Θύουσι
635 2942 690 3030 γάρ
714 2941 794 3032 αύτῷ
816 2948 847 3010 ολ
868 2951 1055 3028 Κεφαλλῆνες
1080 2948 1122 3021 είς
1141 2947 1286 3028 τοσαύτην
1305 2948 1426 3031 πλάνην

268 3047 452 3132 ἐληλακότες,
482 3050 533 3111 καί
553 3048 725 3128 σπένδουσι,
755 3049 806 3111 καί
827 3049 858 3113 έν
876 3056 917 3137 τῷ
937 3049 1085 3136 ίδρυμίνφ
1106 3044 1199 3113 αύτού
1217 3048 1329 3131 τεμένει
1350 3046 1426 3119 εύω-

268 3159 397 3238 χοῦνται,
414 3149 528 3232 ύμνους
543 3156 560 3223 ,θ
570 3176 599 3216 τε
614 3147 694 3237 αύτῷ
708 3148 823 3238 ᾄδουσι.
869 3148 915 3215 Δι’
930 3146 1099 3235 ύπερβολην
1114 3151 1145 3216 δὲ
1159 3156 1212 3233 τῆς
1225 3152 1341 3217 ἐκείνου
1353 3178 1427 3221 παι-

269 3260 348 3331 δείας
369 3257 523 3341 ἐγκυκλίου
545 3278 576 3317 τε
597 3254 649 3318 καί
668 3259 862 3337 Πλατωνικῆς
885 3250 904 3337 ἦ
925 3260 1006 3318 πάσα
1027 3262 1090 3329 τοῖς
1108 3253 1332 3340 προειρημένοις
1346 3258 1428 3325 κατά

268 3385 298 3425 τε
311 3357 366 3442 την
383 3361 496 3444 αἵρεσιν
511 3358 561 3421 καί
577 3354 652 3421 κατά
667 3356 721 3439 την
734 3358 835 3442 ἑτέραν
851 3354 975 3439 πλάνην,
997 3356 1070 3442 λέγω
1085 3352 1140 3439 τὴν
1153 3358 1195 3432 είς
1209 3359 1428 3441 είδωλομανίαν

223 3480 229 3492 ’
269 3462 340 3539 τούς
355 3464 531 3546 ἐπιχωρίους
544 3461 705 3545 τρέψασαν,
720 3461 838 3546 γέγονεν
852 3457 902 3524 άπ’
919 3456 1012 3524 αύτοῦ
1029 3456 1135 3542 άπάτη.
1171 3462 1334 3527 Συνείιεετο
1347 3468 1429 3549 γοῦν

270 3558 357 3641 οὗτος
373 3563 391 3631 ό
407 3561 572 3646 Ἐπιφάνης
589 3560 763 3652 Σεκούνδφ,
794 3565 923 3639 καὶτοῖς
940 3558 1014 3644 ἄμφ’
1031 3558 1130 3627 αύτόν.
1178 3558 1240 3645 Τὴν
1255 3560 1312 3649 γάρ
1329 3560 1430 3633 αύτοῦ
1469 3560 1475 3572 ’

271 3668 400 3748 ίοβολίαν
417 3665 599 3750 άπεμάξατο,
620 3667 693 3752 λέγω
711 3663 765 3750 την
781 3672 834 3748 τῆς
852 3663 1038 3751 έρπετούδους
1054 3671 1177 3751 φθοράς
1193 3672 1428 3753 περιττολογίαν.

136 3875 204 3945 Κεφ.
221 3875 252 3932 δ’.
342 3869 490 3957 Ἰσίδωρον
502 3874 534 3937 δέ
546 3870 712 3954 φάσκουσιν
725 3874 757 3938 έν
773 3871 965 3953 Παραινέσεσι
978 3876 1032 3953 τῆς
1045 3867 1137 3937 αύτοῦ
1149 3875 1317 3958 μοχθηρίας
1329 3876 1432 3945 αἴτιον

271 3980 454 4063 γεγενῆσθαι.
498 3977 541 4039 Εἰ
555 3975 587 4040 δέ
602 3977 654 4041 καί
668 3972 758 4052 αάτός
771 3972 807 4039 τά
823 3977 873 4040 ίσα
887 3980 1009 4058 φρονῶν
1023 3975 1075 4039 καλ
1089 3976 1120 4053 ἐξ
1134 3970 1234 4040 αύτοῖν
1248 3971 1432 4059 όρμάμινας

272 4079 441 4162 ἐτύγχανεν,
471 4073 492 4158 ἢ
508 4078 540 4142 έκ
557 4077 733 4160 φιλοσόφων
750 4075 858 4161 μαθάν
875 4074 1083 4164 παραινετικός
1095 4072 1140 4154 τις
1155 4079 1205 4143 καί
1222 4074 1314 4155 αύτός
1327 4076 1430 4171 ύιτῆρ.
1513 4108 1515 4119 ·

270 4202 336 4260 χεν,
366 4176 402 4244 ού
422 4180 502 4244 πάνυ
521 4187 624 4259 σαφῶς
640 4182 708 4266 περί
727 4187 780 4247 τοῦ
794 4178 945 4267 Ἰσιδιόρου
961 4187 1072 4267 γνῶναι
1087 4177 1291 4264 ἠδυνήθημεν.
1337 4182 1432 4271 Πιῴ

307 4332 365 4383 (λιν.
383 4336 424 4384 111.
442 4363 473 4374 -
494 4335 515 4386 ί.
533 4333 641 4401 ἐπιμενῶ
658 4341 767 4401 rescripsi
779 4354 832 4390 ιντο
899 4338 923 4390 2.
940 4335 1035 4405 ταύτην
1052 4342 1145 4406 τςμοεαί
1162 4353 1206 4402 pro
1225 4335 1336 4406 τούτων,
1363 4346 1432 4408 Μ

272 4404 375 4456 Petam.
412 4407 485 4466 γυλςο
500 4401 621 4470 ἐπιμένων
638 4411 709 4455 ταλαί.
744 4406 832 4457 Adhuc
866 4412 919 4459 λε’δτλ
936 4410 1026 4459 λοῦται.

271 4471 437 4540 φησει-εταδο
454 4472 479 4521 in
497 4470 621 4521 narrando
637 4479 747 4524 ιωιυαιίι
762 4478 832 4525 νείατα
899 4476 924 4528 3.
943 4479 1017 4541 λἰιλςο
1033 4471 1187 4543 Ἐιιιφάναυς
1202 4475 1248 4530 τοῦ
1263 4469 1409 4547 ’Ictum

274 4541 409 4591 σοικαεῑαι.
426 4535 831 4607 λιαοιούφηγιίοὲαιιεειααδιια,
899 4541 924 4595 4.
945 4540 1041 4610 μητρὸς
1059 4548 1161 4597 crabim
1182 4544 1293 4609 ὅμίοίίες.
1311 4546 1360 4599 88.
1375 4550 1429 4601 ΡΙ·

274 4606 380 4671 δοιειε,
400 4607 529 4658 instruere.
865 4610 1092 4677 ίτιιιιιίί,μαα.59.,
1104 4614 1429 4669 κολακεύω...
