<?xml version="1.0" encoding="UTF-8"?>
<!DOCTYPE html PUBLIC "-//W3C//DTD XHTML 1.0 Transitional//EN"
    "http://www.w3.org/TR/xhtml1/DTD/xhtml1-transitional.dtd">
<html xmlns="http://www.w3.org/1999/xhtml" xml:lang="en" lang="en">
 <head>
  <title>
</title>
<meta http-equiv="Content-Type" content="text/html;charset=utf-8" />
  <meta name='ocr-system' content='tesseract 3.04.00' />
  <meta name='ocr-capabilities' content='ocr_page ocr_carea ocr_par ocr_line ocrx_word'/>
</head>
<body>
  <div class='ocr_page' id='page_1' title='image "./corporishaerese01unkngoog_0699.png"; bbox 0 0 3046 5084; ppageno 0'>
   <div class='ocr_carea' id='block_1_1' title="bbox 392 324 1287 389">
    <p class='ocr_par' dir='ltr' id='par_1_1' title="bbox 392 324 1287 389">
     <span class='ocr_line' id='line_1_1' title="bbox 392 324 1287 389; baseline -0.003 -2"><span class='ocrx_word' id='word_1_1' title='bbox 392 333 641 389; x_wconf 70' lang='lat' dir='ltr'><strong>renuntiarat.</strong></span> <span class='ocrx_word' id='word_1_2' title='bbox 658 333 1021 389; x_wconf 77' lang='lat' dir='ltr'><strong>nott.trr.nuna.xurv.</strong></span> <span class='ocrx_word' id='word_1_3' title='bbox 1225 324 1287 387; x_wconf 81' lang='grc'><strong>695</strong></span> 
     </span>
    </p>
   </div>
   <div class='ocr_carea' id='block_1_2' title="bbox 70 451 1413 4337">
    <p class='ocr_par' dir='ltr' id='par_1_2' title="bbox 137 451 1285 849">
     <span class='ocr_line' id='line_1_2' title="bbox 137 451 1285 540; baseline -0.003 -19"><span class='ocrx_word' id='word_1_4' title='bbox 137 478 173 521; x_wconf 90' lang='lat' dir='ltr'><strong>ao</strong></span> <span class='ocrx_word' id='word_1_5' title='bbox 194 457 306 537; x_wconf 90' lang='lat' dir='ltr'><strong>bonus,</strong></span> <span class='ocrx_word' id='word_1_6' title='bbox 331 453 420 520; x_wconf 86' lang='lat' dir='ltr'><strong>alium</strong></span> <span class='ocrx_word' id='word_1_7' title='bbox 445 453 584 540; x_wconf 79' lang='lat' dir='ltr'><strong>produxit</strong></span> <span class='ocrx_word' id='word_1_8' title='bbox 606 454 704 519; x_wconf 89' lang='lat' dir='ltr'><strong>deum.</strong></span> <span class='ocrx_word' id='word_1_9' title='bbox 751 451 798 518; x_wconf 71' lang='lat' dir='ltr'><strong>Ab</strong></span> <span class='ocrx_word' id='word_1_10' title='bbox 825 454 879 517; x_wconf 92' lang='lat' dir='ltr'><strong>boc</strong></span> <span class='ocrx_word' id='word_1_11' title='bbox 904 452 1042 516; x_wconf 85' lang='lat' dir='ltr'><strong>universa</strong></span> <span class='ocrx_word' id='word_1_12' title='bbox 1067 453 1182 516; x_wconf 90' lang='lat' dir='ltr'><strong>condita</strong></span> <span class='ocrx_word' id='word_1_13' title='bbox 1205 466 1285 532; x_wconf 87' lang='lat' dir='ltr'><strong>sunt,</strong></span> 
     </span>
     <span class='ocr_line' id='line_1_3' title="bbox 138 554 1284 640; baseline -0.004 -16"><span class='ocrx_word' id='word_1_14' title='bbox 138 558 250 624; x_wconf 88' lang='lat' dir='ltr'><strong>coefum</strong></span> <span class='ocrx_word' id='word_1_15' title='bbox 267 558 404 624; x_wconf 89' lang='lat' dir='ltr'><strong>videficet</strong></span> <span class='ocrx_word' id='word_1_16' title='bbox 422 578 457 620; x_wconf 89' lang='lat' dir='ltr'><strong>ac</strong></span> <span class='ocrx_word' id='word_1_17' title='bbox 476 566 571 636; x_wconf 86' lang='lat' dir='ltr'><strong>terra,</strong></span> <span class='ocrx_word' id='word_1_18' title='bbox 596 567 753 640; x_wconf 86' lang='lat' dir='ltr'><strong>ceteraque</strong></span> <span class='ocrx_word' id='word_1_19' title='bbox 773 555 895 640; x_wconf 88' lang='lat' dir='ltr'><strong>quaein</strong></span> <span class='ocrx_word' id='word_1_20' title='bbox 919 554 974 618; x_wconf 92' lang='lat' dir='ltr'><strong>boc</strong></span> <span class='ocrx_word' id='word_1_21' title='bbox 996 555 1103 618; x_wconf 87' lang='lat' dir='ltr'><strong>mundo</strong></span> <span class='ocrx_word' id='word_1_22' title='bbox 1126 555 1284 619; x_wconf 88' lang='lat' dir='ltr'><strong>cernimus.</strong></span> 
     </span>
     <span class='ocr_line' id='line_1_4' title="bbox 138 656 1285 742; baseline -0.005 -15"><span class='ocrx_word' id='word_1_23' title='bbox 138 659 198 727; x_wconf 87' lang='lat' dir='ltr'><strong>Sed</strong></span> <span class='ocrx_word' id='word_1_24' title='bbox 217 661 263 724; x_wconf 91' lang='lat' dir='ltr'><strong>bic</strong></span> <span class='ocrx_word' id='word_1_25' title='bbox 282 660 401 724; x_wconf 89' lang='lat' dir='ltr'><strong>minime</strong></span> <span class='ocrx_word' id='word_1_26' title='bbox 415 659 509 723; x_wconf 90' lang='lat' dir='ltr'><strong>bonus</strong></span> <span class='ocrx_word' id='word_1_27' title='bbox 527 658 640 740; x_wconf 83' lang='lat' dir='ltr'><strong>evasit,</strong></span> <span class='ocrx_word' id='word_1_28' title='bbox 664 659 784 742; x_wconf 82' lang='lat' dir='ltr'><strong>eiusque</strong></span> <span class='ocrx_word' id='word_1_29' title='bbox 802 677 890 742; x_wconf 83' lang='lat' dir='ltr'><strong>opera</strong></span> <span class='ocrx_word' id='word_1_30' title='bbox 914 656 1011 720; x_wconf 88' lang='lat' dir='ltr'><strong>omnia</strong></span> <span class='ocrx_word' id='word_1_31' title='bbox 1027 678 1086 720; x_wconf 92' lang='lat' dir='ltr'><strong>uon</strong></span> <span class='ocrx_word' id='word_1_32' title='bbox 1102 657 1176 721; x_wconf 90' lang='lat' dir='ltr'><strong>bene</strong></span> <span class='ocrx_word' id='word_1_33' title='bbox 1198 659 1285 736; x_wconf 85' lang='lat' dir='ltr'><strong>facte,</strong></span> 
     </span>
     <span class='ocr_line' id='line_1_5' title="bbox 137 758 959 849; baseline -0.004 -23"><span class='ocrx_word' id='word_1_34' title='bbox 137 785 171 827; x_wconf 87' lang='lat' dir='ltr'><strong>ac</strong></span> <span class='ocrx_word' id='word_1_35' title='bbox 194 785 246 849; x_wconf 93' lang='lat' dir='ltr'><strong>pro</strong></span> <span class='ocrx_word' id='word_1_36' title='bbox 269 763 343 826; x_wconf 89' lang='lat' dir='ltr'><strong>mafa</strong></span> <span class='ocrx_word' id='word_1_37' title='bbox 365 762 443 826; x_wconf 87' lang='lat' dir='ltr'><strong>ilfins</strong></span> <span class='ocrx_word' id='word_1_38' title='bbox 466 773 564 825; x_wconf 87' lang='lat' dir='ltr'><strong>mente</strong></span> <span class='ocrx_word' id='word_1_39' title='bbox 586 761 712 825; x_wconf 86' lang='lat' dir='ltr'><strong>suntab</strong></span> <span class='ocrx_word' id='word_1_40' title='bbox 734 761 784 824; x_wconf 91' lang='lat' dir='ltr'><strong>iffo</strong></span> <span class='ocrx_word' id='word_1_41' title='bbox 808 758 959 823; x_wconf 88' lang='lat' dir='ltr'><strong>fabricata.</strong></span> 
     </span>
    </p>

    <p class='ocr_par' dir='ltr' id='par_1_3' title="bbox 70 860 1413 2078">
     <span class='ocr_line' id='line_1_6' title="bbox 223 860 1413 948; baseline -0.007 -20"><span class='ocrx_word' id='word_1_42' title='bbox 223 862 332 928; x_wconf 89' lang='lat' dir='ltr'><strong>Verum</strong></span> <span class='ocrx_word' id='word_1_43' title='bbox 352 864 416 948; x_wconf 88' lang='lat' dir='ltr'><strong>quis</strong></span> <span class='ocrx_word' id='word_1_44' title='bbox 434 863 484 926; x_wconf 91' lang='lat' dir='ltr'><strong>iffa</strong></span> <span class='ocrx_word' id='word_1_45' title='bbox 506 865 640 948; x_wconf 75' lang='lat' dir='ltr'><strong>dogmata</strong></span> <span class='ocrx_word' id='word_1_46' title='bbox 658 864 805 948; x_wconf 72' lang='lat' dir='ltr'><strong>patienter</strong></span> <span class='ocrx_word' id='word_1_47' title='bbox 826 863 942 940; x_wconf 87' lang='lat' dir='ltr'><strong>audiat,</strong></span> <span class='ocrx_word' id='word_1_48' title='bbox 966 881 1021 925; x_wconf 90' lang='lat' dir='ltr'><strong>nec</strong></span> <span class='ocrx_word' id='word_1_49' title='bbox 1045 860 1185 924; x_wconf 90' lang='lat' dir='ltr'><strong>insaniam</strong></span> <span class='ocrx_word' id='word_1_50' title='bbox 1210 861 1286 924; x_wconf 91' lang='lat' dir='ltr'><strong>iffam</strong></span> <span class='ocrx_word' id='word_1_51' title='bbox 1306 869 1364 936; x_wconf 78' lang='lat' dir='ltr'><strong>Cap.</strong></span> <span class='ocrx_word' id='word_1_52' title='bbox 1382 870 1413 920; x_wconf 89' lang='lat' dir='ltr'><strong>tt.</strong></span> 
     </span>
     <span class='ocr_line' id='line_1_7' title="bbox 70 963 1287 1055; baseline -0.005 -24"><span class='ocrx_word' id='word_1_53' title='bbox 70 1019 72 1023; x_wconf 54' lang='grc'>,</span> <span class='ocrx_word' id='word_1_54' title='bbox 137 969 233 1055; x_wconf 91' lang='lat' dir='ltr'><strong>potius</strong></span> <span class='ocrx_word' id='word_1_55' title='bbox 250 978 279 1030; x_wconf 92' lang='lat' dir='ltr'><strong>et</strong></span> <span class='ocrx_word' id='word_1_56' title='bbox 296 967 451 1031; x_wconf 74' lang='lat' dir='ltr'><strong>amentiam</strong></span> <span class='ocrx_word' id='word_1_57' title='bbox 470 965 611 1029; x_wconf 77' lang='lat' dir='ltr'><strong>irrideat?</strong></span> <span class='ocrx_word' id='word_1_58' title='bbox 653 963 776 1030; x_wconf 86' lang='lat' dir='ltr'><strong>Duobus</strong></span> <span class='ocrx_word' id='word_1_59' title='bbox 795 964 900 1051; x_wconf 87' lang='lat' dir='ltr'><strong>quippe</strong></span> <span class='ocrx_word' id='word_1_60' title='bbox 923 965 1016 1027; x_wconf 90' lang='lat' dir='ltr'><strong>modis</strong></span> <span class='ocrx_word' id='word_1_61' title='bbox 1039 965 1092 1027; x_wconf 91' lang='lat' dir='ltr'><strong>bac</strong></span> <span class='ocrx_word' id='word_1_62' title='bbox 1118 963 1234 1047; x_wconf 89' lang='lat' dir='ltr'><strong>quidem</strong></span> <span class='ocrx_word' id='word_1_63' title='bbox 1257 965 1287 1026; x_wconf 92' lang='lat' dir='ltr'><strong>in</strong></span> 
     </span>
     <span class='ocr_line' id='line_1_8' title="bbox 136 1065 1285 1156; baseline -0.005 -22"><span class='ocrx_word' id='word_1_64' title='bbox 136 1071 274 1156; x_wconf 89' lang='lat' dir='ltr'><strong>opinione</strong></span> <span class='ocrx_word' id='word_1_65' title='bbox 288 1068 407 1133; x_wconf 89' lang='lat' dir='ltr'><strong>minime</strong></span> <span class='ocrx_word' id='word_1_66' title='bbox 423 1079 620 1133; x_wconf 89' lang='lat' dir='ltr'><strong>consentanea</strong></span> <span class='ocrx_word' id='word_1_67' title='bbox 635 1069 750 1133; x_wconf 81' lang='lat' dir='ltr'><strong>videtur</strong></span> <span class='ocrx_word' id='word_1_68' title='bbox 764 1088 910 1132; x_wconf 82' lang='lat' dir='ltr'><strong>asserere.</strong></span> <span class='ocrx_word' id='word_1_69' title='bbox 943 1065 1044 1150; x_wconf 83' lang='lat' dir='ltr'><strong>itaque</strong></span> <span class='ocrx_word' id='word_1_70' title='bbox 1061 1067 1104 1128; x_wconf 88' lang='lat' dir='ltr'><strong>sic</strong></span> <span class='ocrx_word' id='word_1_71' title='bbox 1117 1067 1197 1129; x_wconf 86' lang='lat' dir='ltr'><strong>iffum</strong></span> <span class='ocrx_word' id='word_1_72' title='bbox 1214 1077 1285 1129; x_wconf 92' lang='lat' dir='ltr'><strong>tam·</strong></span> 
     </span>
     <span class='ocr_line' id='line_1_9' title="bbox 136 1167 1287 1258; baseline -0.006 -21"><span class='ocrx_word' id='word_1_73' title='bbox 136 1195 220 1258; x_wconf 89' lang='lat' dir='ltr'><strong>quam</strong></span> <span class='ocrx_word' id='word_1_74' title='bbox 238 1181 421 1257; x_wconf 74' lang='lat' dir='ltr'><strong>praesentem</strong></span> <span class='ocrx_word' id='word_1_75' title='bbox 438 1170 580 1255; x_wconf 90' lang='lat' dir='ltr'><strong>affoquar.</strong></span> <span class='ocrx_word' id='word_1_76' title='bbox 627 1168 682 1234; x_wconf 86' lang='lat' dir='ltr'><strong>Dic</strong></span> <span class='ocrx_word' id='word_1_77' title='bbox 699 1171 780 1250; x_wconf 90' lang='lat' dir='ltr'><strong>mibi,</strong></span> <span class='ocrx_word' id='word_1_78' title='bbox 804 1171 891 1233; x_wconf 89' lang='lat' dir='ltr'><strong>sodes</strong></span> <span class='ocrx_word' id='word_1_79' title='bbox 910 1169 1045 1253; x_wconf 81' lang='lat' dir='ltr'><strong>Apelles:</strong></span> <span class='ocrx_word' id='word_1_80' title='bbox 1072 1169 1126 1231; x_wconf 91' lang='lat' dir='ltr'><strong>boo</strong></span> <span class='ocrx_word' id='word_1_81' title='bbox 1143 1167 1218 1231; x_wconf 91' lang='lat' dir='ltr'><strong>enim</strong></span> <span class='ocrx_word' id='word_1_82' title='bbox 1238 1169 1287 1231; x_wconf 91' lang='lat' dir='ltr'><strong>da-</strong></span> 
     </span>
     <span class='ocr_line' id='line_1_10' title="bbox 134 1271 1285 1360; baseline -0.004 -21"><span class='ocrx_word' id='word_1_83' title='bbox 134 1275 196 1356; x_wconf 90' lang='lat' dir='ltr'><strong>bis,</strong></span> <span class='ocrx_word' id='word_1_84' title='bbox 225 1275 346 1360; x_wconf 89' lang='lat' dir='ltr'><strong>opinor,</strong></span> <span class='ocrx_word' id='word_1_85' title='bbox 375 1272 528 1341; x_wconf 84' lang='lat' dir='ltr'><strong>nutilium</strong></span> <span class='ocrx_word' id='word_1_86' title='bbox 551 1294 717 1359; x_wconf 89' lang='lat' dir='ltr'><strong>supremum</strong></span> <span class='ocrx_word' id='word_1_87' title='bbox 744 1274 827 1337; x_wconf 88' lang='lat' dir='ltr'><strong>deum</strong></span> <span class='ocrx_word' id='word_1_88' title='bbox 855 1275 950 1336; x_wconf 89' lang='lat' dir='ltr'><strong>futura</strong></span> <span class='ocrx_word' id='word_1_89' title='bbox 978 1271 1178 1350; x_wconf 83' lang='lat' dir='ltr'><strong>nescientem,</strong></span> <span class='ocrx_word' id='word_1_90' title='bbox 1210 1271 1285 1334; x_wconf 91' lang='lat' dir='ltr'><strong>bunc</strong></span> 
     </span>
     <span class='ocr_line' id='line_1_11' title="bbox 135 1375 1286 1462; baseline -0.003 -21"><span class='ocrx_word' id='word_1_91' title='bbox 135 1399 219 1462; x_wconf 90' lang='lat' dir='ltr'><strong>quem</strong></span> <span class='ocrx_word' id='word_1_92' title='bbox 236 1378 308 1440; x_wconf 91' lang='lat' dir='ltr'><strong>dieis</strong></span> <span class='ocrx_word' id='word_1_93' title='bbox 331 1396 417 1460; x_wconf 91' lang='lat' dir='ltr'><strong>opera</strong></span> <span class='ocrx_word' id='word_1_94' title='bbox 436 1397 489 1440; x_wconf 88' lang='lat' dir='ltr'><strong>sua</strong></span> <span class='ocrx_word' id='word_1_95' title='bbox 508 1376 584 1439; x_wconf 86' lang='lat' dir='ltr'><strong>mate</strong></span> <span class='ocrx_word' id='word_1_96' title='bbox 601 1375 778 1454; x_wconf 75' lang='lat' dir='ltr'><strong>fabricasse,</strong></span> <span class='ocrx_word' id='word_1_97' title='bbox 803 1376 952 1439; x_wconf 82' lang='lat' dir='ltr'><strong>effinxisse</strong></span> <span class='ocrx_word' id='word_1_98' title='bbox 968 1376 1071 1454; x_wconf 91' lang='lat' dir='ltr'><strong>deum,</strong></span> <span class='ocrx_word' id='word_1_99' title='bbox 1094 1385 1146 1438; x_wconf 89' lang='lat' dir='ltr'><strong>aut</strong></span> <span class='ocrx_word' id='word_1_100' title='bbox 1161 1396 1226 1437; x_wconf 90' lang='lat' dir='ltr'><strong>cum</strong></span> <span class='ocrx_word' id='word_1_101' title='bbox 1244 1385 1286 1437; x_wconf 89' lang='lat' dir='ltr'><strong>ta-</strong></span> 
     </span>
     <span class='ocr_line' id='line_1_12' title="bbox 133 1478 1285 1563; baseline -0.003 -19"><span class='ocrx_word' id='word_1_102' title='bbox 133 1482 190 1544; x_wconf 90' lang='lat' dir='ltr'><strong>fcm</strong></span> <span class='ocrx_word' id='word_1_103' title='bbox 217 1480 279 1543; x_wconf 88' lang='lat' dir='ltr'><strong>fore</strong></span> <span class='ocrx_word' id='word_1_104' title='bbox 305 1490 517 1562; x_wconf 87' lang='lat' dir='ltr'><strong>cognosceret,</strong></span> <span class='ocrx_word' id='word_1_105' title='bbox 547 1478 613 1541; x_wconf 91' lang='lat' dir='ltr'><strong>ideo</strong></span> <span class='ocrx_word' id='word_1_106' title='bbox 639 1479 832 1563; x_wconf 81' lang='lat' dir='ltr'><strong>produxisse,</strong></span> <span class='ocrx_word' id='word_1_107' title='bbox 863 1490 895 1541; x_wconf 93' lang='lat' dir='ltr'><strong>ut</strong></span> <span class='ocrx_word' id='word_1_108' title='bbox 922 1499 1022 1541; x_wconf 90' lang='lat' dir='ltr'><strong>eorum</strong></span> <span class='ocrx_word' id='word_1_109' title='bbox 1050 1488 1130 1540; x_wconf 91' lang='lat' dir='ltr'><strong>esset</strong></span> <span class='ocrx_word' id='word_1_110' title='bbox 1156 1478 1285 1561; x_wconf 90' lang='lat' dir='ltr'><strong>ipsorum</strong></span> 
     </span>
     <span class='ocr_line' id='line_1_13' title="bbox 134 1579 1285 1666; baseline -0.003 -19"><span class='ocrx_word' id='word_1_111' title='bbox 134 1603 256 1659; x_wconf 86' lang='lat' dir='ltr'><strong>caussa,</strong></span> <span class='ocrx_word' id='word_1_112' title='bbox 281 1602 354 1666; x_wconf 89' lang='lat' dir='ltr'><strong>quae</strong></span> <span class='ocrx_word' id='word_1_113' title='bbox 372 1582 446 1645; x_wconf 85' lang='lat' dir='ltr'><strong>maie</strong></span> <span class='ocrx_word' id='word_1_114' title='bbox 465 1591 567 1666; x_wconf 88' lang='lat' dir='ltr'><strong>postea</strong></span> <span class='ocrx_word' id='word_1_115' title='bbox 584 1580 723 1644; x_wconf 80' lang='lat' dir='ltr'><strong>condidit.</strong></span> <span class='ocrx_word' id='word_1_116' title='bbox 768 1579 818 1645; x_wconf 83' lang='lat' dir='ltr'><strong>Ex</strong></span> <span class='ocrx_word' id='word_1_117' title='bbox 835 1603 892 1665; x_wconf 89' lang='lat' dir='ltr'><strong>qno</strong></span> <span class='ocrx_word' id='word_1_118' title='bbox 911 1601 1096 1664; x_wconf 88' lang='lat' dir='ltr'><strong>consequens</strong></span> <span class='ocrx_word' id='word_1_119' title='bbox 1116 1590 1162 1644; x_wconf 92' lang='lat' dir='ltr'><strong>est</strong></span> <span class='ocrx_word' id='word_1_120' title='bbox 1182 1601 1285 1664; x_wconf 84' lang='lat' dir='ltr'><strong>supre-</strong></span> 
     </span>
     <span class='ocr_line' id='line_1_14' title="bbox 132 1682 1282 1768; baseline -0.004 -19"><span class='ocrx_word' id='word_1_121' title='bbox 132 1708 210 1749; x_wconf 90' lang='lat' dir='ltr'><strong>mum</strong></span> <span class='ocrx_word' id='word_1_122' title='bbox 226 1684 306 1748; x_wconf 87' lang='lat' dir='ltr'><strong>ilium</strong></span> <span class='ocrx_word' id='word_1_123' title='bbox 326 1685 408 1747; x_wconf 90' lang='lat' dir='ltr'><strong>deum</strong></span> <span class='ocrx_word' id='word_1_124' title='bbox 434 1684 517 1768; x_wconf 87' lang='lat' dir='ltr'><strong>plane</strong></span> <span class='ocrx_word' id='word_1_125' title='bbox 536 1695 699 1751; x_wconf 89' lang='lat' dir='ltr'><strong>creatorem</strong></span> <span class='ocrx_word' id='word_1_126' title='bbox 720 1703 803 1763; x_wconf 89' lang='lat' dir='ltr'><strong>esse,</strong></span> <span class='ocrx_word' id='word_1_127' title='bbox 828 1685 876 1767; x_wconf 93' lang='lat' dir='ltr'><strong>qui</strong></span> <span class='ocrx_word' id='word_1_128' title='bbox 899 1705 986 1746; x_wconf 90' lang='lat' dir='ltr'><strong>unum</strong></span> <span class='ocrx_word' id='word_1_129' title='bbox 1007 1682 1085 1746; x_wconf 85' lang='lat' dir='ltr'><strong>illum</strong></span> <span class='ocrx_word' id='word_1_130' title='bbox 1109 1683 1282 1767; x_wconf 86' lang='lat' dir='ltr'><strong>procrearit,</strong></span> 
     </span>
     <span class='ocr_line' id='line_1_15' title="bbox 133 1782 1284 1872; baseline -0.005 -19"><span class='ocrx_word' id='word_1_131' title='bbox 133 1811 150 1853; x_wconf 87' lang='lat' dir='ltr'><strong>a</strong></span> <span class='ocrx_word' id='word_1_132' title='bbox 169 1787 358 1872; x_wconf 87' lang='lat' dir='ltr'><strong>quocondita</strong></span> <span class='ocrx_word' id='word_1_133' title='bbox 375 1785 567 1850; x_wconf 88' lang='lat' dir='ltr'><strong>suntomoia.</strong></span> <span class='ocrx_word' id='word_1_134' title='bbox 602 1782 701 1867; x_wconf 83' lang='lat' dir='ltr'><strong>Quare</strong></span> <span class='ocrx_word' id='word_1_135' title='bbox 721 1806 825 1849; x_wconf 87' lang='lat' dir='ltr'><strong>caussa</strong></span> <span class='ocrx_word' id='word_1_136' title='bbox 843 1784 900 1848; x_wconf 92' lang='lat' dir='ltr'><strong>erit</strong></span> <span class='ocrx_word' id='word_1_137' title='bbox 920 1786 1006 1848; x_wconf 90' lang='lat' dir='ltr'><strong>ctiam</strong></span> <span class='ocrx_word' id='word_1_138' title='bbox 1024 1785 1072 1848; x_wconf 91' lang='lat' dir='ltr'><strong>iffe</strong></span> <span class='ocrx_word' id='word_1_139' title='bbox 1089 1807 1148 1847; x_wconf 93' lang='lat' dir='ltr'><strong>non</strong></span> <span class='ocrx_word' id='word_1_140' title='bbox 1169 1785 1216 1869; x_wconf 86' lang='lat' dir='ltr'><strong>qui</strong></span> <span class='ocrx_word' id='word_1_141' title='bbox 1235 1806 1284 1848; x_wconf 91' lang='lat' dir='ltr'><strong>res</strong></span> 
     </span>
     <span class='ocr_line' id='line_1_16' title="bbox 133 1887 1284 1972; baseline -0.003 -18"><span class='ocrx_word' id='word_1_142' title='bbox 133 1901 248 1954; x_wconf 91' lang='lat' dir='ltr'><strong>creatas</strong></span> <span class='ocrx_word' id='word_1_143' title='bbox 265 1890 371 1968; x_wconf 88' lang='lat' dir='ltr'><strong>edidit,</strong></span> <span class='ocrx_word' id='word_1_144' title='bbox 395 1888 447 1952; x_wconf 89' lang='lat' dir='ltr'><strong>sed</strong></span> <span class='ocrx_word' id='word_1_145' title='bbox 465 1909 596 1952; x_wconf 92' lang='lat' dir='ltr'><strong>summus</strong></span> <span class='ocrx_word' id='word_1_146' title='bbox 611 1888 674 1972; x_wconf 86' lang='lat' dir='ltr'><strong>ipse</strong></span> <span class='ocrx_word' id='word_1_147' title='bbox 693 1887 835 1951; x_wconf 89' lang='lat' dir='ltr'><strong>creatoris</strong></span> <span class='ocrx_word' id='word_1_148' title='bbox 855 1899 974 1967; x_wconf 87' lang='lat' dir='ltr'><strong>auctor,</strong></span> <span class='ocrx_word' id='word_1_149' title='bbox 999 1888 1045 1972; x_wconf 88' lang='lat' dir='ltr'><strong>qui</strong></span> <span class='ocrx_word' id='word_1_150' title='bbox 1070 1887 1109 1950; x_wconf 85' lang='lat' dir='ltr'><strong>sit</strong></span> <span class='ocrx_word' id='word_1_151' title='bbox 1131 1887 1284 1951; x_wconf 87' lang='lat' dir='ltr'><strong>universo·</strong></span> 
     </span>
     <span class='ocr_line' id='line_1_17' title="bbox 132 1992 328 2078; baseline -0.015 -21"><span class='ocrx_word' id='word_1_152' title='bbox 132 2015 196 2057; x_wconf 90' lang='lat' dir='ltr'><strong>rum</strong></span> <span class='ocrx_word' id='word_1_153' title='bbox 218 1992 328 2078; x_wconf 78' lang='lat' dir='ltr'><strong>opifex.</strong></span> 
     </span>
    </p>

    <p class='ocr_par' dir='ltr' id='par_1_4' title="bbox 116 2088 1284 4337">
     <span class='ocr_line' id='line_1_18' title="bbox 216 2088 1284 2179; baseline -0.003 -22"><span class='ocrx_word' id='word_1_154' title='bbox 216 2093 281 2157; x_wconf 86' lang='lat' dir='ltr'><strong>Hoc</strong></span> <span class='ocrx_word' id='word_1_155' title='bbox 297 2115 369 2157; x_wconf 83' lang='lat' dir='ltr'><strong>aero</strong></span> <span class='ocrx_word' id='word_1_156' title='bbox 385 2093 506 2178; x_wconf 89' lang='lat' dir='ltr'><strong>insuper</strong></span> <span class='ocrx_word' id='word_1_157' title='bbox 523 2093 668 2157; x_wconf 83' lang='lat' dir='ltr'><strong>affirmas:</strong></span> <span class='ocrx_word' id='word_1_158' title='bbox 693 2092 849 2179; x_wconf 86' lang='lat' dir='ltr'><strong>postremis</strong></span> <span class='ocrx_word' id='word_1_159' title='bbox 866 2092 1043 2178; x_wconf 90' lang='lat' dir='ltr'><strong>temporibus</strong></span> <span class='ocrx_word' id='word_1_160' title='bbox 1061 2093 1181 2157; x_wconf 87' lang='lat' dir='ltr'><strong>affuisse</strong></span> <span class='ocrx_word' id='word_1_161' title='bbox 1199 2088 1284 2156; x_wconf 86' lang='lat' dir='ltr'><strong>Chri-</strong></span> 
     </span>
     <span class='ocr_line' id='line_1_19' title="bbox 131 2193 1284 2282; baseline -0.005 -20"><span class='ocrx_word' id='word_1_162' title='bbox 131 2210 225 2277; x_wconf 90' lang='lat' dir='ltr'><strong>stum,</strong></span> <span class='ocrx_word' id='word_1_163' title='bbox 254 2197 382 2282; x_wconf 89' lang='lat' dir='ltr'><strong>supremi</strong></span> <span class='ocrx_word' id='word_1_164' title='bbox 406 2196 540 2260; x_wconf 90' lang='lat' dir='ltr'><strong>nimirum</strong></span> <span class='ocrx_word' id='word_1_165' title='bbox 564 2217 600 2258; x_wconf 91' lang='lat' dir='ltr'><strong>ae</strong></span> <span class='ocrx_word' id='word_1_166' title='bbox 618 2193 696 2259; x_wconf 79' lang='lat' dir='ltr'><strong>boni</strong></span> <span class='ocrx_word' id='word_1_167' title='bbox 720 2196 765 2259; x_wconf 90' lang='lat' dir='ltr'><strong>dei</strong></span> <span class='ocrx_word' id='word_1_168' title='bbox 787 2195 893 2272; x_wconf 89' lang='lat' dir='ltr'><strong>filium,</strong></span> <span class='ocrx_word' id='word_1_169' title='bbox 919 2197 1039 2280; x_wconf 87' lang='lat' dir='ltr'><strong>eiusque</strong></span> <span class='ocrx_word' id='word_1_170' title='bbox 1062 2194 1193 2280; x_wconf 90' lang='lat' dir='ltr'><strong>spiritum</strong></span> <span class='ocrx_word' id='word_1_171' title='bbox 1216 2216 1284 2257; x_wconf 90' lang='lat' dir='ltr'><strong>san-</strong></span> 
     </span>
     <span class='ocr_line' id='line_1_20' title="bbox 131 2298 1281 2383; baseline -0.005 -18"><span class='ocrx_word' id='word_1_172' title='bbox 131 2314 220 2379; x_wconf 90' lang='lat' dir='ltr'><strong>etum,</strong></span> <span class='ocrx_word' id='word_1_173' title='bbox 246 2301 281 2363; x_wconf 89' lang='lat' dir='ltr'><strong>ad</strong></span> <span class='ocrx_word' id='word_1_174' title='bbox 298 2321 398 2363; x_wconf 89' lang='lat' dir='ltr'><strong>eorum</strong></span> <span class='ocrx_word' id='word_1_175' title='bbox 417 2298 550 2362; x_wconf 84' lang='lat' dir='ltr'><strong>similiter</strong></span> <span class='ocrx_word' id='word_1_176' title='bbox 568 2298 693 2362; x_wconf 83' lang='lat' dir='ltr'><strong>salutem</strong></span> <span class='ocrx_word' id='word_1_177' title='bbox 709 2298 756 2383; x_wconf 89' lang='lat' dir='ltr'><strong>qui</strong></span> <span class='ocrx_word' id='word_1_178' title='bbox 773 2300 808 2362; x_wconf 89' lang='lat' dir='ltr'><strong>ad</strong></span> <span class='ocrx_word' id='word_1_179' title='bbox 827 2298 919 2381; x_wconf 90' lang='lat' dir='ltr'><strong>ipsius</strong></span> <span class='ocrx_word' id='word_1_180' title='bbox 933 2299 1064 2361; x_wconf 88' lang='lat' dir='ltr'><strong>notitiam</strong></span> <span class='ocrx_word' id='word_1_181' title='bbox 1081 2298 1281 2383; x_wconf 87' lang='lat' dir='ltr'><strong>pervenirent.</strong></span> 
     </span>
     <span class='ocr_line' id='line_1_21' title="bbox 131 2401 1284 2487; baseline -0.004 -20"><span class='ocrx_word' id='word_1_182' title='bbox 131 2403 265 2468; x_wconf 86' lang='lat' dir='ltr'><strong>Eundem</strong></span> <span class='ocrx_word' id='word_1_183' title='bbox 285 2423 372 2487; x_wconf 90' lang='lat' dir='ltr'><strong>porro</strong></span> <span class='ocrx_word' id='word_1_184' title='bbox 392 2422 449 2464; x_wconf 83' lang='lat' dir='ltr'><strong>nora</strong></span> <span class='ocrx_word' id='word_1_185' title='bbox 468 2401 566 2486; x_wconf 90' lang='lat' dir='ltr'><strong>specie</strong></span> <span class='ocrx_word' id='word_1_186' title='bbox 588 2403 759 2487; x_wconf 86' lang='lat' dir='ltr'><strong>apparuisse</strong></span> <span class='ocrx_word' id='word_1_187' title='bbox 776 2401 856 2479; x_wconf 84' lang='lat' dir='ltr'><strong>sola,</strong></span> <span class='ocrx_word' id='word_1_188' title='bbox 881 2402 932 2464; x_wconf 87' lang='lat' dir='ltr'><strong>scd</strong></span> <span class='ocrx_word' id='word_1_189' title='bbox 951 2422 1055 2465; x_wconf 89' lang='lat' dir='ltr'><strong>revera</strong></span> <span class='ocrx_word' id='word_1_190' title='bbox 1071 2422 1190 2464; x_wconf 85' lang='lat' dir='ltr'><strong>earnem</strong></span> <span class='ocrx_word' id='word_1_191' title='bbox 1206 2422 1284 2463; x_wconf 91' lang='lat' dir='ltr'><strong>sum-</strong></span> 
     </span>
     <span class='ocr_line' id='line_1_22' title="bbox 132 2501 1282 2593; baseline -0.004 -23"><span class='ocrx_word' id='word_1_192' title='bbox 132 2507 244 2593; x_wconf 91' lang='lat' dir='ltr'><strong>psisse,</strong></span> <span class='ocrx_word' id='word_1_193' title='bbox 268 2527 326 2568; x_wconf 92' lang='lat' dir='ltr'><strong>non</strong></span> <span class='ocrx_word' id='word_1_194' title='bbox 345 2505 380 2567; x_wconf 91' lang='lat' dir='ltr'><strong>de</strong></span> <span class='ocrx_word' id='word_1_195' title='bbox 398 2501 495 2567; x_wconf 87' lang='lat' dir='ltr'><strong>Maria</strong></span> <span class='ocrx_word' id='word_1_196' title='bbox 513 2514 610 2567; x_wconf 90' lang='lat' dir='ltr'><strong>tamen</strong></span> <span class='ocrx_word' id='word_1_197' title='bbox 629 2504 744 2590; x_wconf 76' lang='lat' dir='ltr'><strong>virgine</strong></span> <span class='ocrx_word' id='word_1_198' title='bbox 768 2504 844 2568; x_wconf 90' lang='lat' dir='ltr'><strong>iffam</strong></span> <span class='ocrx_word' id='word_1_199' title='bbox 867 2503 1068 2588; x_wconf 82' lang='lat' dir='ltr'><strong>expressisse,</strong></span> <span class='ocrx_word' id='word_1_200' title='bbox 1092 2504 1144 2567; x_wconf 86' lang='lat' dir='ltr'><strong>sed</strong></span> <span class='ocrx_word' id='word_1_201' title='bbox 1168 2504 1282 2567; x_wconf 86' lang='lat' dir='ltr'><strong>tametsi</strong></span> 
     </span>
     <span class='ocr_line' id='line_1_23' title="bbox 133 2605 1283 2691; baseline -0.006 -17"><span class='ocrx_word' id='word_1_202' title='bbox 133 2630 202 2674; x_wconf 89' lang='lat' dir='ltr'><strong>vera</strong></span> <span class='ocrx_word' id='word_1_203' title='bbox 221 2629 310 2671; x_wconf 88' lang='lat' dir='ltr'><strong>carne</strong></span> <span class='ocrx_word' id='word_1_204' title='bbox 331 2628 366 2670; x_wconf 91' lang='lat' dir='ltr'><strong>ac</strong></span> <span class='ocrx_word' id='word_1_205' title='bbox 383 2627 506 2690; x_wconf 90' lang='lat' dir='ltr'><strong>corpore</strong></span> <span class='ocrx_word' id='word_1_206' title='bbox 525 2618 605 2671; x_wconf 87' lang='lat' dir='ltr'><strong>esset</strong></span> <span class='ocrx_word' id='word_1_207' title='bbox 621 2609 785 2691; x_wconf 86' lang='lat' dir='ltr'><strong>praeditus,</strong></span> <span class='ocrx_word' id='word_1_208' title='bbox 810 2628 903 2691; x_wconf 93' lang='lat' dir='ltr'><strong>neque</strong></span> <span class='ocrx_word' id='word_1_209' title='bbox 923 2627 963 2669; x_wconf 81' lang='lat' dir='ltr'><strong>es</strong></span> <span class='ocrx_word' id='word_1_210' title='bbox 979 2606 1055 2669; x_wconf 87' lang='lat' dir='ltr'><strong>virifi</strong></span> <span class='ocrx_word' id='word_1_211' title='bbox 1076 2605 1207 2684; x_wconf 88' lang='lat' dir='ltr'><strong>semine,</strong></span> <span class='ocrx_word' id='word_1_212' title='bbox 1232 2626 1283 2668; x_wconf 91' lang='lat' dir='ltr'><strong>ne-</strong></span> 
     </span>
     <span class='ocr_line' id='line_1_24' title="bbox 132 2709 1283 2796; baseline -0.005 -20"><span class='ocrx_word' id='word_1_213' title='bbox 132 2734 187 2796; x_wconf 90' lang='lat' dir='ltr'><strong>que</strong></span> <span class='ocrx_word' id='word_1_214' title='bbox 205 2731 244 2774; x_wconf 85' lang='lat' dir='ltr'><strong>ex</strong></span> <span class='ocrx_word' id='word_1_215' title='bbox 262 2711 383 2774; x_wconf 87' lang='lat' dir='ltr'><strong>muliere</strong></span> <span class='ocrx_word' id='word_1_216' title='bbox 405 2709 520 2792; x_wconf 78' lang='lat' dir='ltr'><strong>virgine</strong></span> <span class='ocrx_word' id='word_1_217' title='bbox 543 2709 599 2772; x_wconf 91' lang='lat' dir='ltr'><strong>sibi</strong></span> <span class='ocrx_word' id='word_1_218' title='bbox 621 2710 690 2774; x_wconf 93' lang='lat' dir='ltr'><strong>ilfud</strong></span> <span class='ocrx_word' id='word_1_219' title='bbox 709 2710 871 2789; x_wconf 82' lang='lat' dir='ltr'><strong>ascivisse,</strong></span> <span class='ocrx_word' id='word_1_220' title='bbox 895 2711 947 2772; x_wconf 91' lang='lat' dir='ltr'><strong>sed</strong></span> <span class='ocrx_word' id='word_1_221' title='bbox 964 2730 1062 2773; x_wconf 87' lang='lat' dir='ltr'><strong>veram</strong></span> <span class='ocrx_word' id='word_1_222' title='bbox 1082 2709 1197 2772; x_wconf 82' lang='lat' dir='ltr'><strong>aliunde</strong></span> <span class='ocrx_word' id='word_1_223' title='bbox 1220 2729 1283 2771; x_wconf 88' lang='lat' dir='ltr'><strong>car-</strong></span> 
     </span>
     <span class='ocr_line' id='line_1_25' title="bbox 131 2808 1281 2898; baseline -0.002 -21"><span class='ocrx_word' id='word_1_224' title='bbox 131 2836 196 2878; x_wconf 90' lang='lat' dir='ltr'><strong>nem</strong></span> <span class='ocrx_word' id='word_1_225' title='bbox 215 2814 269 2878; x_wconf 90' lang='lat' dir='ltr'><strong>sibi</strong></span> <span class='ocrx_word' id='word_1_226' title='bbox 284 2833 480 2898; x_wconf 88' lang='lat' dir='ltr'><strong>comparasse.</strong></span> <span class='ocrx_word' id='word_1_227' title='bbox 513 2809 601 2895; x_wconf 77' lang='lat' dir='ltr'><strong>Quod</strong></span> <span class='ocrx_word' id='word_1_228' title='bbox 617 2813 731 2896; x_wconf 87' lang='lat' dir='ltr'><strong>quidem</strong></span> <span class='ocrx_word' id='word_1_229' title='bbox 747 2813 822 2877; x_wconf 94' lang='lat' dir='ltr'><strong>hunc</strong></span> <span class='ocrx_word' id='word_1_230' title='bbox 838 2814 866 2876; x_wconf 94' lang='lat' dir='ltr'><strong>in</strong></span> <span class='ocrx_word' id='word_1_231' title='bbox 885 2814 999 2876; x_wconf 92' lang='lat' dir='ltr'><strong>modum</strong></span> <span class='ocrx_word' id='word_1_232' title='bbox 1018 2813 1157 2897; x_wconf 86' lang='lat' dir='ltr'><strong>explieat.</strong></span> <span class='ocrx_word' id='word_1_233' title='bbox 1191 2808 1281 2890; x_wconf 86' lang='lat' dir='ltr'><strong>Cum,</strong></span> 
     </span>
     <span class='ocr_line' id='line_1_26' title="bbox 130 2915 1282 3002; baseline -0.002 -23"><span class='ocrx_word' id='word_1_234' title='bbox 130 2917 235 3001; x_wconf 89' lang='lat' dir='ltr'><strong>inquit,</strong></span> <span class='ocrx_word' id='word_1_235' title='bbox 259 2937 275 2978; x_wconf 95' lang='lat' dir='ltr'><strong>e</strong></span> <span class='ocrx_word' id='word_1_236' title='bbox 292 2916 375 2980; x_wconf 91' lang='lat' dir='ltr'><strong>coelo</strong></span> <span class='ocrx_word' id='word_1_237' title='bbox 392 2915 528 3000; x_wconf 85' lang='lat' dir='ltr'><strong>delapsos</strong></span> <span class='ocrx_word' id='word_1_238' title='bbox 542 2926 623 2979; x_wconf 87' lang='lat' dir='ltr'><strong>esset</strong></span> <span class='ocrx_word' id='word_1_239' title='bbox 638 2916 667 2979; x_wconf 90' lang='lat' dir='ltr'><strong>in</strong></span> <span class='ocrx_word' id='word_1_240' title='bbox 685 2927 805 2995; x_wconf 89' lang='lat' dir='ltr'><strong>terram,</strong></span> <span class='ocrx_word' id='word_1_241' title='bbox 830 2938 935 3002; x_wconf 88' lang='lat' dir='ltr'><strong>eorpus</strong></span> <span class='ocrx_word' id='word_1_242' title='bbox 951 2916 1006 2979; x_wconf 88' lang='lat' dir='ltr'><strong>sibi</strong></span> <span class='ocrx_word' id='word_1_243' title='bbox 1024 2926 1149 2999; x_wconf 88' lang='lat' dir='ltr'><strong>quatuor</strong></span> <span class='ocrx_word' id='word_1_244' title='bbox 1165 2935 1204 2979; x_wconf 83' lang='lat' dir='ltr'><strong>ex</strong></span> <span class='ocrx_word' id='word_1_245' title='bbox 1222 2915 1282 2978; x_wconf 91' lang='lat' dir='ltr'><strong>efe-</strong></span> 
     </span>
     <span class='ocr_line' id='line_1_27' title="bbox 130 3015 1282 3096; baseline -0.002 -14"><span class='ocrx_word' id='word_1_246' title='bbox 130 3022 236 3083; x_wconf 87' lang='lat' dir='ltr'><strong>mcntis</strong></span> <span class='ocrx_word' id='word_1_247' title='bbox 254 3018 375 3082; x_wconf 82' lang='lat' dir='ltr'><strong>effinxit.</strong></span> <span class='ocrx_word' id='word_1_248' title='bbox 420 3015 532 3082; x_wconf 89' lang='lat' dir='ltr'><strong>Verum</strong></span> <span class='ocrx_word' id='word_1_249' title='bbox 550 3039 647 3082; x_wconf 90' lang='lat' dir='ltr'><strong>nonne</strong></span> <span class='ocrx_word' id='word_1_250' title='bbox 665 3019 700 3082; x_wconf 92' lang='lat' dir='ltr'><strong>ad</strong></span> <span class='ocrx_word' id='word_1_251' title='bbox 716 3018 744 3081; x_wconf 92' lang='lat' dir='ltr'><strong>id</strong></span> <span class='ocrx_word' id='word_1_252' title='bbox 761 3019 849 3083; x_wconf 88' lang='lat' dir='ltr'><strong>etiam</strong></span> <span class='ocrx_word' id='word_1_253' title='bbox 868 3019 1007 3083; x_wconf 89' lang='lat' dir='ltr'><strong>festinare</strong></span> <span class='ocrx_word' id='word_1_254' title='bbox 1025 3020 1142 3083; x_wconf 91' lang='lat' dir='ltr'><strong>videtur</strong></span> <span class='ocrx_word' id='word_1_255' title='bbox 1156 3018 1225 3096; x_wconf 91' lang='lat' dir='ltr'><strong>iste,</strong></span> <span class='ocrx_word' id='word_1_256' title='bbox 1251 3029 1282 3080; x_wconf 90' lang='lat' dir='ltr'><strong>ut</strong></span> 
     </span>
     <span class='ocr_line' id='line_1_28' title="bbox 129 3120 1279 3207; baseline -0.002 -23"><span class='ocrx_word' id='word_1_257' title='bbox 129 3121 218 3207; x_wconf 90' lang='lat' dir='ltr'><strong>impia</strong></span> <span class='ocrx_word' id='word_1_258' title='bbox 238 3121 302 3186; x_wconf 88' lang='lat' dir='ltr'><strong>eius</strong></span> <span class='ocrx_word' id='word_1_259' title='bbox 324 3120 525 3204; x_wconf 83' lang='lat' dir='ltr'><strong>scelerataque</strong></span> <span class='ocrx_word' id='word_1_260' title='bbox 546 3121 693 3184; x_wconf 82' lang='lat' dir='ltr'><strong>sententia</strong></span> <span class='ocrx_word' id='word_1_261' title='bbox 713 3122 749 3185; x_wconf 92' lang='lat' dir='ltr'><strong>ad</strong></span> <span class='ocrx_word' id='word_1_262' title='bbox 766 3133 898 3185; x_wconf 82' lang='lat' dir='ltr'><strong>veterum</strong></span> <span class='ocrx_word' id='word_1_263' title='bbox 922 3130 1074 3207; x_wconf 67' lang='lat' dir='ltr'><strong>poetarum</strong></span> <span class='ocrx_word' id='word_1_264' title='bbox 1098 3120 1279 3186; x_wconf 89' lang='lat' dir='ltr'><strong>Graecorum</strong></span> 
     </span>
     <span class='ocr_line' id='line_1_29' title="bbox 130 3222 1278 3308; baseline -0.002 -21"><span class='ocrx_word' id='word_1_265' title='bbox 130 3222 242 3287; x_wconf 88' lang='lat' dir='ltr'><strong>somnia</strong></span> <span class='ocrx_word' id='word_1_266' title='bbox 259 3245 293 3286; x_wconf 91' lang='lat' dir='ltr'><strong>ae</strong></span> <span class='ocrx_word' id='word_1_267' title='bbox 308 3245 401 3308; x_wconf 84' lang='lat' dir='ltr'><strong>nugas</strong></span> <span class='ocrx_word' id='word_1_268' title='bbox 416 3222 605 3287; x_wconf 85' lang='lat' dir='ltr'><strong>adscribenda</strong></span> <span class='ocrx_word' id='word_1_269' title='bbox 622 3224 775 3288; x_wconf 80' lang='lat' dir='ltr'><strong>videatur?</strong></span> <span class='ocrx_word' id='word_1_270' title='bbox 803 3222 914 3288; x_wconf 87' lang='lat' dir='ltr'><strong>Eadem</strong></span> <span class='ocrx_word' id='word_1_271' title='bbox 932 3225 1008 3287; x_wconf 83' lang='lat' dir='ltr'><strong>enirn</strong></span> <span class='ocrx_word' id='word_1_272' title='bbox 1028 3226 1112 3307; x_wconf 90' lang='lat' dir='ltr'><strong>pfane</strong></span> <span class='ocrx_word' id='word_1_273' title='bbox 1129 3246 1192 3287; x_wconf 93' lang='lat' dir='ltr'><strong>cum</strong></span> <span class='ocrx_word' id='word_1_274' title='bbox 1210 3223 1278 3301; x_wconf 90' lang='lat' dir='ltr'><strong>iffis,</strong></span> 
     </span>
     <span class='ocr_line' id='line_1_30' title="bbox 116 3322 1281 3412; baseline -0.002 -22"><span class='ocrx_word' id='word_1_275' title='bbox 116 3349 164 3397; x_wconf 86' lang='lat' dir='ltr'><strong>¹ac</strong></span> <span class='ocrx_word' id='word_1_276' title='bbox 185 3327 277 3411; x_wconf 85' lang='lat' dir='ltr'><strong>magis</strong></span> <span class='ocrx_word' id='word_1_277' title='bbox 299 3327 386 3390; x_wconf 85' lang='lat' dir='ltr'><strong>etiam</strong></span> <span class='ocrx_word' id='word_1_278' title='bbox 410 3326 549 3406; x_wconf 89' lang='lat' dir='ltr'><strong>ridicula,</strong></span> <span class='ocrx_word' id='word_1_279' title='bbox 574 3326 725 3411; x_wconf 88' lang='lat' dir='ltr'><strong>proponit,</strong></span> <span class='ocrx_word' id='word_1_280' title='bbox 751 3322 900 3390; x_wconf 84' lang='lat' dir='ltr'><strong>Christum</strong></span> <span class='ocrx_word' id='word_1_281' title='bbox 926 3326 1099 3412; x_wconf 87' lang='lat' dir='ltr'><strong>sibimetipsi</strong></span> <span class='ocrx_word' id='word_1_282' title='bbox 1123 3326 1281 3390; x_wconf 80' lang='lat' dir='ltr'><strong>fabricasse</strong></span> 
     </span>
     <span class='ocr_line' id='line_1_31' title="bbox 130 3427 1280 3514; baseline -0.001 -22"><span class='ocrx_word' id='word_1_283' title='bbox 130 3451 247 3514; x_wconf 90' lang='lat' dir='ltr'><strong>corpus.</strong></span> <span class='ocrx_word' id='word_1_284' title='bbox 295 3427 338 3493; x_wconf 79' lang='lat' dir='ltr'><strong>fta</strong></span> <span class='ocrx_word' id='word_1_285' title='bbox 355 3450 373 3494; x_wconf 89' lang='lat' dir='ltr'><strong>e</strong></span> <span class='ocrx_word' id='word_1_286' title='bbox 390 3429 469 3492; x_wconf 89' lang='lat' dir='ltr'><strong>sicco</strong></span> <span class='ocrx_word' id='word_1_287' title='bbox 488 3429 596 3493; x_wconf 89' lang='lat' dir='ltr'><strong>siccum</strong></span> <span class='ocrx_word' id='word_1_288' title='bbox 623 3429 789 3514; x_wconf 83' lang='lat' dir='ltr'><strong>expressit,</strong></span> <span class='ocrx_word' id='word_1_289' title='bbox 813 3451 830 3493; x_wconf 92' lang='lat' dir='ltr'><strong>e</strong></span> <span class='ocrx_word' id='word_1_290' title='bbox 852 3430 949 3492; x_wconf 88' lang='lat' dir='ltr'><strong>cafore</strong></span> <span class='ocrx_word' id='word_1_291' title='bbox 969 3429 1109 3506; x_wconf 83' lang='lat' dir='ltr'><strong>calidum,</strong></span> <span class='ocrx_word' id='word_1_292' title='bbox 1134 3427 1280 3491; x_wconf 91' lang='lat' dir='ltr'><strong>bumidum</strong></span> 
     </span>
     <span class='ocr_line' id='line_1_32' title="bbox 129 3529 1281 3616; baseline -0.003 -19"><span class='ocrx_word' id='word_1_293' title='bbox 129 3553 170 3597; x_wconf 81' lang='lat' dir='ltr'><strong>ex</strong></span> <span class='ocrx_word' id='word_1_294' title='bbox 191 3532 329 3612; x_wconf 91' lang='lat' dir='ltr'><strong>humore,</strong></span> <span class='ocrx_word' id='word_1_295' title='bbox 363 3553 379 3594; x_wconf 91' lang='lat' dir='ltr'><strong>e</strong></span> <span class='ocrx_word' id='word_1_296' title='bbox 406 3532 516 3616; x_wconf 80' lang='lat' dir='ltr'><strong>frigore</strong></span> <span class='ocrx_word' id='word_1_297' title='bbox 546 3531 692 3615; x_wconf 85' lang='lat' dir='ltr'><strong>frigidum.</strong></span> <span class='ocrx_word' id='word_1_298' title='bbox 738 3529 764 3594; x_wconf 88' lang='lat' dir='ltr'><strong>E</strong></span> <span class='ocrx_word' id='word_1_299' title='bbox 791 3531 894 3615; x_wconf 90' lang='lat' dir='ltr'><strong>quibus</strong></span> <span class='ocrx_word' id='word_1_300' title='bbox 921 3532 1054 3595; x_wconf 90' lang='lat' dir='ltr'><strong>omnibus</strong></span> <span class='ocrx_word' id='word_1_301' title='bbox 1079 3533 1202 3594; x_wconf 90' lang='lat' dir='ltr'><strong>formato</strong></span> <span class='ocrx_word' id='word_1_302' title='bbox 1225 3531 1281 3595; x_wconf 89' lang='lat' dir='ltr'><strong>sibi</strong></span> 
     </span>
     <span class='ocr_line' id='line_1_33' title="bbox 129 3634 1280 3721; baseline -0.001 -23"><span class='ocrx_word' id='word_1_303' title='bbox 129 3657 269 3721; x_wconf 90' lang='lat' dir='ltr'><strong>corpore,</strong></span> <span class='ocrx_word' id='word_1_304' title='bbox 295 3635 411 3699; x_wconf 81' lang='lat' dir='ltr'><strong>veroin</strong></span> <span class='ocrx_word' id='word_1_305' title='bbox 430 3645 507 3697; x_wconf 89' lang='lat' dir='ltr'><strong>terra</strong></span> <span class='ocrx_word' id='word_1_306' title='bbox 524 3635 605 3697; x_wconf 87' lang='lat' dir='ltr'><strong>visus</strong></span> <span class='ocrx_word' id='word_1_307' title='bbox 627 3645 688 3714; x_wconf 91' lang='lat' dir='ltr'><strong>est,</strong></span> <span class='ocrx_word' id='word_1_308' title='bbox 713 3656 747 3697; x_wconf 88' lang='lat' dir='ltr'><strong>ae</strong></span> <span class='ocrx_word' id='word_1_309' title='bbox 767 3634 938 3699; x_wconf 83' lang='lat' dir='ltr'><strong>coetestimn</strong></span> <span class='ocrx_word' id='word_1_310' title='bbox 961 3655 1058 3698; x_wconf 88' lang='lat' dir='ltr'><strong>rernm</strong></span> <span class='ocrx_word' id='word_1_311' title='bbox 1076 3634 1161 3698; x_wconf 86' lang='lat' dir='ltr'><strong>uobis</strong></span> <span class='ocrx_word' id='word_1_312' title='bbox 1184 3635 1280 3697; x_wconf 90' lang='lat' dir='ltr'><strong>scien·</strong></span> 
     </span>
     <span class='ocr_line' id='line_1_34' title="bbox 129 3737 1280 3824; baseline -0.001 -24"><span class='ocrx_word' id='word_1_313' title='bbox 129 3738 197 3800; x_wconf 90' lang='lat' dir='ltr'><strong>tiam</strong></span> <span class='ocrx_word' id='word_1_314' title='bbox 218 3738 401 3822; x_wconf 89' lang='lat' dir='ltr'><strong>importavit,</strong></span> <span class='ocrx_word' id='word_1_315' title='bbox 426 3749 504 3801; x_wconf 89' lang='lat' dir='ltr'><strong>utet</strong></span> <span class='ocrx_word' id='word_1_316' title='bbox 523 3738 702 3801; x_wconf 88' lang='lat' dir='ltr'><strong>conditorem</strong></span> <span class='ocrx_word' id='word_1_317' title='bbox 727 3757 967 3824; x_wconf 87' lang='lat' dir='ltr'><strong>aspernaremur,</strong></span> <span class='ocrx_word' id='word_1_318' title='bbox 992 3748 1020 3801; x_wconf 93' lang='lat' dir='ltr'><strong>et</strong></span> <span class='ocrx_word' id='word_1_319' title='bbox 1039 3738 1102 3800; x_wconf 89' lang='lat' dir='ltr'><strong>cius</strong></span> <span class='ocrx_word' id='word_1_320' title='bbox 1119 3737 1280 3822; x_wconf 84' lang='lat' dir='ltr'><strong>abnegare-</strong></span> 
     </span>
     <span class='ocr_line' id='line_1_35' title="bbox 129 3839 1278 3926; baseline -0.003 -22"><span class='ocrx_word' id='word_1_321' title='bbox 129 3863 192 3904; x_wconf 90' lang='lat' dir='ltr'><strong>mus</strong></span> <span class='ocrx_word' id='word_1_322' title='bbox 219 3861 325 3926; x_wconf 90' lang='lat' dir='ltr'><strong>opera,</strong></span> <span class='ocrx_word' id='word_1_323' title='bbox 348 3841 389 3904; x_wconf 87' lang='lat' dir='ltr'><strong>ita</strong></span> <span class='ocrx_word' id='word_1_324' title='bbox 409 3851 440 3903; x_wconf 93' lang='lat' dir='ltr'><strong>ut</strong></span> <span class='ocrx_word' id='word_1_325' title='bbox 459 3839 543 3903; x_wconf 63' lang='lat' dir='ltr'><strong>nobb</strong></span> <span class='ocrx_word' id='word_1_326' title='bbox 568 3839 636 3903; x_wconf 91' lang='lat' dir='ltr'><strong>illud</strong></span> <span class='ocrx_word' id='word_1_327' title='bbox 660 3840 820 3920; x_wconf 90' lang='lat' dir='ltr'><strong>indicaret,</strong></span> <span class='ocrx_word' id='word_1_328' title='bbox 850 3862 992 3924; x_wconf 88' lang='lat' dir='ltr'><strong>quaenam</strong></span> <span class='ocrx_word' id='word_1_329' title='bbox 1017 3840 1048 3904; x_wconf 91' lang='lat' dir='ltr'><strong>in</strong></span> <span class='ocrx_word' id='word_1_330' title='bbox 1071 3841 1163 3905; x_wconf 91' lang='lat' dir='ltr'><strong>sacris</strong></span> <span class='ocrx_word' id='word_1_331' title='bbox 1187 3839 1278 3903; x_wconf 89' lang='lat' dir='ltr'><strong>fiteris</strong></span> 
     </span>
     <span class='ocr_line' id='line_1_36' title="bbox 128 3940 1275 4030; baseline 0 -24"><span class='ocrx_word' id='word_1_332' title='bbox 128 3945 175 4008; x_wconf 92' lang='lat' dir='ltr'><strong>vel</strong></span> <span class='ocrx_word' id='word_1_333' title='bbox 188 3965 206 4007; x_wconf 90' lang='lat' dir='ltr'><strong>a</strong></span> <span class='ocrx_word' id='word_1_334' title='bbox 220 3964 253 4007; x_wconf 89' lang='lat' dir='ltr'><strong>se</strong></span> <span class='ocrx_word' id='word_1_335' title='bbox 270 3944 334 4028; x_wconf 87' lang='lat' dir='ltr'><strong>ipso</strong></span> <span class='ocrx_word' id='word_1_336' title='bbox 350 3943 535 4030; x_wconf 88' lang='lat' dir='ltr'><strong>pronuntiata</strong></span> <span class='ocrx_word' id='word_1_337' title='bbox 549 3943 657 4023; x_wconf 90' lang='lat' dir='ltr'><strong>forent,</strong></span> <span class='ocrx_word' id='word_1_338' title='bbox 678 3944 726 4008; x_wconf 90' lang='lat' dir='ltr'><strong>vel</strong></span> <span class='ocrx_word' id='word_1_339' title='bbox 739 3965 756 4006; x_wconf 91' lang='lat' dir='ltr'><strong>a</strong></span> <span class='ocrx_word' id='word_1_340' title='bbox 773 3940 935 4008; x_wconf 69' lang='lat' dir='ltr'><strong>(funditore</strong></span> <span class='ocrx_word' id='word_1_341' title='bbox 949 3944 1072 4027; x_wconf 89' lang='lat' dir='ltr'><strong>profata.</strong></span> <span class='ocrx_word' id='word_1_342' title='bbox 1120 3940 1171 4006; x_wconf 91' lang='lat' dir='ltr'><strong>Sic</strong></span> <span class='ocrx_word' id='word_1_343' title='bbox 1186 3944 1275 4021; x_wconf 91' lang='lat' dir='ltr'><strong>enim,</strong></span> 
     </span>
     <span class='ocr_line' id='line_1_37' title="bbox 127 4045 1276 4130; baseline -0.001 -21"><span class='ocrx_word' id='word_1_344' title='bbox 127 4047 183 4126; x_wconf 90' lang='lat' dir='ltr'><strong>ait,</strong></span> <span class='ocrx_word' id='word_1_345' title='bbox 214 4046 243 4110; x_wconf 94' lang='lat' dir='ltr'><strong>iu</strong></span> <span class='ocrx_word' id='word_1_346' title='bbox 273 4046 426 4130; x_wconf 83' lang='lat' dir='ltr'><strong>evangelio</strong></span> <span class='ocrx_word' id='word_1_347' title='bbox 453 4045 545 4109; x_wconf 85' lang='lat' dir='ltr'><strong>dixit:</strong></span> <span class='ocrx_word' id='word_1_348' title='bbox 579 4051 679 4109; x_wconf 78' lang='lat' dir='ltr'><strong>Estote</strong></span> <span class='ocrx_word' id='word_1_349' title='bbox 701 4049 789 4128; x_wconf 86' lang='lat' dir='ltr'><strong>prodi</strong></span> <span class='ocrx_word' id='word_1_350' title='bbox 808 4052 978 4128; x_wconf 71' lang='lat' dir='ltr'><strong>argentarii.</strong></span> <span class='ocrx_word' id='word_1_351' title='bbox 1030 4045 1141 4125; x_wconf 88' lang='lat' dir='ltr'><strong>Utere,</strong></span> <span class='ocrx_word' id='word_1_352' title='bbox 1171 4046 1276 4130; x_wconf 85' lang='lat' dir='ltr'><strong>inquit,</strong></span> 
     </span>
     <span class='ocr_line' id='line_1_38' title="bbox 128 4145 1275 4235; baseline 0.003 -23"><span class='ocrx_word' id='word_1_353' title='bbox 128 4149 278 4227; x_wconf 88' lang='lat' dir='ltr'><strong>omnibus,</strong></span> <span class='ocrx_word' id='word_1_354' title='bbox 309 4162 349 4212; x_wconf 78' lang='lat' dir='ltr'><strong>&#39;ex</strong></span> <span class='ocrx_word' id='word_1_355' title='bbox 374 4147 520 4234; x_wconf 85' lang='lat' dir='ltr'><strong>scriptura</strong></span> <span class='ocrx_word' id='word_1_356' title='bbox 546 4150 650 4233; x_wconf 88' lang='lat' dir='ltr'><strong>quavis</strong></span> <span class='ocrx_word' id='word_1_357' title='bbox 675 4149 756 4212; x_wconf 93' lang='lat' dir='ltr'><strong>utilia</strong></span> <span class='ocrx_word' id='word_1_358' title='bbox 776 4150 918 4235; x_wconf 87' lang='lat' dir='ltr'><strong>seligens.</strong></span> <span class='ocrx_word' id='word_1_359' title='bbox 965 4146 1095 4227; x_wconf 86' lang='lat' dir='ltr'><strong>Deinde,</strong></span> <span class='ocrx_word' id='word_1_360' title='bbox 1127 4145 1275 4228; x_wconf 88' lang='lat' dir='ltr'><strong>Christus,</strong></span> 
     </span>
     <span class='ocr_line' id='line_1_39' title="bbox 127 4248 1276 4337; baseline 0.002 -23"><span class='ocrx_word' id='word_1_361' title='bbox 127 4251 185 4332; x_wconf 89' lang='lat' dir='ltr'><strong>ait,</strong></span> <span class='ocrx_word' id='word_1_362' title='bbox 209 4253 396 4337; x_wconf 91' lang='lat' dir='ltr'><strong>semetipsum</strong></span> <span class='ocrx_word' id='word_1_363' title='bbox 412 4252 441 4315; x_wconf 93' lang='lat' dir='ltr'><strong>in</strong></span> <span class='ocrx_word' id='word_1_364' title='bbox 459 4272 582 4337; x_wconf 90' lang='lat' dir='ltr'><strong>corpore</strong></span> <span class='ocrx_word' id='word_1_365' title='bbox 599 4252 633 4315; x_wconf 92' lang='lat' dir='ltr'><strong>ad</strong></span> <span class='ocrx_word' id='word_1_366' title='bbox 651 4251 817 4337; x_wconf 89' lang='lat' dir='ltr'><strong>patiendum</strong></span> <span class='ocrx_word' id='word_1_367' title='bbox 834 4248 1004 4337; x_wconf 75' lang='lat' dir='ltr'><strong>&#39;supplicium</strong></span> <span class='ocrx_word' id='word_1_368' title='bbox 1028 4252 1149 4332; x_wconf 89' lang='lat' dir='ltr'><strong>obtulit,</strong></span> <span class='ocrx_word' id='word_1_369' title='bbox 1173 4275 1207 4317; x_wconf 91' lang='lat' dir='ltr'><strong>ac</strong></span> <span class='ocrx_word' id='word_1_370' title='bbox 1229 4273 1276 4317; x_wconf 91' lang='lat' dir='ltr'><strong>re-</strong></span> 
     </span>
    </p>
   </div>
   <div class='ocr_carea' id='block_1_3' title="bbox 125 4385 1276 4665">
    <p class='ocr_par' dir='ltr' id='par_1_5' title="bbox 125 4385 1276 4665">
     <span class='ocr_line' id='line_1_40' title="bbox 159 4385 1275 4461; baseline 0.002 -19"><span class='ocrx_word' id='word_1_371' title='bbox 159 4387 184 4442; x_wconf 80' lang='lat'><strong>3.</strong></span> <span class='ocrx_word' id='word_1_372' title='bbox 202 4385 417 4455; x_wconf 73' lang='grc' dir='ltr'><strong>προςγινώσκοντα</strong></span> <span class='ocrx_word' id='word_1_373' title='bbox 432 4391 500 4440; x_wconf 77' lang='lat' dir='ltr'><strong>tuuc</strong></span> <span class='ocrx_word' id='word_1_374' title='bbox 513 4391 564 4439; x_wconf 86' lang='lat' dir='ltr'><strong>cod.</strong></span> <span class='ocrx_word' id='word_1_375' title='bbox 579 4391 653 4440; x_wconf 76' lang='lat' dir='ltr'><strong>fatte.</strong></span> <span class='ocrx_word' id='word_1_376' title='bbox 719 4394 784 4454; x_wconf 83' lang='lat' dir='ltr'><strong>tepc,</strong></span> <span class='ocrx_word' id='word_1_377' title='bbox 808 4393 843 4440; x_wconf 80' lang='lat' dir='ltr'><strong>uti</strong></span> <span class='ocrx_word' id='word_1_378' title='bbox 865 4392 938 4440; x_wconf 83' lang='lat' dir='ltr'><strong>edtdtt</strong></span> <span class='ocrx_word' id='word_1_379' title='bbox 955 4393 1080 4453; x_wconf 78' lang='lat' dir='ltr'><strong>Petreius,</strong></span> <span class='ocrx_word' id='word_1_380' title='bbox 1105 4393 1146 4441; x_wconf 82' lang='lat' dir='ltr'><strong>aed</strong></span> <span class='ocrx_word' id='word_1_381' title='bbox 1166 4385 1275 4461; x_wconf 77' lang='grc' dir='ltr'>ἀποβησ,</span> 
     </span>
     <span class='ocr_line' id='line_1_41' title="bbox 160 4453 1276 4530; baseline 0.003 -21"><span class='ocrx_word' id='word_1_382' title='bbox 160 4454 183 4508; x_wconf 77' lang='lat' dir='ltr'><strong>d.</strong></span> <span class='ocrx_word' id='word_1_383' title='bbox 201 4460 229 4509; x_wconf 86' lang='lat' dir='ltr'><strong>fa</strong></span> <span class='ocrx_word' id='word_1_384' title='bbox 243 4461 342 4522; x_wconf 77' lang='lat' dir='ltr'><strong>ccempft</strong></span> <span class='ocrx_word' id='word_1_385' title='bbox 357 4460 485 4511; x_wconf 83' lang='lat' dir='ltr'><strong>Scbctticni</strong></span> <span class='ocrx_word' id='word_1_386' title='bbox 502 4461 625 4521; x_wconf 67' lang='lat' dir='ltr'><strong>muratae,</strong></span> <span class='ocrx_word' id='word_1_387' title='bbox 650 4462 685 4510; x_wconf 82' lang='lat' dir='ltr'><strong>bt·</strong></span> <span class='ocrx_word' id='word_1_388' title='bbox 718 4462 780 4510; x_wconf 85' lang='lat' dir='ltr'><strong>uade</strong></span> <span class='ocrx_word' id='word_1_389' title='bbox 803 4462 893 4510; x_wconf 82' lang='lat' dir='ltr'><strong>restitut</strong></span> <span class='ocrx_word' id='word_1_390' title='bbox 917 4453 1088 4530; x_wconf 76' lang='grc' dir='ltr'>ἀποβήσεται,</span> <span class='ocrx_word' id='word_1_391' title='bbox 1118 4463 1181 4524; x_wconf 81' lang='lat' dir='ltr'><strong>quod</strong></span> <span class='ocrx_word' id='word_1_392' title='bbox 1205 4465 1276 4512; x_wconf 80' lang='lat' dir='ltr'><strong>attam</strong></span> 
     </span>
     <span class='ocr_line' id='line_1_42' title="bbox 126 4527 955 4611; baseline 0.002 -35"><span class='ocrx_word' id='word_1_393' title='bbox 126 4529 244 4611; x_wconf 83' lang='lat' dir='ltr'><strong>bttopepae</strong></span> <span class='ocrx_word' id='word_1_394' title='bbox 263 4529 370 4577; x_wconf 79' lang='lat' dir='ltr'><strong>euttcffa&#39;s</strong></span> <span class='ocrx_word' id='word_1_395' title='bbox 393 4528 517 4590; x_wconf 81' lang='lat' dir='ltr'><strong>paulutum</strong></span> <span class='ocrx_word' id='word_1_396' title='bbox 541 4527 685 4590; x_wconf 81' lang='lat' dir='ltr'><strong>detruncato,</strong></span> <span class='ocrx_word' id='word_1_397' title='bbox 718 4531 830 4580; x_wconf 80' lang='lat' dir='ltr'><strong>sententio</strong></span> <span class='ocrx_word' id='word_1_398' title='bbox 845 4530 955 4590; x_wconf 87' lang='lat' dir='ltr'><strong>postctot.</strong></span> 
     </span>
     <span class='ocr_line' id='line_1_43' title="bbox 125 4594 1200 4665; baseline 0.002 -19"><span class='ocrx_word' id='word_1_399' title='bbox 125 4611 173 4646; x_wconf 84' lang='lat' dir='ltr'><strong>aon</strong></span> <span class='ocrx_word' id='word_1_400' title='bbox 194 4594 278 4665; x_wconf 78' lang='grc' dir='ltr'>απέβη</span> <span class='ocrx_word' id='word_1_401' title='bbox 301 4610 330 4646; x_wconf 80' lang='lat' dir='ltr'><strong>ea</strong></span> <span class='ocrx_word' id='word_1_402' title='bbox 351 4596 401 4646; x_wconf 87' lang='lat' dir='ltr'><strong>cod.</strong></span> <span class='ocrx_word' id='word_1_403' title='bbox 419 4597 531 4646; x_wconf 75' lang='lat' dir='ltr'><strong>Vaticano</strong></span> <span class='ocrx_word' id='word_1_404' title='bbox 547 4600 685 4647; x_wconf 75' lang='lat' dir='ltr'><strong>cnnowtum</strong></span> <span class='ocrx_word' id='word_1_405' title='bbox 732 4597 775 4650; x_wconf 75' lang='lat' dir='ltr'><strong>b.</strong></span> <span class='ocrx_word' id='word_1_406' title='bbox 791 4595 1037 4665; x_wconf 72' lang='grc' dir='ltr'><strong>δεδημιουργημένον</strong></span> <span class='ocrx_word' id='word_1_407' title='bbox 1054 4599 1109 4650; x_wconf 80' lang='lat' dir='ltr'><strong>ecc.</strong></span> <span class='ocrx_word' id='word_1_408' title='bbox 1123 4601 1200 4663; x_wconf 77' lang='lat' dir='ltr'><strong>priate.</strong></span> 
     </span>
    </p>
   </div>
   <div class='ocr_carea' id='block_1_4' title="bbox 0 0 1528 5084">
    <p class='ocr_par' dir='ltr' id='par_1_6' title="bbox 0 0 1528 5084">
     <span class='ocr_line' id='line_1_44' title="bbox 0 0 1528 5084; baseline 0 3"><span class='ocrx_word' id='word_1_409' title='bbox 0 0 1528 5084; x_wconf 95' lang='lat' dir='ltr'><strong> </strong></span> 
     </span>
    </p>
   </div>
  </div>
 </body>
</html>
