3046 5084
171 280 232 343 408
593 288 714 340 ειοοτι
732 287 903 339 mmmm

176 415 456 493 6καθαριθμεῖσθαι
478 415 515 495 τῇ
537 413 647 494 παλαιᾷ
669 406 792 490 αἱρέσει,
822 405 872 469 καλ
894 405 924 468 έν
946 401 991 480 οἷς
1012 406 1071 486 ἔφη
1093 400 1110 469 ό
1131 400 1207 481 θεός
1225 403 1341 486 εἰπολν,

172 507 206 576 ‘0
221 516 393 594 κακολογῶν
409 510 520 592 πατέρα
534 507 555 590 ἢ
571 510 681 598 μητέρα
697 505 820 595 θανάτῳ
837 506 1003 572 τελευτάτω.
1052 507 1091 573 Τό
1111 508 1143 573 δέ
1160 510 1222 572 ἐστι
1243 509 1342 593 μέρος

52 642 101 687 ρας.
114 629 159 674 22⁰.
173 610 264 678 αὐτοῦ
285 609 426 689 τυπικόν,
456 610 488 675 τό
508 609 570 675 κατ’
590 609 692 681 εἰκόνα,
706 618 765 675 τῶν
782 616 1000 692 πνευματικῶν,
1030 612 1080 674 καὶ
1097 609 1342 695 7διαφερόντων

172 720 321 798 κείμενον,
347 713 402 778 8τό
419 717 450 778 έν
466 724 660 799 προςφοραῖς,
682 715 768 798 λέγω,
792 713 842 776 καλ
858 720 1017 801 περιτομῇ,
1037 713 1087 776 καλ
1102 709 1258 800 σαββάτῳ,
1282 718 1339 778 καλ

173 823 305 906 νηστεία,
328 818 379 882 καὶ
395 815 507 904 πάσχρι,
535 818 586 881 καλ
603 815 737 898 ἀζύμοις,
765 816 816 879 καί
833 823 895 889 τοῖς
909 812 1057 890 τοιούτοις
1073 816 1336 896 νομοθετηθέντα·

175 920 279 985 Πάντα
298 918 353 1005 γάρ
371 927 462 983 ταῦτα
479 917 590 993 εἰκόνες
609 921 660 982 καλ
678 916 810 999 σύμβολα
829 914 899 981 όντα
916 923 968 998 τῆς
985 914 1126 999 ἀληθείας
1141 924 1335 1003 φανερωθεί·

173 1044 227 1105 σης
249 1024 395 1105 μετετέθη.
442 1020 525 1084 Κανά
545 1021 598 1103 μέν
619 1019 651 1084 τό
674 1017 855 1101 φαινόμενον
877 1020 927 1082 καί
947 1025 1120 1102 σωματικῶς
1141 1021 1334 1088 ἐκτελεῖσθαι

173 1123 322 1213 άνηρέθη,
352 1121 427 1187 κατά
444 1123 475 1186 δέ
491 1122 523 1185 τό
541 1119 737 1202 πνευματικόν
755 1118 926 1203 άνελήφθη,
955 1128 1014 1185 τῶν
1029 1121 1081 1204 μέν
1097 1119 1256 1204 όνομάτων
1274 1132 1336 1191 τῶν

173 1225 271 1291 αὐτῶν
287 1223 447 1307 μενόντων,
469 1225 689 1309 ἐνηλλαγμένων
705 1223 736 1287 δέ
751 1230 810 1287 τῶν
825 1221 1012 1308 πραγμάτων.
1059 1226 1119 1288 Καί
1137 1223 1193 1310 γάρ
1212 1232 1332 1308 οπρος-

97 1390 100 1395 ,
174 1326 271 1411 φοράς
287 1328 463 1410 προςφέρειν
479 1327 648 1409 προςέταξεν
665 1322 736 1407 ἡμῖν
753 1322 770 1388 ό
788 1323 900 1409 σωτήρ,
935 1323 1036 1389 ιθοίλλ
1052 1323 1117 1409 ούχλ
1133 1325 1187 1403 τάς
1204 1325 1242 1393 δι’
1258 1326 1332 1396 αίλό-

173 1456 233 1515 γων
249 1427 345 1508 ζῶων,
375 1428 395 1510 ἢ
410 1426 521 1492 τούτων
535 1435 593 1491 τῶν
610 1425 824 1509 θυμιαμάτων,
854 1425 925 1491 άλλά
941 1426 990 1492 διά
1008 1435 1216 1511 πνευματικῶν
1232 1434 1335 1499 αίνων

173 1533 224 1597 καλ
239 1534 334 1608 δοξῶν
347 1535 397 1594 καί
414 1528 602 1615 εὐχαριστίας,
625 1532 676 1594 καὶ
691 1527 740 1594 διά
757 1536 810 1612 τῆς
825 1533 866 1605 εἰς
882 1529 953 1606 τούς
967 1535 1090 1612 πλησίον
1104 1536 1263 1609 κοινωνίας
1278 1536 1335 1601 καί

174 1631 315 1708 εύποιΐας.
361 1636 421 1696 Καὶ
448 1639 632 1721 ιιπεριτομῇ
655 1639 884 1717 περιτετμῆσθαι
902 1628 983 1715 ἡμᾶς
1001 1631 1150 1715 βούλεται,
1181 1630 1240 1699 ἄλλ’
1259 1634 1333 1721 ούχλ

173 1743 226 1818 τῆς
241 1733 436 1819 άκροβνστίας
453 1742 504 1816 τῆς
519 1742 700 1817 σωματικῆς,
722 1731 792 1798 άλλά
805 1739 928 1821 καρδίας
944 1742 996 1818 τῆς
1011 1742 1219 1819 πνευματικῆς.
1266 1742 1333 1804 Kal

174 1837 206 1903 τό
228 1836 376 1919 σάββατον
397 1837 571 1919 φυλάσσειν·
604 1835 703 1922 ιίργεῖν
724 1836 779 1921 γάρ
800 1839 880 1902 θέλει
898 1835 976 1920 ἡμᾶς
998 1834 1058 1903 άπό
1081 1845 1141 1903 τῶν
1156 1839 1250 1923 ἔργων
1266 1845 1333 1906 τῶν

174 1947 320 2024 πονηρῶν.
366 1943 426 2004 Καὶ
447 1938 596 2022 νηστεύειν
615 1942 661 2018 δέ,
696 1937 796 2004 ’λάλλ
818 1937 855 2005 ού
876 1938 929 2023 τήν
951 1938 1120 2022 σωματικὴν
1145 1940 1334 2024 ιι*βούλεται

175 2047 308 2126 νηστείαν
326 2040 405 2125 ἡμᾶς
429 2041 589 2125 νηστεύειν,
621 2040 692 2106 άλλεί
712 2041 765 2125 τὴν
788 2041 1004 2126 πνευματικὴν,
1035 2044 1066 2107 έν
1089 2034 1110 2132 ᾖ
1130 2044 1209 2108 ἔστιν
1227 2041 1332 2129 αίποχῆ

175 2144 293 2210 πάντων
308 2153 366 2211 τῶν
384 2145 513 2226 φαύλων.
561 2143 743 2209 Φυλάσσεται
762 2149 861 2227 μεντοί
884 2170 916 2231 γε
933 2146 985 2210 καὶ
1000 2143 1083 2231 παρά
1097 2153 1160 2222 τοῖς
1173 2142 1332 2231 ἡμετέροις

174 2245 195 2330 ἦ
210 2247 283 2312 κατά
298 2246 331 2312 τό
345 2247 525 2331 φαινόμενον
540 2252 666 2329 νηστεία,
688 2249 751 2311 έπελ
765 2249 816 2312 καλ
831 2253 914 2335 ψυχῇ
928 2273 955 2312 τι
970 2245 1186 2329 συμβάλλεσθαι
1201 2245 1331 2316 δύναται

63 2421 71 2436 ⁰
174 2350 249 2431 αὕτη
267 2349 337 2432 μετά
352 2349 440 2436 λόγου
455 2351 610 2435 γινομένη,
634 2347 723 2414 ὁπότε
741 2350 814 2431 μηδέ
831 2348 880 2413 διά
897 2347 951 2432 τὴν
964 2348 1040 2436 πρός
1054 2376 1135 2426 τινας
1148 2355 1271 2434 μίμησιν
1282 2357 1329 2438 γί-

175 2477 267 2531 νεται,
298 2452 368 2535 μήτε
385 2450 585 2531 διάτόέθος,
617 2451 688 2533 μήτε
705 2451 754 2515 διά
771 2449 825 2534 τήν
840 2449 968 2536 ἡμέραν,
997 2449 1218 2536 ῶςῶρισμίνης
1240 2458 1331 2533 Νείς

174 2562 261 2619 τοῦτο
277 2552 400 2640 ἡμέρας·
425 2553 486 2636 όίμα
503 2555 534 2618 δέ
548 2556 597 2618 καί
615 2557 656 2630 είς
670 2551 832 2636 άνάμνησιν
846 2561 899 2636 τῆς
912 2551 1058 2638 α’ληθινῆς
1072 2559 1214 2638 νηστείας,
1230 2559 1284 2623 ἵνα
1297 2562 1332 2624 οἱ

174 2658 295 2739 μηδέπω
320 2661 431 2736 έκείνην
452 2654 612 2737 δυνάμενοι
625 2654 775 2738 νηστεύειν
791 2653 851 2722 α’πό
869 2663 921 2739 τῆς
938 2655 1013 2722 κατά
1028 2655 1060 2722 τό
1076 2655 1258 2740 φαινόμενον
1275 2686 1328 2745 νη-

175 2763 269 2833 στείας
285 2762 369 2841 έχωσι
384 2758 438 2839 τὴν
454 2755 662 2841 ῑῡύνάμνησιν
677 2756 776 2840 αύτῆς.
811 2760 871 2822 Καὶ
885 2757 918 2823 τό
933 2757 1030 2842 πάσχα
1042 2759 1074 2823 δέ
1088 2755 1208 2843 ὁμοίως,
1222 2765 1276 2827 καλ
1289 2761 1330 2829 τά

175 2859 284 2941 ι’ίζυμα,
307 2860 353 2925 ὅτι
370 2859 480 2935 είκόνες
494 2851 580 2942 ἦσαν,
603 2864 689 2942 δηλοῖ
700 2863 751 2925 καὶ
768 2868 889 2936 Παῦλος
903 2858 921 2927 ό
937 2859 1110 2941 άπόστολος,
1130 2859 1164 2927 τό
1180 2863 1211 2928 δέ
1225 2862 1330 2950 πάσχα

177 2960 274 3045 ἡμῶν,
308 2964 453 3046 Ῑθλέγων,
483 2960 576 3044 ἐτύθη
597 2961 738 3048 Χριστός,
761 2956 1117 3048 καλ,”1ναῆτε,φησλν,
1139 2963 1260 3048 άζυμοι,
1284 2966 1329 3052 μή

175 3066 340 3147 μετέχοντες
361 3063 492 3147 Ηζύμης
507 3064 609 3148 (ζύμην
629 3066 701 3131 ῑὸδὲ
715 3073 769 3131 νύν
782 3064 836 3149 τήν
847 3070 955 3132 κακίαν
971 3068 1109 3153 ῑδλέγει),
1124 3064 1183 3132 ἄλλ’
1193 3058 1245 3150 ἦτε
1257 3071 1330 3137 νέον

175 3166 307 3253 φύραμα.

140 3274 155 3331 ’.
262 3262 378 3346 ῙΟύτος
393 3277 464 3356 γοῦν
478 3272 528 3334 καί
542 3268 631 3347 ου’τός
646 3268 664 3337 ό
679 3278 733 3337 τοῦ
747 3277 823 3336 θεοῦ
840 3267 915 3336 εἶναι
928 3268 1020 3352 νόμος
1034 3268 1271 3358 ὁμολογούμενος
1285 3278 1329 3355 είς

174 3378 240 3459 τρία
253 3377 414 3459 διαιρεῖται.
460 3376 518 3449 Είς
532 3399 562 3437 τε
574 3371 606 3439 τό
622 3372 826 3459 πληρούμενον
839 3369 899 3439 ύπό
913 3380 965 3439 τοῦ
978 3380 1123 3458 σωτῆρος·
1144 3372 1178 3441 τό
1192 3373 1259 3463 γάρ,
1280 3376 1328 3445 od

176 3475 344 3558 φονεύσεις,
370 3474 414 3542 Ού
433 3474 609 3559 μοιχεύσεις,
635 3475 698 3542 Ούκ
719 3475 903 3561 ἐπιορκήσεις
923 3478 955 3542 έν
974 3482 1017 3566 τῷ
1035 3475 1120 3559 Μηδ’
1137 3474 1329 3564 ὀργισθῆναι,

176 3581 248 3662 μηδὲ
265 3583 484 3663 ἳέπιθυμῆσαι,
511 3580 608 3661 3μηδέ
622 3577 728 3662 σ’μόσαι
744 3583 950 3662 περιείληπται.
994 3585 1158 3665 Διαιρεῖται
1171 3581 1204 3646 δὲ
1217 3584 1268 3648 καλ
1284 3585 1330 3664 είς

176 3679 207 3745 τό
232 3679 443 3767 άναιρούμενον
465 3685 590 3757 τελείως·
621 3679 653 3747 τό
677 3680 750 3767 γάρ,
778 3679 955 3765 Ὀφθαλμόν
977 3679 1044 3747 άντλ
1068 3680 1245 3767 ὀφθαλμοῦ,
1274 3689 1331 3754 καλ

92 3818 96 3823 ·
176 3781 284 3848 όδόντα
301 3782 366 3850 ἀντὶ
382 3783 519 3864 ὀδόντος,
548 3786 803 3870 συμπεπλεγμένον
817 3792 855 3874 τῇ
871 3782 987 3872 άδικίρι,
1019 3786 1071 3850 καλ
1086 3782 1158 3852 αύτδ
1172 3788 1259 3873 ἔργον
1273 3796 1332 3875 τῆς

175 3883 291 3962 άδικίας
312 3889 392 3969 ἔχον,
424 3885 558 3977 άνηρέθη
578 3884 638 3952 ύπό
660 3895 714 3953 τοῦ
735 3894 868 3971 σωτῆρος
888 3885 938 3953 διά
961 3894 1022 3953 τῶν
1041 3889 1186 3954 ἐναντίων.
1234 3887 1279 3956 Τά
1296 3894 1333 3961 δέ

56 4020 105 4066 ρας.
118 4009 163 4055 111.
177 3991 293 4055 ἐναντία
313 3987 440 4071 άλλήλων
459 3992 557 4055 4είσλν
574 3989 749 4074 α’ναιρετικά.
792 3989 867 4076 Ἐγῶ
886 3990 942 4076 γάρ
960 3993 1034 4076 λέγω
1053 3987 1124 4074 ύμῖν
1138 3988 1179 4074 μή
1194 3987 1332 4079 όντισιῆ.

208 4128 233 4181 6.
249 4130 460 4194 καταριθμεῖσθαι
479 4145 532 4179 οιεο
547 4137 579 4180 ττι
596 4133 734 4183 emendatio.
804 4128 842 4181 12.
862 4131 918 4182 Cod.
935 4134 1010 4182 λέιιτκ
1028 4123 1092 4185 ἄλλοί
1109 4124 1173 4200 ου’χλ.

175 4198 240 4247 Libri
256 4202 339 4248 λιουιιιλ
355 4198 554 4263 καταριθμεῖται.
803 4196 842 4250 13.
861 4200 918 4249 eod.
934 4202 1010 4249 λέιιελ.
1026 4198 1142 4265 νηστείαν
1159 4196 1285 4268 βούλεται.

210 4265 233 4317 7.
253 4269 325 4328 1ἀ19ο
342 4264 520 4332 διαφερόντως.
803 4265 841 4318 λλ.
858 4269 1056 4330 Ρτατρσείίίσιιτνιι
1070 4266 1106 4327 εἰς
1121 4271 1202 4330 νεριλλλ
1215 4282 1272 4321 ενοι
1283 4272 1334 4325 Ρα-

210 4335 234 4383 8.
254 4336 309 4383 coci.
327 4338 400 4384 Venet.
417 4331 457 4386 τὰ.
766 4339 830 4388 εανίο
846 4351 876 4386 ετ
892 4338 974 4385 ultima
989 4339 1080 4399 ιρλλοοο
1095 4338 1202 4387 vocabuli
1217 4331 1332 4407 ιίριρμι.

209 4398 234 4451 9.
252 4398 378 4467 πορφυρίς
393 4399 524 4483 τρορέρειν
541 4404 577 4452 ιδ.
589 4407 664 4465 princ.
767 4422 820 4469 της.

214 4472 251 4521 10.
271 4471 327 4519 Cod.
341 4475 415 4521 venet.
435 4467 498 4523 αλλὰ
516 4463 580 4537 οιίχλ.
803 4473 840 4524 15.
858 4467 984 4539 α’νοὶμησιι
1002 4475 1124 4535 εδρπιισ.
1158 4474 1228 4537 om
1242 4478 1333 4529 min

213 4539 251 4589 11.
270 4539 325 4588 cod.
341 4542 417 4590 λἰιιει.
432 4533 574 4606 περιτομὴν.
710 4619 720 4643 Ἰ
766 4543 878 4593 Petamus
889 4543 1332 4599 mmmmm
