3046 5084
368 338 503 393 etuautt
519 338 596 392 sev.
613 338 779 391 HABllelld
797 340 860 391 ute.
876 342 894 391 l.
911 340 991 392 Tem.
1004 340 1023 391 l.
1231 330 1272 390 47

128 478 234 543 reaque
250 468 397 523 caeteras.—
440 456 490 541 dd
511 456 584 522 lraec
601 458 762 523 animarum
782 478 823 522 cx
839 458 905 523 aliis
919 458 949 521 in
966 459 1024 521 alia
1039 479 1164 543 corpora
1178 466 1275 522 mnus·

129 559 261 625 lusiones
282 581 317 623 ae
339 559 480 625 transitus
502 558 667 623 udmiltuot.
711 557 773 622 Eas
798 559 903 645 quippe
926 560 1107 644 decerpere
1132 560 1276 624 desedere

129 683 163 725 ac
179 682 282 726 rursus
299 660 429 746 ingredi,
462 659 624 741 iterumque
639 659 719 743 gigni
737 669 885 738 statuunt,
915 673 944 723 el
962 661 1192 724 consceleratum
1207 662 1276 725 illud

129 763 232 848 dogma
249 763 369 848 quadam
387 760 498 829 erroris
515 758 693 823 abundantia
709 770 882 824 contexunt.
928 758 1086 824 Caeterum
1106 763 1275 846 particulam

129 866 272 948 quandem
286 864 345 942 dei,
369 861 548 945 eandemque
562 860 753 924 immortalem
768 861 893 925 animam
908 883 976 925 esse
988 862 1165 946 praedicant.
1201 861 1277 927 Por·

131 967 206 1031 tices
224 966 377 1051 princeps,
406 962 470 1025 sive
490 960 610 1027 Stoicae
628 973 746 1041 sectae,
777 960 862 1025 Zeno
881 963 950 1043 luit,
981 966 1016 1027 de
1036 985 1092 1047 quo
1111 965 1209 1028 varius
1231 975 1278 1028 est

129 1088 239 1131 sermo.
283 1063 362 1128 Nam
379 1062 428 1127 alii
444 1060 596 1127 Cleanthis
614 1063 762 1127 cuiusdam
777 1062 864 1149 Tyrii
881 1065 967 1128 lilium
986 1064 1078 1128 luisse
1093 1076 1205 1150 putant,
1228 1065 1277 1130 alii

134 1165 308 1233 Cittieosem
325 1166 434 1229 iaciunt
451 1185 492 1229 ex
506 1165 602 1229 insula
618 1162 737 1252 Cypr03
760 1186 845 1249 quem
864 1176 895 1229 et
911 1165 1027 1229 Romae
1044 1167 1218 1250 aliquamdiu
1235 1168 1279 1231 vi·

129 1269 214 1333 xisse
230 1278 367 1347 marram,
389 1267 513 1351 indeque
531 1267 664 1330 Athenas
680 1269 841 1352 proiectum
857 1267 887 1330 in
904 1266 995 1347 Stoa,
1020 1268 1075 1331 hoo
1091 1279 1136 1331 est
1150 1269 1275 1354 porticu,

130 1369 265 1452 dogmata
279 1369 329 1433 illa
345 1368 458 1455 publice
474 1368 674 1453 proposuisse.
713 1367 783 1432 Non
802 1372 908 1433 desunt
922 1370 970 1454 qui
986 1371 1060 1432 duos
1078 1368 1218 1433 Zenones
1234 1371 1277 1433 di·

130 1471 294 1554 stingunnt,
318 1468 456 1549 Eleatem,
479 1480 511 1534 et
526 1490 592 1533 eum
609 1470 645 1533 de
662 1492 719 1554 quo
736 1472 871 1555 proxime
889 1470 1068 1534 dictumest.
1112 1468 1276 1556 Utcumque
1325 1506 1332 1521 =

130 1572 185 1649 sit,
217 1572 318 1636 eadem
342 1572 379 1635 ab
402 1570 553 1655 utriusque
575 1572 693 1635 decreta
717 1572 931 1657 produxerunt.
973 1569 1159 1656 Proindeque
1185 1584 1277 1637 mate·

130 1674 202 1738 riam
218 1674 368 1757 aequalem
386 1673 441 1736 deo
461 1673 530 1736 lacit
549 1673 624 1736 alter
644 1672 712 1753 ille,
743 1674 982 1758 quemadmodum
1005 1685 1035 1737 et
1052 1674 1190 1738 haereses
1207 1676 1277 1739 reli·

130 1796 216 1860 quae.
263 1775 340 1840 Turn
358 1795 431 1839 vero
449 1774 497 1836 lati
513 1784 601 1858 etque
615 1774 737 1858 originis
752 1776 957 1839 necessitatem
973 1776 1113 1855 adstruit,
1136 1776 1219 1840 cuius
1233 1775 1277 1840 le·

128 1877 214 1963 gibus
228 1886 429 1962 temperentur
443 1886 474 1938 et
487 1874 650 1939 alliciantur
665 1877 815 1939 universa.
860 1874 953 1960 lgitur
967 1898 1164 1961 quaecumque
1179 1879 1276 1963 operis

128 1979 253 2045 instituti
276 1978 405 2043 brevitas
427 1987 529 2041 eontra
551 1975 628 2039 illius
651 1968 809 2060 nequitiam
828 1978 969 2062 disputari
989 1980 1112 2063 patitur,
1143 2000 1178 2044 ec
1197 1980 1277 2043 velot

130 2082 274 2147 auxiliare
290 2080 531 2143 medicamentum
548 2077 664 2162 parari,
688 2079 741 2141 sed
756 2078 797 2141 ita
814 2100 994 2163 nequaquam
1013 2092 1045 2143 ιιι
1059 2080 1088 2143 in
1106 2082 1276 2144 immensam

130 2185 235 2249 molem
258 2182 327 2246 illud
347 2184 441 2267 ipsum
464 2200 537 2266 opos
558 2189 731 2257 emerserat,
760 2179 849 2257 haec,
875 2181 1008 2263 inquam,
1032 2183 1214 2260 summatim,
1239 2202 1277 2246 ne

129 2284 361 2371 praetermisisse
383 2284 503 2361 videar,
529 2282 671 2346 adversos
693 2281 772 2345 illum
795 2281 947 2359 obiiciam,
972 2283 1068 2366 itaque
1090 2285 1275 2348 conveniam.

212 2385 296 2450 Heus
318 2386 366 2449 tul
389 2386 519 2469 inquam.
562 2383 661 2448 Potiu'
683 2384 779 2468 eloqui
800 2407 817 2447 a
839 2406 896 2468 quo
917 2381 1077 2448 doctrinam
1096 2385 1170 2449 haue
1193 2407 1278 2449 accc·
1296 2386 1355 2455 csp.
1371 2389 1403 2438 11.

129 2490 226 2575 perisl
257 2498 307 2552 aut
332 2487 396 2573 quis
418 2488 530 2550 demum
555 2486 674 2571 spiritus
698 2497 817 2550 secretos
840 2497 935 2550 tecum
961 2488 996 2550 de
1022 2486 1076 2549 hoc
1103 2496 1153 2549 tuo
1175 2507 1277 2550 errore

130 2592 169 2657 sit
187 2590 322 2655 locutus?
364 2587 551 2674 Duoquippe
568 2589 653 2651 simul
670 2589 801 2671 aequalia
818 2600 965 2673 tempore,
997 2589 1149 2652 materiam
1166 2588 1278 2651 scilieet
1388 2667 1393 2675 Ι

129 2715 165 2757 ae
180 2695 264 2756 deum
279 2692 425 2755 violenter
441 2690 583 2753 oltrudis.
628 2688 750 2752 Excidit
762 2689 851 2774 igitur
867 2691 977 2754 tonilla
994 2691 1079 2769 ratio,
1104 2691 1279 2773 minimeque

130 2795 269 2858 cohaeret
290 2793 354 2877 ipsa
375 2813 493 2871 secum,
525 2812 590 2855 cum
614 2801 645 2854 tu
666 2800 696 2853 et
718 2790 848 2876 opificem
867 2794 1009 2875 quendam
1030 2793 1157 2856 omnium
1180 2813 1279 2856 rernm

130 2916 198 2960 esse
217 2897 343 2973 fateare,
368 2914 453 2978 quem
468 2892 556 2957 etism
574 2892 800 2977 omnipotentem
816 2896 938 2973 asseris,
960 2906 992 2958 et
1004 2895 1034 2959 io
1051 2917 1088 2959 eo
1103 2907 1198 2959 tamen
1215 2893 1278 2980 ipso

131 2996 313 3061 divinitatum
332 2996 456 3061 divortia
474 2995 648 3058 constituas.
694 2991 854 3059 Cuiusnam
871 3018 945 3061 vero
960 2998 1067 3061 artilex
1084 2997 1140 3060 erit
1155 2998 1222 3075 ille,
1252 2996 1279 3059 ei

129 3098 260 3184 aequalia
277 3109 407 3183 tempore
424 3098 547 3161 materia
564 3096 700 3180 ponitur?
743 3094 808 3160 Erit
831 3098 907 3161 enim
930 3120 983 3184 per
1003 3121 1071 3164 sese
1093 3099 1199 3163 suimet
1217 3099 1279 3180 ipsa

128 3202 219 3280 iuria,
251 3210 351 3286 utpote
374 3220 448 3285 quae
469 3220 488 3261 a
509 3198 587 3262 nullo
608 3198 648 3263 sit
667 3198 790 3284 originis
813 3201 953 3286 principio
974 3202 1114 3279 deducta,
1147 3200 1279 3281 adeoque

127 3302 259 3369 subiecta
276 3302 398 3366 nemini.
443 3297 529 3382 Quod
549 3300 576 3364 ai
593 3301 630 3364 ab
650 3322 701 3380 ea,
733 3303 894 3386 producere
914 3314 945 3366 ιιι
962 3314 1077 3388 posset,
1109 3302 1209 3386 opilea
1227 3299 1277 3382 qui

128 3427 193 3471 eam
211 3416 315 3469 nactus
335 3416 382 3468 eat
399 3403 563 3487 acceperit,
594 3403 732 3467 nonnulle
753 3405 824 3468 lssec
842 3426 910 3468 esse
927 3407 1013 3470 debet
1031 3405 1107 3467 illius
1127 3400 1277 3465 imbecilli·

127 3519 190 3589 las,
222 3528 257 3573 ac
275 3507 357 3572 velut
371 3504 470 3591 egenti
486 3507 563 3569 lacta
578 3505 772 3585 corrtrilrnlio,
804 3507 938 3570 nimirum
954 3505 1003 3589 qui
1022 3526 1080 3567 non
1095 3503 1217 3589 privetis
1235 3524 1276 3567 ex

128 3610 237 3694 copiis,
265 3609 317 3674 sed
341 3630 381 3674 ex
400 3608 496 3673 aliena
512 3607 634 3672 materie
649 3628 734 3671 suum
753 3630 825 3695 opos
841 3606 1029 3694 praestiterit.
1076 3603 1137 3669 lam
1154 3605 1222 3669 illud
1240 3606 1275 3669 de

128 3710 288 3775 animarum
303 3712 334 3775 in
347 3711 444 3777 aliena
460 3730 584 3795 corpora
601 3711 741 3790 transitu,
765 3721 901 3793 quantam
918 3710 947 3771 in
964 3719 991 3770 te
1009 3707 1157 3771 levitatem
1173 3708 1276 3791 depra-

128 3819 215 3873 vatae
236 3814 342 3877 merrus
362 3813 477 3897 arguit,
508 3813 556 3897 qui
580 3823 611 3876 et
629 3811 790 3895 sapientiae
812 3812 934 3893 gloriam
956 3810 1094 3889 allectas,
1125 3820 1155 3874 et
1175 3830 1275 3873 rerum

129 3912 205 3996 apod
218 3911 351 3977 homiues
368 3914 517 3978 scientium
535 3915 700 4001 profiteris?
741 3910 819 3976 Nam
836 3911 862 3975 si
877 3932 942 3996 pars
957 3923 1004 3975 cst
1016 3911 1065 3975 illa
1082 3912 1141 3990 dei,
1165 3921 1196 3975 et
1211 3911 1275 3997 qoi-

129 4015 195 4078 dem
215 4012 405 4093 immortalis,
436 4026 467 4078 tu
484 4037 555 4081 vero
578 4017 613 4079 ad
632 4014 832 4078 infelicissima
855 4015 954 4077 nescio
975 4036 1048 4098 quae
1068 4035 1192 4098 corpora
1215 4034 1273 4077 non

127 4200 161 4254 ad
177 4198 355 4261 enarrandum,
376 4198 494 4251 auxiliare
510 4210 597 4252 contra
613 4199 685 4263 hujus
718 4200 850 4267 disputem.
883 4204 918 4253 De
930 4205 1032 4265 fomute
1049 4200 1093 4254 καὶ
1109 4195 1166 4270 oripi
1181 4200 1273 4267 μᾶλλον

127 4269 262 4339 nequitiam
277 4268 490 4331 medicamentum,
510 4270 543 4321 srl
557 4269 627 4329 haee,
644 4268 685 4317 in·
718 4297 797 4310 --
816 4267 845 4325 dl
861 4273 891 4335 cl.
906 4273 969 4333 latro
984 4272 1072 4321 dumea.
1088 4268 1137 4330 uu,
1155 4268 1202 4320 lli:
1228 4268 1274 4320 seul

128 4354 216 4407 qnam,
241 4346 337 4389 motum
359 4336 429 4387 abest
451 4346 479 4385 ιιι
498 4337 525 4386 in
541 4337 686 4387 immensam
719 4338 810 4407 μᾶλλον
822 4332 868 4392 oda
879 4336 985 4391 ἐναντιον
998 4335 1027 4391 cd
1040 4331 1108 4401 deos
1120 4341 1172 4396 τοῖς
1182 4329 1273 4421 ippon-

127 4406 219 4459 molem
244 4406 326 4474 patiar
353 4420 496 4455 excrescere
528 4402 596 4473 qood
623 4402 686 4455 illud
720 4424 757 4461 σιιι
777 4407 826 4473 τῆς
841 4406 973 4474 πονηρίας,
992 4402 1027 4466 nie
1049 4403 1080 4457 ml
1098 4402 1192 4472 λέγεις,
1209 4400 1273 4457 αλλὰ

127 4474 236 4541 spondet
251 4490 320 4554 opos,
338 4484 367 4525 nt
378 4471 525 4535 summatim,
543 4490 575 4524 ne
585 4469 685 4523 omnino
720 4472 895 4542 συιιργητικόι
910 4475 1001 4542 μᾶλλον
1016 4471 1044 4527 rd
1062 4468 1131 4539 douo
1148 4478 1197 4523 cett.

127 4541 319 4608 praetermisisse
347 4541 446 4605 ridear,
476 4540 594 4593 adsersus
620 4541 686 4593 hunc
754 4543 810 4593 css.
828 4545 858 4594 ll.
878 4572 908 4582 -
930 4549 950 4596 t.
969 4545 1034 4593 trem
1050 4544 1133 4593 ludent
1149 4534 1168 4606 ἧ
1183 4556 1226 4603 pro
1242 4537 1271 4591 el.
