3046 5084
238 357 277 418 72
658 366 777 427 εεΝοΤι
795 365 963 416 Εειειεεαιι

236 494 334 568 θρου,
356 481 409 547 τόν
424 480 547 563 τυχόντα
563 485 684 563 είπαμεν
698 481 773 547 θεόν
787 489 847 545 τοῦν
865 484 976 562 ἐθνοῖν,
998 479 1108 563 ἢθεὸν
1125 480 1175 545 τόν
1192 480 1271 547 ὅντα.
1314 479 1386 548 Ἐδν

238 585 270 650 δὲ
286 588 427 665 είπωμεν,
455 581 488 647 Ὁ
502 582 589 662 θεός,
621 581 766 665 δῆλοντίς
785 580 913 647 ἆπότοῦ
934 580 967 647 Ὁ
985 580 1171 667 όίρθρουτδν
1191 581 1262 649 όντα
1279 590 1385 667 σημαί-

176 720 180 725 ·
221 694 341 768 ἑνομεν,
363 684 461 768 οἶληθῆ
479 711 509 750 τε
526 688 577 750 καί
592 682 818 770 γινωσκόμενον·
850 681 891 760 ὥς
908 683 1166 768 καί”Ανθρωπος,
1188 686 1253 766 καλ,
1281 682 1315 749 Ὁ
1334 685 1383 750 όίν-

219 915 295 959 .των
309 891 429 975 ἐφέρετο
446 887 464 954 ό
479 896 600 970 ψῆφος,
623 891 674 953 καὶ
690 884 789 961 οίπλοῦς
805 885 914 961 παντός
931 894 1036 971 νεκροῦ
1053 879 1091 968 ἦν
1110 885 1129 969 ἡ
1145 890 1312 970 ἐπικειμένη
1330 896 1385 953 τοῦ

235 989 399 1072 ζητήματος
416 992 497 1067 λέξις.
539 986 644 1054 Ὁπότε
659 989 690 1052 δέ
709 989 799 1071 λέγει,
828 985 904 1052 Ἐοίν
921 986 1034 1069 δι’ψηταί
1056 1015 1100 1063 τις
1116 997 1170 1053 τοῦ
1188 997 1310 1072 νεκροῦ,
1333 993 1385 1055 inl

235 1093 288 1157 ἕνα
302 1089 368 1156 τινα
387 1093 469 1171 φέρει
484 1089 537 1171 τήν
551 1087 685 1174 όγωγήν,
708 1091 785 1169 φημλ
801 1089 833 1153 δέ
847 1090 896 1153 ἐπί
918 1087 970 1153 τόν
986 1088 1107 1173 κύριον,
1130 1088 1171 1166 οἷς
1185 1089 1247 1155 όνω
1263 1116 1314 1173 μοι
1337 1095 1383 1156 δε-

236 1190 371 1273 δήλωται.
406 1190 514 1275 Ἔλεγε
530 1191 562 1254 δὲ
579 1197 665 1255 τοῦτο
681 1192 901 1275 αἰνιγματωδῶς
915 1188 933 1255 ό
948 1190 1052 1272 νόμος,
1076 1189 1126 1256 διδ
1142 1190 1212 1266 τοῦς
1228 1194 1385 1274 μέλλοντας

234 1301 332 1376 χεῖρας
359 1289 523 1378 ἐπιβάλλειν
548 1292 597 1356 ἐπὶ
626 1288 677 1355 τόν
703 1289 845 1377 Χριστόν,
876 1295 926 1357 καλ
952 1300 1069 1380 σταυρῷ
1094 1296 1306 1379 παραδιδόναι,
1335 1293 1383 1359 ὅτι

154 1395 156 1399 ’
233 1397 331 1478 χρείαν
350 1389 427 1475 εἶχον
444 1385 526 1458 οῦτοι
544 1401 749 1477 καθαρισμοῦ,
780 1395 835 1468 ἕως
854 1392 930 1482 δόνη
955 1392 1057 1471 αὐτοῖς
1071 1391 1092 1476 ή
1106 1393 1216 1482 ήμέρα,
1239 1398 1289 1459 καί
1311 1394 1382 1460 οίνα-

233 1499 311 1579 τείλη
329 1492 431 1569 αὐτοῖς
448 1493 515 1559 όίλλο
530 1501 610 1575 φῶς,
634 1493 682 1558 διδ
700 1502 753 1558 τοῦ
773 1499 972 1578 βαπτίσματος
984 1503 1038 1561 τοῦ
1057 1495 1167 1574 ῦδατος
1183 1504 1237 1562 τοῦ
1256 1502 1384 1581 λουτροῦ

233 1605 287 1681 τῆς
305 1600 528 1681 παλιγγενεσίας.
569 1593 622 1672 Ὡς
645 1598 694 1660 καί
715 1598 908 1682 ἐπιμαρτυρεῖ
930 1624 980 1679 μοι
1002 1601 1133 1663 ἐνταῦθα
1158 1600 1272 1682 Πέτρος
1290 1600 1384 1684 λέγων

233 1708 297 1775 τοῖς
313 1697 509 1782 Ἰσραηλίταις
526 1700 557 1762 ἐν
572 1695 801 1782 Ἰεροσολύμοις,
830 1707 892 1772 τοῖς
914 1701 1049 1783 λέγουσιν
1072 1697 1167 1787 αότῷ,
1202 1705 1237 1764 Τί
1252 1698 1381 1783 ποιήσω-

234 1826 303 1885 μενς
332 1798 384 1864 διό
408 1796 441 1864 τό
466 1799 612 1883 εἰρηκέναι
635 1797 726 1863 αὐτόν
752 1796 853 1876 αὐτοῖς
878 1799 939 1878 ότι,
974 1808 1086 1867 Τοῦτον
1108 1799 1160 1866 τόν
1182 1798 1315 1884 Ἰησοῦν,
1344 1801 1382 1867 δν

233 1900 318 1984 ῦμεῖς
341 1898 548 1984 ἐσταυρώσατε.
594 1902 654 1964 Καί
678 1911 864 1986 κατανυγεῖσι
889 1899 943 1984 τήν
965 1906 1090 1986 καρδίαν
1116 1898 1193 1980 εἶπε,
1223 1903 1379 1986 Μετανοή-

233 2025 317 2082 σατε,
338 2005 387 2067 καί
406 2000 598 2086 βαπτισθήτω
615 2004 736 2077 ἕκαστος
752 2004 838 2092 ἐντῷ
856 2002 980 2086 όνόματι
993 2001 1095 2086 Ἰησοῦ
1114 2010 1243 2088 Χριστοῦ
1258 2012 1312 2070 τοῦ
1327 2033 1379 2071 κν·

233 2110 300 2190 ρίου
314 2102 412 2187 ήμῶν,
435 2101 699 2186 καίόφεθήσονται
720 2102 789 2186 ῦμῖν
809 2109 842 2169 αί
858 2102 1012 2189 όμαρτίαι,
1034 2108 1084 2171 καί
1103 2105 1235 2188 λήψεσθε
1251 2105 1305 2190 τήν
1324 2111 1379 2172 δω·

233 2207 302 2291 ρεόν
317 2214 371 2271 τοῦ
388 2204 474 2290 ολγίου
492 2204 663 2288 πνεύματος.
710 2204 754 2270 Οό
768 2209 836 2290 περὶ
852 2213 957 2291 νεκροῦ
971 2211 1071 2271 τοίνυν
1087 2208 1161 2292 λέγει
1178 2204 1196 2272 ό
1210 2206 1308 2290 νόμος.
1339 2213 1382 2274 Εἰ

233 2309 265 2374 δὲ
283 2310 334 2374 καλ
355 2310 422 2391 περὶ
440 2314 547 2392 νεκροῦ
571 2305 659 2373 ῦλλου
676 2304 847 2392 ὁριζομένου
864 2309 938 2392 λέγει
955 2305 973 2372 ό
988 2307 1094 2390 νόμος,
1117 2307 1209 2385 όλλως
1225 2313 1379 2376 ἐκδίδοται.

232 2412 321 2495 Λέγει
343 2407 397 2494 γόρ
413 2411 474 2488 δτι,
505 2407 581 2474 ’Edu
603 2411 740 2496 παρέλθῃ
765 2407 884 2492 νεκρός,
914 2413 1041 2474 κλείσατε
1062 2408 1115 2486 τοὶς
1133 2409 1231 2496 θῦρας
1256 2414 1307 2477 καί
1327 2411 1381 2489 τοὶς

231 2516 360 2599 θυρίδας
375 2509 476 2594 ῦμῶν,
496 2508 600 2592 ἵναμή
617 2516 752 2598 μολυνθῇ
770 2505 788 2574 ό
801 2506 896 2586 οίκος·
920 2508 985 2586 ω’ςελ
999 2514 1076 2596 έλεγε
1091 2515 1158 2597 περὶ
1177 2511 1271 2596 όκοῆς
1286 2511 1378 2599 ἆμαρ·

230 2621 310 2693 τίας,
333 2613 378 2679 ότι
394 2612 445 2678 ἐόν
462 2610 592 2699 οἶκοῦσης
611 2609 717 2693 φωνήν
731 2617 785 2693 τῆς
809 2609 967 2695 ἁμαρτίας,
996 2610 1111 2696 ήείδος
1130 2613 1379 2699 παραπτώματος,

229 2725 344 2781 κλεῖσον
365 2711 417 2779 τόν
433 2710 593 2794 ὀφθαλμόν
609 2734 665 2776 σου
687 2709 745 2777 dno*
764 2715 943 2795 ἐπιθυμίας,
975 2717 1027 2780 καί
1049 2713 1083 2780 τό
1099 2714 1193 2799 στόμα
1211 2715 1271 2784 dno*
1291 2744 1380 2785 κακο-

229 2822 345 2901 λογίας,
367 2816 418 2878 ιιαί
437 2812 470 2878 τό
488 2807 542 2888 οὖς
563 2812 622 2878 όπδ
639 2812 800 2897 ἐνηχήσεως
820 2824 969 2901 πονηρᾶς,
991 2820 1041 2881 ίνα
1064 2815 1106 2900 μή
1123 2828 1260 2910 νεκρωθῇ
1277 2818 1380 2898 ῦλοςό
1407 2834 1416 2849 “

230 2915 326 2995 οίκος,
348 2916 495 2980 τουτέστιν
521 2912 638 2998 ήψυχή
664 2917 715 2980 καὶ
739 2914 772 2980 τό
792 2925 884 2999 σῶμα.
928 2916 984 2984 Διό
1002 2920 1053 2983 καλ
1071 2917 1259 3007 όπροφήτης
1275 2925 1378 3009 ἔλεγεν,

229 3017 305 3084 Ἐολν
321 3015 416 3106 οἶναβῇ
432 3015 566 3093 θοίνατος
584 3016 634 3082 διοί
657 3025 715 3083 τῶν
729 3023 879 3104 θυρίδων·
907 3023 958 3086 καί
974 3017 1011 3085 οῦ
1027 3019 1145 3098 πάντως
1161 3026 1229 3108 περὶ
1245 3032 1305 3091 τοῖν
1321 3035 1377 3090 θυ·

230 3124 321 3208 ρίδωυ
345 3118 458 3184 τούτων
473 3121 554 3204 λέγει.
590 3116 634 3182 Ἢ
653 3117 708 3205 γοῖρ
732 3125 893 3198 κλείσαντες
917 3121 970 3198 τός
992 3125 1120 3207 θυρίδας
1136 3121 1206 3190 οῦδί
1219 3151 1290 3191 ποτε
1305 3124 1379 3192 ἄπο·

229 3232 333 3290 θανεῖν
348 3225 470 3304 εἴχομεν.
515 3224 639 3306 Θυρίδες
655 3222 687 3286 δέ
701 3219 773 3304 ήμῖν
787 3220 954 3309 ῦπόρχουσι
966 3223 1003 3290 τό
1016 3232 1070 3290 τοῦ
1085 3224 1219 3308 σώματος
1235 3226 1376 3310 αἰσθητή·

229 3353 295 3412 ρια,
318 3327 445 3408 βλέμμα,
468 3321 557 3405 α’κοή,
579 3325 629 3387 καί
649 3321 684 3388 τό
702 3322 788 3404 ῦλλα,
810 3323 846 3390 δι’
863 3319 905 3391 δν
917 3326 1051 3404 θάνατος
1067 3330 1109 3404 είς
1124 3325 1203 3410 ήμῦς
1216 3326 1377 3413 είςττορεόε·

148 3486 154 3497 ,
192 3485 197 3495 ,
228 3455 290 3507 ται,
322 3430 349 3492 εί
373 3423 409 3490 δι’
434 3422 532 3490 αῦτιῦν
561 3421 781 3509 ἁμαρτήσωμεν.
831 3425 1024 3510 Ἐνεταφίασε
1052 3437 1126 3515 γοῦν
1148 3427 1168 3496 ό
1194 3426 1303 3513 Ἰωσήφ
1325 3427 1377 3495 τόν

228 3527 364 3613 Ἰσραήλ,
386 3531 437 3593 καί
454 3525 509 3593 οῦκ
531 3524 718 3609 ἐβδελῦξατο,
745 3532 796 3594 καί
815 3529 886 3611 μετοί
904 3530 1037 3597 θάνατον
1058 3530 1205 3598 έπιπεσοίν
1221 3532 1271 3598 ἐπὶ
1287 3529 1375 3618 πρός·

230 3655 312 3693 ωπον
334 3635 522 3712 κατεφίλησε,
551 3631 603 3694 καὶ
628 3627 665 3695 οῦ
686 3632 848 3717 γέγραπται
869 3633 914 3698 ὅτι
937 3632 1090 3713 ἐλοῦσατο,
1120 3637 1170 3700 ἵνα
1191 3641 1377 3726 καθαρισθή.

228 3726 443 3811 Ἐνεταφίασαν
461 3736 493 3796 οί
513 3730 645 3817 όγγελοι,
676 3730 717 3810 οῦς
735 3731 756 3815 ή
771 3737 813 3811 εἰς
830 3732 909 3817 ἡμᾶς
927 3738 1056 3801 ἐλθοῦσα
1072 3734 1236 3821 παράδοσις
1250 3739 1321 3822 ἔχει,
1343 3736 1376 3804 τό

229 3840 314 3915 στῦμα
328 3834 484 3908 Μωῦσέως
499 3842 552 3898 τοῦ
569 3831 666 3920 οἳγίον,
689 3837 739 3900 καλ
758 3833 812 3900 οῦκ
832 3836 1024 3917 ἐέλοόσαντο,
1051 3835 1109 3904 ἄλλ’
1126 3837 1194 3905 οῦτε
1213 3839 1377 3924 ἐκοινοίθη·

228 3956 284 4000 σαν
305 3937 336 3998 οί
356 3932 469 4019 όίγγελοι
491 3933 549 4001 dud
571 3945 625 4001 τοῦ
647 3935 735 4023 όγίου
757 3936 899 4019 σώματος.

198 4090 204 4103 .
324 4037 386 4101 Καὶ
417 4038 500 4101 δέδια
528 4037 617 4104 πόλιν
644 4038 686 4122 μή
720 4042 762 4116 είς
800 4042 880 4116 τέλος
912 4039 1005 4107 ἐλόσω
1042 4040 1095 4125 τήν
1125 4050 1177 4109 τοῦ
1203 4042 1377 4127 -ζητήματος

228 4140 367 4204 ἐπίλυσιν.
418 4136 484 4219 Ἀφ’
513 4141 580 4217 ἕνδς
610 4141 643 4205 δέ
675 4139 697 4224 ἢ
730 4143 870 4227 δευτέρου
897 4141 988 4228 λόγον
1018 4142 1179 4228 δοθήσεται
1209 4151 1252 4234 τςῦ
1286 4149 1375 4231 σοφῷ

226 4249 408 4325 σοφισθήναι
439 4243 470 4306 ἐν
496 4246 590 4331 κυρίφ
609 4241 685 4308 κατοί
712 4241 784 4309 Ιτόν
805 4243 842 4310 δι’
863 4246 1002 4321 ἐναντίας.
1047 4248 1089 4311 Et
1106 4246 1139 4379 δέ
1156 4247 1208 4311 καί
1231 4246 1300 4330 περί
1321 4249 1375 4309 τοῦ

260 4426 284 4480 λ.
303 4427 435 4483 ἐλούσαντο
452 4435 503 4483 cod.
513 4433 610 4496 Βλιδιρ.
644 4434 715 4495 Vulgo
728 4430 783 4485 ἑλύ-
817 4439 895 4497 λογίαι
912 4434 1045 4500 suspicatus
1066 4442 1099 4487 εει
1113 4436 1170 4487 τῶν
1205 4437 1256 4484 Non
1271 4436 1376 4484 obtimis·

228 4513 308 4549 οαντο
816 4490 886 4554 οιῦδο
904 4510 1098 4568 ρτοιμοαλίοιιτιιι
1120 4499 1186 4555 κατὰ
1201 4515 1256 4553 αισα
1276 4515 1376 4554 occum-

262 4565 319 4615 cn.
335 4568 416 4621 V.—
445 4567 465 4618 1.
481 4565 523 4620 τὸν
541 4570 610 4619 σαίνει.
626 4563 705 4634 λόγω.
737 4570 780 4618 Pe·
814 4573 861 4622 αὐο
876 4585 933 4623 οοια
947 4578 1086 4649 mam
1100 4570 1293 4635 διμτελεπδιωνε
1308 4572 1374 4623 haer.
