3046 5084
171 348 231 408 492
593 353 713 405 εεαοτι
730 353 898 421 εειοεικαιι

170 473 346 557 βαλλόμενος
362 472 422 538 ύπό
440 479 579 557 πονηρῶν
596 468 767 555 ἀνθρώπων
783 473 892 556 έλεγεν,
913 468 1078 557 Ἐνεπάγην
1093 473 1136 547 τίς
1154 470 1257 555 9ὕλην
1274 478 1327 555 βυ·

169 586 245 655 θοῦ,
267 579 318 641 καὶ
340 574 375 639 τά
397 578 476 657 έξῆςι
642 581 645 585 ’

42 678 108 743 Κεφ·
126 674 153 729 ῑ’·
255 676 373 759 Ἐπειδὴ
389 681 422 742 δέ
438 699 485 742 σοι
501 681 596 756 δοκεῖ,
617 675 797 758 Ἡρακλέων,
827 684 912 741 τοῦτο
928 678 1062 761 λέγεσθαι
1077 675 1166 759 ύλην,
1196 684 1260 742 τῶν
1278 675 1327 742 οἷν·

170 781 304 866 θριόπων
322 780 357 844 τά
375 780 495 862 στόματα
512 778 630 844 παλτόν
648 778 757 843 ένθύδε
774 778 885 867 κόσμον
901 778 1033 857 ἅπαντα,
1062 781 1111 845 έπλ
1124 783 1205 867 ποίῳ
1221 787 1329 869 σκοπῷ

49 916 99 960 pag.
112 905 157 948 τοο.
171 883 224 966 τήν
243 887 348 948 ἑαυτοῦ
365 881 465 966 ψυχὴν
482 879 498 947 6
516 879 705 965 Δημιουργός
718 890 755 970 τῇ
770 881 824 970 ύλη
841 883 1036 966 έγιιατέμιξεν;
1060 883 1103 944 Et
1113 882 1168 963 μέν
1182 880 1218 947 τό
1234 908 1328 965 πονη-

171 986 224 1071 ρόν
242 985 373 1071 ἀγνοῶν,
404 984 440 1050 οῦ
458 984 579 1048 δύναται
597 988 796 1070 δημιουργεῖν,
826 980 844 1047 6
861 980 901 1065 μὴ
916 983 1067 1067 γινώσκων
1085 982 1259 1067 δβούλεται
1276 989 1329 1068 δη-

172 1096 355 1173 μιουργησαι.
403 1086 479 1151 Οίίτε
494 1085 550 1172 γάρ
567 1084 652 1168 ἡμεῖς
667 1114 692 1150 τι
712 1086 877 1169 πράττομεν
894 1083 965 1150 καθ’
981 1084 1105 1167 έκάστην
1120 1087 1224 1169 τέχνην
1242 1089 1329 1172 ἔργα·

173 1190 302 1272 ζόμενοι,
338 1189 431 1273 ιὅπερ
455 1187 490 1254 οῦ
513 1196 645 1270 νοοῦμεν.
691 1192 749 1252 Καί
772 1187 1045 1273 προενθνμούμεθα
1067 1185 1122 1272 γὰρ
1145 1187 1163 1254 3
1185 1191 1333 1255 ἐπιτελεῖν

171 1290 357 1373 βουλόμεθα,
385 1295 435 1356 καὶ
453 1295 574 1372 οἴδαμεν
592 1294 662 1375 πρίν
679 1298 801 1373 ποιῆσαι
818 1290 836 1355 δ
853 1292 1010 1356 ἐπιτελέσαι
1027 1290 1246 1380 προῃρήμεθα,
1276 1296 1331 1357 καί

171 1399 217 1457 τοί
231 1418 262 1478 γε
277 1392 361 1475 ἡμεῖς
378 1392 512 1470 ἀσθενεῖς
529 1393 625 1471 ὅντες,
647 1395 696 1457 καὶ
712 1392 802 1458 πολλιί
818 1391 993 1468 ἀποδέοντες
1008 1400 1061 1475 τῆς
1075 1397 1129 1459 τοῦ
1142 1400 1220 1459 θεοῦ
1235 1392 1329 1459 δυνό-

171 1521 260 1575 μεως·
291 1494 339 1559 διό
363 1497 394 1560 δέ
415 1504 468 1577 τῆς
489 1494 537 1559 ἀπ’
560 1494 652 1562 αύτοῦ
674 1498 881 1579 κεχαρισμένης
902 1496 1044 1570 συνέσεως
1064 1505 1127 1572 τοῖς
1147 1493 1331 1581 ἀνθρώποις

171 1601 293 1679 οίδαμεν
314 1601 365 1661 καὶ
383 1607 515 1681 νοοῦμεν.
561 1602 736 1681 Συμβέβηκε
757 1600 789 1663 δέ
808 1620 870 1675 σοι,
902 1590 1124 1681 ὦἩρακλέων,
1145 1596 1174 1680 οἱ
1195 1600 1230 1665 ἔτι
1249 1606 1331 1665 θεοῦ

171 1698 285 1774 σύνεσις
301 1703 342 1774 είς
359 1700 485 1783 βλάβην,
516 1701 561 1766 ότι
577 1701 617 1783 μὴ
636 1700 710 1766 κατολ
726 1699 799 1765 θεόν
817 1698 910 1782 αύτην
926 1698 1131 1789 πραγματεύῃ,
1160 1698 1236 1766 ἀλλολ
1249 1700 1330 1768 κατύ

171 1800 304 1885 πονηρόν
326 1802 519 1885 ἐπιτήδευσιν.
554 1803 620 1868 ’Έτι
638 1805 669 1869 δὲ
686 1803 774 1868 πόλιν
792 1806 864 1888 ἐρῶ,
894 1802 992 1867 πόθεν
1012 1799 1031 1883 ἦ
1050 1810 1102 1868 τοῦ
1119 1812 1330 1885 πνευματικοῦ

171 1910 247 1986 μίξις
263 1911 302 1991 τῷ
320 1913 437 1992 ψυχικῷ
455 1932 484 1970 τε
502 1909 552 1970 καὶ
570 1904 677 1994 ύλικῷ,
706 1905 723 1970 3
742 1904 804 1987 2δή
821 1908 931 1989 λέγεται
945 1902 1028 1989 παρολ
1040 1907 1089 1970 σοὶ
1107 1908 1187 1973 8έσοο
1204 1904 1330 1992 ἀνθρω·

172 2035 245 2085 πος,
277 2015 317 2095 τῶ
340 2011 466 2097 δευτέρῳ
490 2013 542 2073 καὶ
562 2013 648 2097 τρίτῳ
671 2012 725 2085 ἔξω
748 2006 901 2095 ἀνθρῶπῳ
926 2009 1153 2089 4συνημμένου,
1184 2010 1267 2091 φημί
1287 2008 1328 2093 δη

170 2118 253 2198 ψιηῇ
274 2112 324 2173 καί
341 2109 467 2192 σῶματις
501 2114 561 2175 Καὶ
583 2115 610 2175 εί
625 2112 677 2193 μέν
696 2113 728 2175 ἐκ
745 2109 931 2192 βουλήματος
948 2116 1002 2191 τῆς
1018 2108 1081 2175 ἀνω
1099 2109 1256 2193 δυνάμεως
1272 2118 1328 2179 τοῦ

170 2222 229 2278 τῶν
245 2212 319 2278 όλων
337 2212 472 2297 Πατρός,
501 2216 579 2296 φημὶ
595 2215 626 2278 δέ
643 2220 696 2277 τοῦ
713 2210 786 2275 κατά
803 2213 835 2276 σέ
852 2219 975 2290 Βυθοῦ,
998 2209 1058 2295 ἀρα
1075 2236 1107 2297 γε
1123 2208 1179 2278 ούιι
1196 2210 1327 2281 ἆκοινοέ-

170 2342 256 2399 νητος
273 2324 334 2389 τοῖς
351 2314 429 2395 ἀνω,
453 2314 494 2392 ῶς
509 2319 599 2398 ἔφην,
621 2313 640 2397 η
659 2318 790 2380 ἐνταῦθα
806 2319 874 2396 περλ
890 2312 968 2397 ἡμᾶς
984 2318 1077 2389 κτίσις
1089 2335 1326 2401 σνγκατοιμιγνν-

171 2422 257 2502 μένη,
289 2417 339 2482 διά
359 2425 413 2499 τῆς
430 2427 484 2483 τοῦ
501 2416 621 2501 Πατρός
638 2416 699 2482 ἀνω
717 2415 852 2491 εὐδοκίας
873 2419 924 2481 καλ
938 2425 992 2483 τοῦ
1008 2414 1127 2481 ἀνωθεν
1142 2414 1213 2501 παρ’
1230 2416 1327 2485 ούτοῦ

169 2522 433 2601 καταπεμφθέντος
450 2529 631 2603 σπινθῆρος,
661 2519 679 2585 δ’
696 2523 773 2585 ἐστιν
794 2516 812 2584 ό
829 2518 1027 2602 πνευματικός
1041 2517 1118 2585 κατολ
1138 2520 1170 2585 σλ
1185 2522 1239 2585 καλ
1253 2520 1325 2587 έσοό·

169 2652 254 2699 τατος
267 2622 439 2707 ἅνθρωπος.
485 2627 527 2686 Εἰ
542 2624 573 2687 δέ
587 2625 677 2706 λέγεις
692 2622 745 2687 τόν
761 2621 953 2708 Δημιουργόν
967 2620 1018 2687 τόν
1033 2624 1066 2687 έν
1081 2620 1260 2705 έλοττιόματι
1274 2626 1326 2691 καλ

170 2726 361 2811 ύστερήματι,
391 2725 412 2807 ἢ
436 2724 486 2807 τὴν
504 2726 646 2808 Μητέρα,
677 2725 713 2806 ἣν
735 2727 826 2809 λέγεις
845 2723 1001 2807 Ἅγαμῶθ,
1031 2726 1184 2806 εἰληφέναι
1205 2724 1327 2793 ἀνωθεν

171 2828 312 2911 δύναμιν,
344 2830 471 2893 τουτέστι
494 2827 526 2892 τό
547 2826 761 2908 πνευματικόν,
790 2824 888 2892 ούκέτι
904 2830 937 2892 έν
954 2824 1132 2911 ύστερήματι
1149 2830 1199 2893 καί
1217 2826 1326 2919 ἀγνοίᾳ

171 2935 248 2997 ἐστίν
271 2929 289 2995 ό
307 2929 513 3015 Δημιουργός,
545 2927 612 2994 ούτε
634 2928 744 3011 ἡκατολ
761 2930 792 2994 σέ
811 2928 943 3013 θΜήτηρ
957 2930 1132 3011 καλουμένη.
1179 2936 1255 3008 Πῶς
1269 2930 1326 3019 γὰρ

171 3032 206 3097 όν
219 3061 262 3109 τις
276 3036 307 3098 έν
323 3030 427 3120 ἀγνοίιγ
444 3038 488 3115 είη
503 3031 611 3096 τούτου
628 3025 664 3097 οδ
680 3035 829 3113 έπιθνμεῖ.
874 3034 916 3095 Εἰ
929 3030 984 3117 γάρ
1000 3030 1077 3107 ὅλως
1090 3038 1145 3097 τοῦ
1157 3038 1327 3119 κρείττονος

172 3134 316 3220 ὀρέγεται,
346 3134 407 3200 οἶδε
429 3133 461 3201 τό
484 3133 644 3200 καλόνκαὶ
667 3132 798 3219 ἀγαθόν,
827 3136 878 3199 καλ
899 3131 918 3199 6
938 3133 971 3199 τό
990 3131 1107 3219 ἀγαθόν
1122 3136 1326 3219 ἐπιστάμενος,

172 3242 222 3304 καὶ
248 3237 289 3321 μή
314 3245 427 3323 στυγῶν
453 3245 555 3315 τοῦτο,
588 3234 658 3302 ἀλλά
685 3235 877 3323 ὀρεγόμενος,
910 3234 965 3302 ούιι
992 3240 1070 3303 έστιν
1094 3234 1247 3324 ἀλλότριος
1271 3246 1326 3309 τοῦ

171 3341 298 3427 ἀγαθοῦ.

257 3652 317 3713 Καὶ
331 3653 382 3714 ἵνα
398 3648 439 3731 μή
452 3652 670 3732 κατατρίβωμαι
682 3649 750 3731 περλ
763 3645 816 3722 τάς
829 3646 962 3729 μηχανολς
974 3654 1027 3714 τοῦ
1041 3643 1173 3733 ἀγύρτου
1183 3646 1327 3733 ἀσχολού-

171 3776 272 3832 μενος,
304 3752 421 3828 τούτοις
442 3750 673 3837 ἀρκεσθήσομαι.
727 3756 814 3813 Πᾶσα
835 3749 892 3835 γάρ
913 3748 1005 3816 αύτοῦ
1025 3752 1128 3816 ἔπεσεν
1149 3748 1170 3835 ἡ
1192 3756 1328 3837 ληρωδίο

172 3852 232 3918 ἀπό
247 3860 298 3917 τοῦ
312 3862 370 3918 τῶν
384 3853 506 3919 πάντων
522 3852 668 3934 δεσπότην
681 3858 754 3917 πᾶσι
766 3860 871 3932 σαφῶς
885 3849 1109 3939 ὁμολογηθῆναι
1122 3850 1243 3940 ἀγαθόν
1254 3852 1328 3923 ὄντα

173 3959 223 4019 καλ
240 3954 479 4041 προγινώσκοντα
494 3958 543 4020 καί
560 3954 725 4039 δυνάμενον
741 3952 777 4019 τό
792 3954 888 4020 πάντα
903 3964 1013 4038 ποιεῖν,
1040 3958 1093 4021 καλ
1108 3952 1150 4033 ῶς
1164 3952 1217 4023 ἀπ’
1231 3954 1328 4025 σύοοῦ

174 4065 254 4122 πᾶσα
276 4057 366 4138 φύσις
387 4056 560 4139 ύπύργουσα
581 4057 682 4141 κτιστή
703 4064 800 4133 καλῶς
820 4059 978 4144 γεγένηται.
1024 4056 1100 4123 Οῦτε
1121 4056 1178 4145 γδρ
1196 4060 1328 4129 δυνατόν

173 4159 244 4225 ἀνευ
261 4167 314 4224 τοῦ
329 4167 404 4223 θεοῦ
419 4187 447 4224 τι
462 4157 551 4238 εἶναι,
582 4158 640 4224 ἀλλ’
653 4159 675 4243 ἢ
690 4158 782 4242 μόνον
797 4157 816 4242 ἡ
830 4158 959 4244 ἁμαρτία
975 4158 1032 4227 ούιι
1047 4164 1156 4244 έχονσο
1170 4158 1267 4245 ἀρχὴν
1281 4166 1326 4247 (ί.

50 4304 101 4347 Μ,
113 4290 158 4335 ιιι,
173 4270 239 4344 ζης,
269 4260 337 4328 ον’δὲ
360 4267 401 4338 εἰς
420 4265 501 4337 τέλος
518 4264 662 4344 μένουσα,
691 4266 724 4329 έν
745 4261 817 4347 ἡμῖν
838 4264 870 4328 δέ
890 4262 1067 4340 έπειςύιιτως
1086 4264 1244 4349 γινομένη,
1272 4268 1327 4333 sd

204 4454 228 4503 9.
253 4451 305 4507 ῦλλν
327 4459 377 4505 cod.
395 4456 507 4515 Ναούμ,
531 4457 593 4515 quod
614 4462 646 4507 εελ
670 4453 731 4515 ἰλῦν,
802 4456 860 4505 Cn.
878 4455 908 4504 V.
927 4484 957 4493 -
979 4456 1001 4509 1.
1018 4448 1157 4523 Ρτοδπτρ.
1173 4458 1239 4521 quod
1255 4460 1326 4511 m-

171 4527 366 4643 ηυιπησοιοσιιιιι
376 4528 488 4587 scriplum
497 4527 530 4571 αλ
539 4526 606 4585 apud
615 4526 680 4573 Lxx
691 4527 730 4575 λιι·
762 4526 817 4643 μιίιηη
832 4526 932 4607 τεείὶμιθ
947 4539 977 4575 ιτ
993 4526 1044 4577 eod*
1060 4526 1149 4589 νοτία,
1173 4528 1201 4577 b
1215 4526 1272 4579 ἀλλ.
1285 4540 1325 4591 μ’.

180 4608 245 4656 ττρτι
254 4607 285 4642 ιε.
783 4608 799 4655 ς
819 4606 847 4643 ια
862 4606 901 4645 το.
