3046 5084
397 369 534 423 ransart
549 370 612 424 Lib.
627 373 648 424 1.
664 372 746 425 TOId.
758 372 801 425 111.
827 373 926 425 nasu.
939 373 1020 424 XLII.
1222 366 1283 427 597

130 491 238 566 domiui
255 509 426 575 responsum
442 490 513 555 iilud
532 493 563 556 iu
579 505 710 557 errorem
728 490 871 577 impeliatr
898 496 975 570 (tuce
991 504 1035 554 est
1050 507 1141 556 muter
1155 517 1231 570 mec,
1256 509 1286 558 et

124 597 258 677 frctrm
301 590 384 657 Scito
407 605 466 657 nort
489 593 534 657 bis
551 594 650 659 verbis
669 604 802 677 negatam
820 614 887 656 esse
906 603 1045 672 matrem,
1078 598 1130 659 sed
1149 597 1212 660 eius
1229 598 1283 661 im·

129 695 334 782 portunitatem
350 715 535 779 repressam,
567 697 615 780 qui
634 705 713 759 tanta
729 695 912 759 multitudine
928 696 1122 777 circumfusa,
1152 701 1218 762 dum
1236 720 1283 764 sa-

130 798 231 862 lutaris
248 797 379 860 doctrina
395 797 591 883 profunditur,
614 798 735 883 ipseque
752 799 825 862 adeo
842 797 872 861 in
888 800 1024 862 curandis
1041 801 1224 886 corporibus,
1248 824 1283 866 ac

129 901 322 987 praedicando
347 900 392 977 dei
418 900 510 964 verbo
535 911 614 965 totus
633 911 808 986 occupatur,
840 901 883 964 sic
904 921 969 963 eum
988 922 1077 966 ausus
1095 913 1141 966 est
1162 904 1280 988 alloqui.

129 1001 338 1088 interpellasse
351 1003 460 1088 tpuippe
474 1002 556 1067 visus
570 1014 627 1082 est,
646 1003 693 1087 qui
709 1003 784 1066 bunc
798 1003 828 1066 in
842 1003 957 1065 modum
971 1002 1184 1089 interruperat:
1208 1012 1284 1071 Ecce

129 1118 218 1168 mater
236 1118 302 1179 tue,
326 1117 357 1166 et
366 1108 476 1186 frenes
493 1110 544 1168 tui.
593 1101 752 1188 Quodnisi
771 1116 872 1189 gratus
890 1126 925 1167 ue
941 1105 1083 1170 iucundus
1100 1108 1215 1172 illorum
1233 1111 1284 1173 ad·

129 1216 238 1273 ventus
250 1207 305 1293 ipsi
321 1205 437 1286 fuisset,
462 1229 520 1271 noo
536 1207 610 1292 quod
629 1219 784 1293 autequam
802 1207 916 1271 audiret
932 1208 1050 1271 vertisse
1069 1210 1208 1289 nesciret,
1232 1213 1284 1275 sed

129 1312 204 1395 quod
226 1311 331 1374 adesse
355 1309 426 1373 toris
449 1321 535 1373 autea
553 1311 759 1393 cognovisset,
789 1310 933 1373 acerbiori
954 1312 1068 1393 quidem
1084 1310 1284 1397 increpatione

128 1412 363 1499 intempestivam
385 1411 512 1476 bominis
530 1432 633 1476 vocem
654 1413 840 1498 excepisset,
871 1412 952 1475 velut
970 1433 1034 1474 cum
1052 1410 1143 1477 Petro
1162 1435 1285 1500 respon·

129 1515 188 1594 dit,
210 1520 328 1578 Discede
340 1537 360 1577 u
373 1538 415 1577 rrae
423 1560 432 1589 ‚
456 1519 576 1589 Sutorio,
601 1520 730 1596 quearbm
744 1537 800 1578 non
812 1520 888 1596 cupis
903 1536 974 1596 quoe
989 1519 1127 1591 deiciant,
1150 1522 1202 1578 sed
1212 1541 1284 1599 quoe
1296 1535 1380 1631 ppetpp.

128 1623 278 1681 domenum.
1322 1621 1328 1644 ’
1368 1619 1374 1629 ’

143 1762 148 1769 ·
214 1719 315 1785 Scbod.
333 1718 423 1784 XIII.
456 1722 664 1800 Nomentum
679 1723 738 1782 rilr's
752 1721 927 1782 obdormivit.
974 1724 1202 1802 Expergefoctus
1216 1744 1281 1784 cero
1295 1740 1422 1796 meast.

128 1829 287 1905 eberepcm‘t
305 1835 413 1885 centnm
436 1835 466 1884 et
485 1843 571 1884 mare.

118 1975 124 1988 .
212 1924 313 1990 Retut.
332 1923 422 1989 XIII.
455 1925 522 2008 Age
541 1944 613 1988 vcro
633 1923 767 2007 quunam
787 1924 980 1988 obdormiisse
1001 1925 1125 1988 dicitur?
1168 1924 1284 1989 Divini-

128 2039 217 2094 tatem
232 2029 324 2114 ipsam
339 2049 376 2092 ne
393 2039 423 2091 tu
438 2027 552 2112 quidem
570 2025 690 2090 audebis
705 2026 815 2091 dicere.
861 2027 960 2110 Atque
973 2037 1006 2090 ut
1021 2027 1147 2090 maxime
1162 2027 1283 2107 audeas,

130 2131 255 2196 tourniu
275 2141 378 2216 caput,
410 2131 595 2208 execrande,
627 2128 849 2193 maledictaista
867 2128 1010 2193 recident.
1056 2126 1116 2193 Sed
1134 2150 1221 2192 nemo
1239 2139 1285 2193 est

128 2233 177 2319 qui
192 2255 251 2297 non
264 2232 406 2316 intelligat
420 2255 485 2296 eum
501 2233 549 2317 qui
565 2232 650 2296 bomo
665 2251 771 2294 revera
785 2231 824 2294 sit
840 2233 949 2308 tactus,
967 2252 1070 2295 somnio
1085 2242 1206 2317 propter
1219 2253 1285 2295 cor·

128 2357 183 2422 pus
198 2335 377 2420 indigentem
393 2335 597 2399 obdormisse.
643 2332 722 2398 Nam
738 2334 785 2418 qui
800 2333 879 2397 illum
897 2333 1076 2410 excitarunt,
1098 2356 1155 2397 raon
1172 2335 1283 2398 laruam

129 2438 272 2522 aliquam,
297 2440 348 2502 sed
366 2459 465 2502 veram
484 2438 608 2501 bominis
626 2447 758 2501 naturam
776 2436 999 2500 contuebantur.
1046 2434 1131 2500 Unde
1148 2447 1179 2500 et
1194 2437 1285 2500 mani·

129 2541 183 2606 bus
198 2541 400 2605 concutientes
416 2541 681 2625 compcttautesque
694 2559 761 2603 sese
776 2539 856 2602 ilium
872 2537 1109 2623 expergefecisse
1125 2550 1282 2604 testantur.

128 2648 258 2725 Surgens
275 2649 363 2718 enain,
390 2642 499 2727 iuquit,
523 2646 572 2704 ilie
590 2647 649 2723 ipse
666 2646 899 2723 peristomium,
926 2662 1014 2705 carne
1032 2642 1181 2727 praeditus
1197 2643 1282 2723 deus,

127 2747 243 2812 ecoelo
261 2746 413 2832 delapsus,
446 2757 565 2832 propter
580 2761 634 2808 nos
652 2765 741 2808 carue
756 2745 882 2808 vestitus
901 2754 1036 2828 tanquam
1056 2744 1142 2809 borno
1159 2746 1284 2809 suscita·

128 2861 175 2915 tus
191 2860 254 2928 cst,
278 2850 330 2913 sed
349 2859 448 2934 utpote
464 2849 536 2912 deus
551 2853 708 2929 increpavit
719 2869 806 2922 more,
832 2857 981 2931 totumque
998 2845 1066 2910 iliud
1084 2847 1282 2912 admirandum

128 2973 200 3037 opus
222 2951 379 3035 praestitit.
908 3011 916 3028 ‚

212 3052 314 3119 Sctot.
332 3051 418 3119 XIV.
449 3059 490 3116 Et
510 3058 631 3134 contr'git
650 3074 711 3114 curn
734 3057 805 3127 a'ret,
837 3064 870 3113 ct
889 3075 907 3113 u
930 3056 1020 3115 turbas
1039 3059 1277 3135 eorrpra'rneretur.
1296 3078 1353 3122 thid.
1366 3080 1397 3124 nt.

127 3162 168 3220 Idi
181 3160 282 3220 mulier
296 3179 358 3229 curn
376 3162 515 3238 tetigisset
529 3161 636 3238 aprum,
668 3167 769 3217 sanctu
787 3167 831 3217 est
847 3178 865 3216 α
875 3160 965 3238 flauere
979 3163 1138 3237 sanguines.
1185 3163 1224 3218 Et
1242 3164 1286 3220 cit
1390 3161 1393 3166 ’

127 3265 264 3334 domm
291 3261 359 3338 Quas
374 3283 417 3337 rae
430 3264 545 3340 tetigit?
589 3258 635 3322 Ao
650 3279 785 3322 rursum:
814 3263 1101 3341 Tetigitnreuliqurs.
1141 3262 1215 3322 Num
1230 3282 1282 3341 ego

127 3368 195 3428 novi
212 3368 343 3425 virtutem
364 3367 399 3425 de
420 3385 462 3424 me
483 3366 585 3424 ecesse.

211 3464 314 3544 Reiut.
333 3462 428 3554 XIV.
454 3469 522 3528 Cum
541 3460 630 3538 abent,
656 3483 714 3526 non
738 3463 830 3541 dixit,
855 3471 1009 3539 cumiret,
1036 3484 1072 3527 nc
1095 3465 1180 3528 aliter
1201 3465 1282 3530 iilum

129 3589 212 3655 quam
232 3569 324 3632 ceteri
343 3567 400 3632 iter
416 3568 557 3632 iacientes
570 3568 667 3631 soient
682 3565 818 3630 babuisse
833 3568 982 3630 crederes.
1021 3565 1107 3650 Quod
1122 3588 1195 3633 vero
1209 3571 1283 3633 scri·

127 3683 205 3758 ptum
226 3681 289 3751 est,
315 3673 554 3752 comprimebatur
570 3692 588 3731 a
607 3671 715 3745 umbe,
740 3669 839 3754 utique
858 3670 990 3755 spiritum
1012 3671 1205 3756 comprimere
1222 3682 1283 3736 tur·

127 3774 182 3839 bae
203 3795 261 3838 nou
283 3785 427 3860 poteraut.
474 3769 533 3837 Sed
553 3785 584 3836 et
601 3770 722 3852 mulier,
752 3793 827 3857 quae
848 3772 942 3857 tetigit
958 3793 992 3834 ac
1010 3783 1112 3837 sanata
1130 3784 1191 3854 est,
1222 3796 1281 3838 non

127 3885 243 3957 adrem,
276 3877 328 3941 sed
352 3877 506 3941 humanum
529 3876 662 3960 quiddam
686 3876 762 3960 quod
779 3875 953 3939 contrectari
973 3886 1074 3958 possct
1089 3877 1196 3961 attigit.
1241 3875 1283 3941 Ut
1381 3958 1384 3964 Ι

127 3981 204 4045 euim
220 3981 389 4044 ostenderet
402 3979 553 4044 mulierem
568 4000 674 4064 corpus
688 3979 764 4042 illius
781 3999 838 4041 non
854 3978 951 4063 specie
967 3979 1028 4041 sola
1044 3979 1188 4064 tetigisse,
1204 3980 1282 4044 istud
1317 4031 1320 4038 .

127 4085 220 4170 ipsum
233 4083 427 4168 responsione
444 4105 497 4147 suta
510 4083 657 4146 desierat:
683 4086 751 4160 Qur's
763 4103 806 4143 me
825 4086 940 4161 tetigit?
981 4086 1055 4144 Num
1072 4097 1102 4144 et
1113 4089 1181 4145 acui
1192 4089 1282 4146 eertu-

128 4199 220 4250 terna
241 4208 285 4249 me
305 4191 407 4248 emisse.
1118 4182 1127 4201 ⁸

212 4285 316 4355 Scbol.
332 4286 407 4353 XV.
441 4292 603 4369 Suspicatus
625 4293 654 4349 in
676 4290 782 4349 coelura
804 4289 983 4351 benedicebat
1004 4293 1083 4369 apsr‘s.
1294 4317 1418 4374 cappla,

160 4476 202 4532 63.
218 4479 373 4562 Suprcpctot
385 4470 504 4559 ’Eripere
515 4473 626 4559 diiungi
637 4481 686 4560 cett.
720 4479 804 4528 ttcaem
817 4478 957 4560 oddeodcm
976 4480 1081 4529 uidelicet
1101 4479 1206 4530 etencbcs
1226 4493 1281 4544 pro-

160 4542 203 4599 61.
224 4544 256 4599 ἐπ
288 4543 381 4607 accede
403 4551 492 4597 restnrn
516 4561 559 4608 pro
584 4561 687 4610 αυτους,
720 4548 760 4596 bct
776 4551 797 4596 et
813 4549 876 4597 edem
892 4550 955 4598 10000
971 4562 1045 4610 supro
1059 4549 1173 4610 protatur.

127 4617 190 4682 quau
204 4617 228 4666 n
242 4618 258 4667 ι.
277 4618 304 4667 u
324 4618 389 4668 trau
408 4617 529 4678 ramim
563 4617 688 4679 mamoa-
