3046 5084
193 364 254 424 676
612 373 733 426 SANCTI
750 374 917 425 EPIPHANII

193 488 265 564 θεὸς
279 486 377 573 ἀγάπη
394 490 469 568 έστί,
491 491 542 554 καί
557 486 651 554 πάντα
667 488 703 555 τά
718 487 768 554 ἀπ’
782 488 874 556 αῦτοῦ
888 489 1090 574 κηρυττόμενα
1103 489 1218 575 δμοίως
1232 491 1279 558 ἀεί
1290 520 1341 577 κη-

193 591 339 677 ρύττεται,
361 594 412 657 καί
433 588 496 657 τότε
516 593 567 656 καί
588 599 658 672 νῦν,
679 597 732 658 καί
753 595 784 658 έν
805 600 916 681 παλαιᾷ
936 594 988 657 καί
1008 601 1095 683 καινή
1118 594 1263 685 διαθήκῃ.

68 824 120 870 ηις.
134 813 178 857 σοι.
282 805 340 881 Τῆς
361 796 436 881 πράς
460 801 693 877 Θεσσαλονικεῑς,
725 799 859 881 πέμπτης
880 799 1034 881 ἐπιστολῆς
1055 798 1145 876 (οῦτω
1168 798 1226 886 γάρ
1250 810 1340 867 κεῖται

190 905 221 967 ἒν
242 908 281 989 τῷ
300 904 474 983 Μαρκίωνι,
504 898 612 984 ἀγδόης
629 902 661 965 δὲ
680 898 770 983 οῦσης
786 899 867 985 παρά
884 907 924 989 τῷ
940 898 1104 990 ἀποστάλςο)
1122 900 1159 967 τά
1175 902 1274 969 πάντα
1289 910 1341 969 τοῦ

190 1007 373 1090 Μαρκίωνος
391 1005 624 1089 διεστραμμένως
644 1000 695 1067 ἀπ’
711 1000 803 1085 αὐτῆς
818 1006 934 1085 έχοντος
951 1001 1039 1069 οῦδὲν
1056 1007 1086 1082 ἐξ
1102 1002 1197 1089 αῦτής
1214 1007 1339 1093 παρεθέ-

189 1118 277 1190 μεθα.

276 1218 335 1292 Τῆς
358 1207 432 1295 πρδς
454 1214 672 1283 Θεσσαλονικεῖς
693 1210 846 1297 δευτέρας,
876 1212 961 1291 έκτης
983 1210 1015 1273 δὲ
1037 1212 1175 1293 κειμένης
1195 1212 1279 1297 παρά
1300 1220 1339 1301 τῷ

189 1317 362 1397 Μαρκίωνι,
393 1310 494 1393 ἐνάτης
510 1312 541 1375 δέ
559 1309 650 1393 οῦσης
666 1308 746 1395 παρά
763 1317 802 1398 τῷ
822 1309 992 1400 ἀποστείλω,
1022 1309 1133 1394 δμοίως
1151 1316 1339 1401 διαστραφεί·

189 1438 242 1498 σης
263 1412 313 1480 ἀπ’
336 1411 429 1479 αῦτοῦ
450 1422 503 1479 τοῦ
527 1417 723 1499 Μαρκίωνος,
747 1415 836 1479 πάλιν
857 1411 945 1479 οῦδὲν
966 1415 1136 1497 ἒξεθέμεθα.

189 1724 265 1779 ΤΗΣ
281 1724 381 1777 ΠΡΟΣ
400 1723 604 1789 ΕΦΕΣΙΟΥΣ,
622 1724 796 1776 ΕΒΔΟΜΗΣ
811 1722 937 1776 ΟΥΣΗΣ
951 1724 1043 1777 nm
1059 1722 1126 1777 Tm
1143 1724 1336 1793 ΜΑΡΚΙΩΝΙ,

255 1809 443 1864 ΠΕΜΠΤΗΣ
462 1809 507 1861 ΔΕ
524 1808 618 1861 ΠΑΡΑ
636 1808 701 1860 Tm
719 1808 935 1861 ΑΠΟΣΤΟΛΩΙ
953 1808 1153 1863 ΚΕΙΜΕΝΗΣ
1172 1810 1277 1865 ΤΔΔΕ.

271 1927 297 1992 α’
312 1929 362 1993 καὶ
377 1926 417 2002 λς’
433 1924 517 2009 Σχόλ.
552 1924 807 2008 84Μνημονεήετε
823 1923 908 2008 ὑμεῖς
921 1950 991 1992 ποτε
1008 1925 1043 1991 τά
1060 1929 1154 2011 ἔθνη,
1177 1932 1210 1994 οί
1221 1928 1335 2015 λεγόμε-

188 2057 235 2097 νοι
255 2029 449 2116 ἀκροβυστία,
479 2026 539 2093 ῦπά
562 2036 613 2111 τῆς
629 2029 783 2113 λεγομένης
800 2037 960 2113 περιτομῆς
977 2032 1009 2095 ἔν
1025 2032 1113 2115 σαρκί
1129 2030 1335 2121 χειροποιήτγι,

190 2141 224 2180 ⁸⁶
234 2132 280 2198 ὅτι
292 2125 342 2215 ήτε
357 2141 396 2220 τῷ
412 2139 506 2220 καιρῷ
520 2133 620 2220 ἐκείνῳ
635 2134 724 2216 χωρίς
740 2138 885 2217 Χριστοῦ,
908 2129 1176 2217 ἀπηλλοτριωμένοι
1187 2142 1243 2219 τῆς
1255 2144 1335 2201 πολι-

186 2242 264 2313 τείας
278 2243 330 2302 τοῦ
343 2233 471 2320 Ἰσραήλ,
493 2235 544 2298 καί
559 2235 636 2311 ξένοι
652 2242 711 2300 τοῦν
727 2239 882 2317 διαθηκῶν
896 2241 949 2317 τῆς
964 2236 1150 2321 έπαγγελίας,
1173 2239 1279 2304 ἐλπίδα
1294 2236 1334 2321 μή

186 2342 311 2423 ἔχοντες,
340 2338 391 2402 καί
414 2336 501 2401 ἀθεοι
517 2338 549 2402 έν
564 2344 605 2424 τῷ
621 2335 733 2425 κόσμῳ·
764 2339 831 2401 νυνί
852 2337 883 2401 δὲ
903 2339 933 2403 έν
953 2344 1071 2427 Χριστῷ
1088 2336 1187 2423 Ἰησοῦ
1203 2336 1291 2423 ῦμείς
1305 2342 1337 2405 σί

185 2467 255 2507 ποτε
277 2439 359 2516 ὅντες
380 2438 496 2525 μακράν
516 2437 672 2525 ἐγενήθητε
693 2437 779 2524 έγγῦς
800 2446 883 2527 86τῷ
900 2444 998 2523 αἵματι
1015 2438 1115 2509 αῦτοῦ.
1159 2438 1264 2520 Αῦτδς
1280 2440 1335 2529 γιίρ

187 2541 299 2626 έστινή
321 2542 421 2629 εἰρήνη
447 2539 587 2624 θίήμῦν,
610 2538 628 2607 δ
646 2540 772 2623 ποιήσας
792 2539 828 2605 τά
846 2539 998 2627 ἀμφότερα
1022 2548 1115 2624 θθδν,
1137 2546 1191 2611 καί
1205 2543 1244 2611 τά
1260 2546 1334 2629 ίξής.

270 2645 296 2710 α’
312 2648 363 2711 καί
377 2643 417 2721 λς’
429 2642 545 2730 Ἕλεγγ.
580 2641 620 2708 To*
634 2641 849 2727 Μνημονεῦετε
861 2652 969 2732 καιροῦ
982 2650 1117 2730 σημαίνει
1128 2644 1163 2713 τῦ
1178 2644 1270 2727 είδος,
1283 2648 1335 2713 καί

191 2753 231 2814 Οί
243 2747 391 2835 λεγόμενοι
407 2746 467 2813 ἀπά
484 2755 537 2829 τῆς
554 2747 725 2831 λεγομένης,
745 2754 804 2811 τῶν
819 2746 1000 2834 πραγμάτων
1016 2746 1088 2825 τοῦς
1098 2748 1217 2827 τῦπους
1230 2754 1335 2833 σημαί-

185 2877 237 2918 νει.
281 2853 342 2916 Καλ
357 2849 389 2916 τὸ
404 2848 461 2915 Ἐν
476 2852 577 2935 σαρκί,
605 2852 655 2913 ίνα
669 2853 749 2937 δείξῃ
767 2848 818 2915 τάν
833 2848 928 2917 τῦπον
944 2849 995 2916 τάν
1010 2852 1042 2916 έν
1053 2856 1090 2941 τῇ
1105 2854 1195 2937 σαρκί
1210 2848 1331 2919 ἀπεκδε-

185 2955 308 3039 χόμενον
325 2953 377 3019 τάν
390 2960 445 3019 τοῦ
459 2951 627 3034 πνεύματος
639 2951 756 3038 καιρόν·
785 2955 835 3017 ἵνα
848 2951 884 3019 τά
899 2954 1078 3039 ίντελέστερα
1092 2950 1154 3021 ἀπδ
1166 2962 1222 3021 τοῦ
1236 2954 1333 3023 τῦπον

186 3063 273 3147 διίξη.
320 3057 421 3139 Χωρλς
439 3054 493 3141 γάρ
513 3061 642 3140 Χριστοῦ
657 3058 801 3131 πολιτείας
816 3063 870 3121 τοῦ
882 3053 996 3142 Ἰσραήλ
1010 3054 1031 3140 ή
1046 3054 1228 3143 ἀκροβυστία
1241 3055 1333 3143 ἀπηλ-

184 3166 338 3246 λοτρίωτο,
368 3157 624 3245 ἀπηλλοτριωμένη
644 3158 676 3223 δὲ
692 3160 759 3240 ξένη
776 3151 814 3239 ήν
832 3161 1004 3246 ἐπαγγελίας
1020 3161 1072 3225 καλ
1087 3158 1252 3245 διαθήκης,
1279 3162 1333 3227 καί

184 3268 216 3330 οί
235 3260 294 3330 ἀπά
317 3259 425 3345 ταύτης
444 3258 607 3345 ὁρμώμενοι
631 3263 733 3325 ἐλπίδα
755 3258 810 3326 ουίι
833 3257 924 3345 εἶχον,
952 3258 1011 3327 ἀλλ’
1032 3260 1120 3329 ἀθεοι
1139 3254 1219 3347 ήσιιν
1238 3264 1271 3329 δν
1289 3268 1332 3353 τςῦ

184 3365 301 3456 κόσμῳ,
325 3362 365 3442 τίς
378 3362 580 3429 ἀποδέδεικται
596 3360 655 3429 ἀπδ
671 3370 730 3428 τῦν
745 3370 798 3429 τοῦ
814 3360 978 3429 ἀποστόλου
993 3362 1142 3451 ρημάτων.
1183 3362 1270 3431 ’ma'
1283 3362 1332 3445 τῦ,

185 3474 344 3556 Μαρκίων,
367 3466 433 3533 οῦτε
448 3464 529 3556 δρᾷς,
551 3464 619 3532 οῦτε
633 3463 763 3542 ἀκούεις·
786 3468 849 3532 ἐπεί
864 3464 901 3531 ἀν
914 3465 1007 3544 ένάεις
1020 3468 1123 3535 πείσων
1136 3466 1265 3555 ἀγαθᾶν
1277 3494 1332 3535 πι-

185 3576 298 3658 ραίτιον
320 3570 371 3638 τάν
392 3570 485 3655 νόμον
500 3567 606 3651 φάσκει
629 3565 649 3635 δ
663 3566 747 3654 ἅγιος
761 3567 938 3651 ἀπόστολος,
968 3577 1028 3635 τοῖν
1046 3572 1080 3637 έν
1095 3576 1138 3660 tp*
1154 3568 1238 3663 νάμφ
1254 3570 1333 3659 πρδς

184 3673 237 3739 τάν
251 3672 315 3739 τότε
332 3673 437 3760 καιρδν
453 3672 710 3755 πεπολιτευμένων.
751 3670 808 3737 Ἐν
825 3670 881 3759 γάρ
901 3678 1018 3763 Χριστῷ
1030 3670 1130 3757 Ἰησοῦ
1146 3676 1179 3741 οί
1192 3674 1264 3743 ml
1278 3702 1333 3761 μ·

185 3775 261 3862 κράν
275 3785 329 3842 νῦν
344 3776 430 3863 ίγγῦς
446 3780 478 3842 έν
494 3783 535 3865 τῷ
549 3778 647 3858 αἵματι
664 3772 764 3840 αῦτοῦ.
806 3772 907 3853 Αῦτάς
924 3774 980 3863 γάρ
996 3778 1074 3843 έστιν
1086 3772 1109 3861 ή
1120 3774 1225 3863 είρήτη
1237 3774 1332 3863 ήμῦν,

186 3878 344 3962 ἀπαιτήσας
361 3879 397 3945 τά
416 3877 569 3964 ἀμφότερα
590 3880 628 3943 ἔν.
673 3880 715 3943 Et
729 3877 761 3942 δέ
777 3877 813 3944 τά
828 3875 982 3964 ἀμφότερα
998 3880 1136 3963 ἐποίησιν
1146 3884 1199 3961 δν,
1228 3876 1333 3947 καλοῦ

185 3981 217 4047 τδ
234 3984 285 4065 μὲν
301 3980 409 4061 ἀνεῖλε,
429 3980 462 4047 τά
479 3983 511 4047 δέ
525 3984 620 4066 ἕτερον
634 3979 846 4065 συνεστήσατο,
868 3974 926 4067 ἀρά
943 4004 976 4068 γε
991 3978 1062 4048 οάδλ
1074 3980 1110 4049 εδ
1123 3980 1271 4071 πρῦτερον
1284 3978 1332 4049 ἀλ·

63 4082 301 4169 ανασσῑλάτριον
322 4082 431 4163 αῦτοῦ,
462 4083 532 4150 οῦδὲ
552 4074 590 4150 τά
603 4082 738 4171 δεύτερον
759 4087 863 4149 διεῖλεν
884 4081 944 4151 ἀπά
966 4090 1020 4151 τοῦ
1037 4082 1173 4173 προίτον,
1204 4084 1279 4153 ἀλλά
1295 4082 1333 4153 εδ

184 4184 337 4274 ἀμφότερα
359 4189 401 4263 είς
418 4192 453 4252 δν
474 4184 650 4273 συνήγαγεν,
679 4184 732 4271 οάγ
749 4184 866 4267 ἀπλῦς,
895 4184 934 4253 οῦ
950 4184 1086 4271 δοκήσει,
1112 4184 1187 4253 ἀλλά
1202 4190 1333 4279 imp-'¹5

185 4290 217 4354 έν
234 4293 386 4377 τῷαίματι
398 4287 508 4369 αῦτοῦ,
530 4286 571 4366 οίς
590 4286 612 4373 ή
630 4286 763 4374 ἀσφαλής
782 4298 836 4358 τοῦ
856 4286 1021 4359 ἀποστόλου
1036 4287 1229 4361 ῦπαδείτησι
1249 4294 1331 4363 δεδι

182 4397 293 4457 σκαλία.

216 4546 258 4601 θλ.
276 4552 355 4630 §upra
371 4550 582 4618 Μυημοντιίοντες.
804 4552 847 4609 86.
864 4558 945 4621 Supra
961 4554 988 4613 λι
1003 4548 1050 4629 τή.

216 4616 257 4671 85.
274 4633 315 4671 οτι
330 4620 394 4671 σοιτί
408 4636 489 4685 supro„
804 4624 847 4679 87.
862 4626 944 4691 Sum
958 4622 1040 4693 ῦμῦν.
