3046 5084
192 370 253 435 598
613 380 733 434 οενστι
749 380 919 433 ονιευενυ

267 497 376 585 Ἔλεγχ.
392 499 432 564 ιε’.
464 500 506 563 El
521 496 681 581 ἀνέβλεψεν
698 501 740 575 είς
755 496 901 583 οάρανοάς
915 500 966 564 καὶ
980 495 1147 585 ηάλόγησεν
1162 497 1210 566 ἀπ’
1225 495 1345 577 αάτοάς,

193 601 230 668 οά
249 601 365 684 δοκήσει
387 598 442 685 εἶχε
463 610 522 666 τοῖν
543 628 573 666 τε
592 599 760 684 ὀφθαλμῶν
780 603 831 665 καί
852 608 911 667 τῶν
928 600 1021 668 ἀλλων
1039 608 1134 685 μελῶν
1151 600 1188 667 τά
1206 602 1345 687 σχήματα.

279 703 363 787 Σχόλ.
381 703 426 779 ις’.
460 706 581 789 Λέγαν,
612 712 669 768 Δεῖ
688 702 739 769 τόν
761 702 827 769 υίόν
849 710 904 769 τοῦ
926 702 1094 789 ἀνθράποο
1114 703 1210 771 πολλά
1226 714 1346 783 παθεῖν,

193 810 243 875 καλ
266 805 505 889 ἀποκτανθῆναι,
527 809 576 871 καί
600 805 671 889 μετά
692 816 769 893 τρεῖς
790 803 901 892 ἡμέρας
921 809 1088 893 ἐγερθῆναι.

269 908 379 995 Ἔλεγχ.
395 908 439 987 ις’.
470 913 512 973 Εἰ
524 908 591 974 οἷόν
605 906 771 994 ἀνθρώπου
784 912 835 974 καλ
850 918 959 975 παθεῖν
971 912 1022 976 καλ
1036 906 1268 993 ἀποκτανθῆναι
1282 912 1346 975 έαυ-

194 1012 244 1078 τόν
263 1011 401 1097 όμολογεῖ
420 1011 438 1078 ό
457 1011 616 1098 μονογενὴς
635 1010 701 1087 υἱός
717 1020 770 1078 τοῦ
785 1020 878 1091 θεοῦ,
906 1011 981 1077 κατά
1001 1019 1055 1079 σοῦ
1075 1009 1160 1095 ἀξίνη
1175 1014 1258 1079 έστλν
1273 1012 1347 1097 αὕτη

195 1114 373 1198 ε’κτέμνουσά
395 1137 449 1180 σου
470 1122 569 1180 πᾶσαν
590 1113 643 1197 τήν
665 1118 762 1197 ῥίζαν,
795 1106 819 1179 ἀ
840 1117 870 1191 έξ
889 1111 1030 1181 άκανθοῖν
1050 1116 1240 1201 γεγεννημένα
1258 1122 1346 1199 Μαρ-

191 1223 273 1296 κίων,
296 1220 346 1282 καί
362 1220 467 1300 νεφέλη
481 1216 598 1301 ἀνυδρε,
618 1218 742 1301 δένδρον
755 1242 785 1282 τε
801 1215 937 1303 ἀκαρπου
951 1219 1003 1284 καλ
1018 1216 1257 1303 φθινοπωρινόν.
1287 1220 1346 1283 Kal

192 1318 246 1406 γάρ
267 1341 341 1401 φησι
360 1319 463 1397 πάλιν,
496 1322 556 1385 Καὶ
574 1318 646 1401 μετά
664 1328 741 1403 τρεῖς
755 1316 866 1404 ἡμέρας
885 1322 1051 1406 ἐγερθῆναι.
1099 1324 1135 1385 Τί
1150 1320 1183 1385 δέ
1202 1319 1237 1386 τό
1252 1318 1347 1407 Ἐγερ-

191 1523 347 1607 ἢάνεμος,
376 1523 543 1607 ἢπνεῦμα,
572 1524 770 1607 ἢφαντασία,
800 1528 920 1607 κηδείαν
937 1528 987 1591 καλ
1004 1524 1104 1608 ταφῆν
1118 1523 1177 1592 αάνι
1191 1528 1346 1613 ἀνεδέχετο,

191 1630 242 1695 καὶ
263 1625 430 1692 ἀνάστασιν.

276 1728 353 1812 Σχόλ
379 1727 421 1807 ιζ.
455 1732 515 1795 Καὶ
531 1728 609 1810 λδοά,
634 1728 735 1796 6έδόο
751 1727 856 1817 ἀνδρες
873 1728 1048 1795 συνελάλουν
1063 1726 1160 1819 αάτῷ,
1180 1727 1284 1811 Ἦλίας
1298 1733 1347 1799 ιιαλ

193 1840 309 1913 Μωσῆς
331 1834 362 1897 έν
385 1831 465 1921 δόξῃ.

267 1934 378 2020 Ἔλεγχ.
395 1934 437 2014 εξ.
474 1933 552 2018 Τάχα
575 1932 658 2017 οἶμαι
679 1934 730 1999 διά
751 1942 810 2000 τοῖν
827 1933 921 2020 λόγων
934 1936 1047 2001 τοάτοεν
1064 1932 1098 2001 τό
1114 1933 1199 2021 παρά
1216 1944 1259 2027 τηῖ
1273 1934 1346 2027 άγίμ

71 2072 121 2119 μσς.
134 2060 178 2105 σεε.
196 2043 326 2126 Ζαχαρίμ
345 2039 493 2124 δρέπανον
509 2037 584 2102 κατά
606 2045 674 2117 σοῦ,
705 2030 913 2122 ἀΜαρκίοιν,
943 2034 1177 2118 άνατετόπυται,
1209 2040 1349 2123 λατέμνοτ

192 2164 246 2207 σου
261 2146 358 2206 πᾶσαν
374 2140 427 2224 τήν
443 2139 517 2206 κατά
533 2139 626 2222 νόμου
644 2142 695 2206 καλ
711 2148 874 2226 προφητῶν
889 2141 1119 2224 έπινενοημένην
1132 2144 1346 2229 ψευδηγορίαν.

190 2241 309 2325 Ἐπειδὴ
331 2243 386 2329 γάρ
408 2247 520 2326 έμελλες
537 2241 655 2309 ἀθετεῖν
672 2242 765 2324 νόμον
786 2245 837 2308 καὶ
853 2242 1024 2329 προφήτας,
1053 2240 1225 2329 ἀλλοτρίους
1240 2242 1348 2323 αάτοδς

193 2346 317 2428 φάσκων
332 2353 386 2411 τοῦ
401 2355 532 2431 σωτῆρος
547 2348 598 2410 καλ
613 2353 667 2429 τῆς
681 2343 773 2412 αάτοῦ
790 2344 879 2429 δόξης
893 2347 945 2410 καλ
959 2352 1012 2428 τῆς
1030 2342 1125 2411 αάτοῦ
1140 2348 1254 2413 ἀνθίου
1267 2351 1348 2415 δεδι·

193 2455 325 2528 σκαλίας,
356 2447 543 2534 ἀμφοτέρους
558 2447 648 2534 ἤγαγε
665 2446 734 2531 μεθ’
750 2451 856 2514 ἑαυτοῦ
879 2451 911 2515 έν
930 2456 966 2538 τῇ
982 2450 1044 2537 λδίφ
1061 2445 1156 2515 αάτοῦ
1173 2446 1269 2541 δόξῃ,
1298 2452 1348 2517 παλ

193 2556 280 2629 ἔδειξε
293 2561 356 2628 τοῖς
375 2550 467 2616 αάτοῖι
482 2560 641 2634 μαθηταῖς,
663 2553 714 2616 καί
731 2555 762 2616 οί
776 2552 909 2633 μαθηταὶ
923 2548 997 2635 η’μῖν
1008 2552 1060 2617 καί
1075 2556 1116 2641 τῷ
1128 2548 1246 2643 κόσμῳ,
1267 2578 1349 2621 τυνν-

194 2657 253 2721 έστι
273 2656 362 2719 παντὶ
381 2653 534 2742 ἀνθρώπῳ
552 2655 718 2742 βουλομένῳ
738 2661 804 2737 ζῆν·
832 2658 882 2719 ἰ’να
904 2652 955 2719 διά
975 2656 1028 2736 μέν
1048 2660 1103 2719 τοῦ
1118 2652 1244 2741 πράτου
1260 2652 1303 2735 ἀς
1317 2658 1349 2723 έν

194 2755 277 2845 ἀξίνη
301 2779 355 2822 σου
375 2759 449 2846 τέμη
466 2755 519 2833 τάς
537 2760 633 2839 ῥίζας,
665 2754 714 2821 διά
730 2758 761 2821 δέ
779 2766 833 2823 τοῦ
850 2758 990 2843 δευτέρου
1006 2754 1047 2833 ἀς
1062 2754 1113 2822 διά
1126 2756 1280 2842 δρεπόνου
1295 2764 1350 2825 τοῦ

192 2859 281 2944 λόγου
297 2867 348 2941 τῆς
363 2858 505 2942 ἀληθείας
519 2862 625 2949 έκτέμη
640 2880 695 2925 σου
709 2858 779 2935 τοάς
793 2858 933 2939 κλάδους,
953 2858 1025 2936 τοάς
1039 2856 1072 2925 τό
1085 2856 1212 2927 τείνειεν
1228 2862 1282 2927 παλ
1292 2870 1350 2929 θι-

194 2961 319 3044 νάσιμον
340 2972 403 3037 τοῖς
420 2960 596 3046 ἀνθρώποις
613 2963 809 3040 έκποιοῦντας
826 2960 952 3048 γλοιόδη
974 2960 1051 3028 όπόν
1067 2965 1266 3047 βλασφημίας.
1310 2966 1352 3031 H

194 3063 249 3150 γάρ
270 3061 419 3149 ἀλλότριος
439 3057 478 3147 ἦν
494 3072 633 3148 Μαϋσῖγς
655 3063 673 3130 ό
693 3062 752 3130 ἀπδ
775 3072 829 3131 τοῦ
848 3072 978 3151 Χριστοῦ
997 3062 1088 3131 πάλαι
1104 3068 1279 3145 πιστευθελς
1298 3065 1350 3133 τόν

193 3166 303 3249 νόμον,
331 3168 383 3231 καλ
400 3170 431 3232 οί
446 3176 597 3253 προφῆται
614 3160 689 3249 ἦσαν
708 3166 868 3252 ἀλλότριοι,
898 3166 955 3234 οάκ
973 3166 1012 3233 ἀν
1027 3164 1131 3245 αάτοῖς
1145 3166 1202 3234 σάν
1220 3166 1350 3259 αάνβίν

194 3278 230 3359 τῇ
253 3273 314 3358 ίδίμ
336 3267 427 3335 αότοῦ
450 3268 522 3360 δόξη
541 3268 734 3335 ἀπεκάλυπτε.
779 3272 872 3336 Βλέπε
893 3268 948 3356 γάρ
965 3267 1000 3335 τό
1017 3276 1138 3353 θαῦμα,
1167 3268 1215 3337 ὅτι
1231 3269 1303 3339 οάδλ
1317 3274 1351 3339 έν

195 3380 236 3461 τῷ
251 3372 379 3455 μνήματι
392 3371 515 3448 τούτους
529 3375 653 3454 ἔδειξεν,
677 3371 746 3439 οόδὲ
758 3372 840 3459 παρά
854 3371 906 3439 τόν
919 3370 1058 3459 σταυρόν,
1078 3370 1140 3437 ἀλλ’
1152 3372 1203 3441 δτε
1214 3372 1252 3443 τδ
1262 3376 1351 3461 μέρος

194 3484 247 3558 τῆς
263 3473 355 3542 αὐτοῦ
372 3475 461 3558 δόξης
478 3474 518 3551 ἀς
533 3480 574 3553 εἰς
589 3474 747 3562 ἀρραβῶνα
761 3472 833 3559 ημῖν
848 3474 1047 3555 ἀπεκάλυπτε,
1067 3474 1135 3541 τότε
1148 3474 1349 3565 τοδςιελγίονς,

196 3580 331 3644 Μωϋσέα
345 3580 377 3644 τέ
394 3605 472 3662 φημι
486 3582 537 3645 καλ
550 3576 660 3659 Ἠλίαν,
683 3578 745 3661 ἀμα
761 3577 841 3669 αάτρῖ
854 3578 971 3667 ἤγαγεν,
993 3578 1077 3657 ὅπως
1089 3578 1351 3669 σνγκληρυυάμυς

195 3688 248 3762 τῆς
268 3679 359 3747 αότοῖι
381 3686 529 3765 βασιλείας
550 3680 659 3758 αότοός
679 3679 830 3773 όποδείξη.

280 3886 366 3971 Σχόλ.
381 3887 428 3971 ιη’.
459 3887 511 3955 Ἐκ
536 3896 589 3973 τῆς
609 3890 734 3971 νεφέλης
755 3886 860 3972 φανά,
895 3880 994 3965 Οότός
1013 3890 1093 3955 ίστιν
1117 3884 1137 3955 ό
1157 3886 1227 3967 υίός
1249 3882 1349 3975 μανά

194 3991 352 4078 ἀγαπητός.

269 4093 381 4181 Ἔλεγγ.
396 4096 443 4178 ιη’.
477 4099 572 4160 Παντλ
584 4122 626 4185 τφ
638 4094 729 4179 δῆλόν
743 4097 821 4161 ἐστιν
834 4092 879 4161 ότι
893 4090 915 4178 ἦ
926 4094 1033 4177 νεφέλη
1045 4090 1102 4161 οάκ
1111 4096 1193 4161 ἔστιν
1204 4092 1350 4181 ἀκοή,

197 4196 264 4262 οὔτε
279 4196 354 4283 ὑπὲρ
373 4196 501 4283 οάρανδν
515 4196 655 4285 ἀπάρχει,
678 4196 749 4264 ἀλλά
762 4200 794 4263 έν
808 4202 845 4287 τηῙ
860 4194 931 4264 καθ’
945 4194 1025 4280 ἡμᾶς
1037 4200 1143 4277 κτίσει,
1165 4194 1245 4265 ὅθεν
1255 4196 1279 4285 η’
1289 4222 1349 4283 μ·

196 4298 233 4381 vv}
249 4299 325 4386 πρός
339 4299 391 4367 τόν
407 4308 525 4385 σωτῆρα
536 4299 656 4385 ἠνέχθη.
701 4303 745 4366 El
759 4306 860 4367 τοίνυν
875 4296 894 4366 ό
910 4298 1007 4386 πατάρ
1023 4300 1076 4365 καί
1090 4300 1125 4367 έν
1138 4302 1251 4393 νεφέλη
1265 4308 1349 4383 idq*

197 4400 401 4470 όποδεικνόοιν
415 4412 477 4480 τοῖς
489 4413 640 4487 μαθηταῖς
653 4402 704 4470 τόν
718 4401 811 4470 αάτοῦ
825 4401 903 4484 υίόν,
918 4400 975 4469 οάκ
988 4400 1073 4481 ἀλλος
1085 4404 1166 4469 έστλν
1178 4400 1199 4471 ό
1209 4406 1349 4493 δημη-

230 4628 272 4685 65.
288 4627 473 4695 δόονοοαλουι,
493 4644 554 4697 ςυαε
569 4634 641 4695 υνλςο
656 4634 819 4696 διπλασία,
840 4628 1297 4699 αωηλονλῖελλαλμΗΗ,
1313 4640 1349 4685 n·
