3046 5084
87 294 90 302 ’
155 274 193 331 56
575 279 693 327 SANCTI
712 277 876 327 ΕΡΙΡΗλΝλΙ

153 395 279 461 πάντων.
323 394 491 457 Διετέλεσαν
514 392 545 456 δὲ
568 395 658 457 ἐκεῖσε
681 394 730 457 ἐπί
753 393 837 456 πέντε
860 399 987 475 γενεαῖς,
1020 388 1061 465 ῶς
1083 391 1134 455 καί
1159 389 1303 465 πολλάκις

154 495 245 562 εἷπον.
290 502 356 559 Νῦν
373 495 405 560 δέ
422 491 554 579 άνάγκην
570 495 652 575 ἔσχον
670 500 762 558 ταῦτα
781 497 962 575 δευτερῶσαι.
996 490 1144 574 Ἔμειναν
1160 489 1217 577 γάρ
1236 490 1296 557 άπό

151 607 208 666 τοῦ
223 594 332 679 ’λακῶβ
352 600 385 661 αί
402 598 497 682 γενεαί
515 592 732 679 ἀριθμούμεναι
751 593 801 659 διά
817 604 872 659 τοῦ
890 595 982 672 Λευί,
1013 597 1042 670 ἐξ
1060 586 1152 675 οὗπερ
1169 596 1200 659 οί
1212 597 1299 679 ἱερεῖς

154 698 387 780 κατεστάθησαν,
418 699 468 762 καί
491 694 541 761 διά
562 703 616 760 τοῦ
634 693 751 772 Ἰούδα,
781 699 810 774 ἐξ
827 689 865 762 οῦ
890 695 960 778 μετά
979 695 1103 782 χρόνους
1124 692 1143 760 ό
1161 693 1300 778 βασιλεύς

154 795 221 886 ἦρξε
236 805 340 883 Δαβίδ.
384 801 446 862 Καί
470 795 487 863 ό
510 798 562 879 μὲν
580 799 674 872 Λευίς
693 803 779 884 γεννᾷ
799 797 851 863 τόν
873 797 981 877 Καάθ,
1010 801 1061 863 καί
1085 796 1157 872 τούς
1182 795 1298 875 ἄλλους,

47 931 96 975 τις.
111 918 141 960 ¹8·
156 902 248 969 Καάθ
260 909 347 990 γεννᾷ
361 899 412 966 τόν
423 897 561 984 Ἀμράμ,
581 895 703 982 Ἀμράμ
715 907 803 987 γεννᾷ
814 897 866 964 τόν
881 901 1016 964 Μωϋσέα
1029 903 1081 964 καλ
1094 896 1223 982 Ἀαρῶν,
1245 897 1300 964 τόν

154 1003 292 1091 άρχιερέα.
338 995 433 1077 Οὗτος
453 998 471 1066 ό
488 1006 625 1080 Μωῦσῆς
641 998 770 1080 ἐκβάλλει
792 999 861 1075 τούς
881 998 965 1076 υἱούς
980 999 1099 1087 Ἰσραήλ
1121 1003 1152 1066 έν
1175 998 1300 1082 δυνάμει

155 1115 231 1172 θεοῦ
245 1109 278 1171 ἐκ
293 1112 347 1189 γῆς
361 1100 527 1187 Αἰγύπτου,
550 1097 591 1175 εύς
603 1098 691 1182 ἐχειή
707 1103 828 1187 δευτέρα
841 1100 915 1167 κατά
929 1100 983 1184 τήν
997 1107 1174 1186 νομοθεσίαν
1189 1105 1299 1184 βίβλος.

23 1320 89 1386 Κεφ.
106 1316 138 1373 δ’.
243 1312 299 1373 ιΤί
320 1307 419 1388 μέντοι
440 1330 471 1390 γε
491 1297 529 1386 ήν
549 1301 569 1386 ή
589 1311 649 1369 τῶν
666 1307 739 1369 υίῶν
755 1302 874 1389 Ἰσραήλ
889 1312 1016 1372 πολιτεία
1037 1305 1103 1391 άχρι
1117 1305 1225 1371 τούτου
1245 1313 1300 1372 τοῦ

155 1405 281 1496 χρόνου,
314 1406 350 1473 ού
371 1405 450 1471 πάνυ
471 1412 573 1486 σαφῶς
593 1405 668 1470 κατά
690 1405 723 1471 τό
747 1406 954 1491 φανερώτατον
974 1412 1052 1474 ἐστιν
1073 1411 1179 1487 εἰπεῖν,
1209 1406 1231 1489 ἢ
1247 1405 1301 1488 μό-

156 1538 207 1576 νον
234 1509 279 1575 ότι
305 1511 337 1574 ἐν
357 1512 509 1595 θεοσεβείᾳ
537 1509 586 1571 καί
608 1515 748 1596 περιτομῇ
770 1505 918 1592 ύπήρχον,
951 1513 978 1574 εί
1002 1513 1051 1575 καί
1071 1513 1230 1596 γέγραπται
1253 1508 1300 1573 ὅτι

157 1609 387 1693 ἐπληθύνθησαν
406 1612 437 1673 ἐν
454 1616 492 1698 γῇ
511 1607 652 1697 Αἰγύπτῳ
672 1613 703 1673 οί
717 1611 779 1675 υίοί
792 1607 925 1695 Ἰσραήλ,
954 1613 1005 1676 καὶ
1022 1615 1140 1694 χυδαῖοι
1156 1612 1298 1697 ἐγένοντο.

160 1711 285 1787 Πάντως
300 1709 355 1797 γάρ
372 1737 431 1774 που
448 1708 583 1793 ύχρόνος
599 1718 650 1792 τής
667 1708 764 1775 αύτῶν
780 1716 938 1797 παροικίας
953 1715 1005 1777 καί
1020 1716 1165 1794 ἐπιμιξίας
1182 1710 1232 1778 διά
1248 1716 1302 1800 βᾳ-

157 1819 270 1897 θυμίαν
293 1813 325 1878 τό
348 1817 467 1895 χυδαῖον
489 1812 648 1898 εἰργάσατο.
697 1817 790 1878 Τίνων
811 1815 908 1896 μέντοι
926 1812 1077 1898 γεύεσθαι,
1107 1813 1207 1898 ἦτίνα
1225 1811 1302 1879 άπα-

158 1914 303 2002 γορεύειν,
331 1913 352 1997 ή
369 1913 456 1979 τάλλα
474 1913 529 1980 όσα
547 1912 621 1979 κατά
640 1913 791 1998 διαστολὴν
808 1922 861 1981 τοῦ
880 1913 975 1997 νόμον
994 1915 1148 1995 φυλάττειν
1164 1915 1302 2002 προςετά·

159 2027 288 2101 χθησαν,
310 2015 394 2082 οῦπω
411 2014 484 2081 κατά
501 2015 534 2081 τό
548 2015 753 2101 φανερώτατον
772 2016 1005 2100 ἳέπεσημήνατο.
1047 2015 1206 2096 Ἐξεόντων
1224 2019 1256 2082 δέ
1270 2021 1304 2084 ἐκ

159 2129 213 2206 γῆς
234 2117 407 2204 Αἰγύπτου,
437 2121 468 2184 ἐν
493 2126 533 2205 τῷ
557 2118 681 2206 δευτέρῳ
710 2120 767 2182 έτει
788 2126 840 2200 τῆς
863 2116 961 2185 αύτῶν
986 2117 1106 2199 ἐξόδου,
1138 2124 1303 2208 νομοθεσίᾳ

158 2227 236 2286 θεοῦ
251 2224 455 2297 καταξιοῦνται
475 2219 524 2284 διό
541 2217 635 2304 χειρός
654 2217 745 2283 αύτοῦ
760 2226 813 2283 τοῦ
832 2223 996 2297 Μωῦσέως.
1037 2218 1076 2285 Ἡ
1090 2222 1122 2286 δέ
1140 2227 1304 2303 νομοθεσία

160 2320 182 2404 ή
204 2325 235 2387 ἐκ
252 2328 327 2386 θεοῦ
342 2319 443 2398 αὐτοῖς
459 2325 583 2387 δοθεῖσα
597 2323 788 2404 παιδαγωγοῦ
806 2323 906 2402 δίκην,
934 2319 974 2398 ῶς
995 2325 1046 2387 καί
1061 2320 1249 2409 παιδαγωγός
1266 2315 1304 2403 ἦν

162 2421 180 2489 ό
199 2422 303 2506 νόμος,
332 2431 505 2506 σωματικῶς
528 2423 579 2504 μέν
599 2422 848 2502 διαστελλόμενος,
877 2422 1077 2507 πνευματικήν
1101 2426 1133 2489 δέ
1156 2427 1229 2507 έχων
1250 2423 1304 2508 τήν

160 2530 349 2611 προςδοκίαν,
371 2528 504 2591 ἐδίδασκε
520 2524 752 2604 περιτέμνεσθαι,
774 2528 964 2610 σαββατίζειν,
986 2524 1190 2592 άποδεκατοῦν
1207 2524 1305 2591 πάντα

162 2626 199 2694 τά
215 2626 312 2694 αύτῶν
327 2623 490 2711 γεννήματα
506 2625 558 2688 καί
573 2622 681 2708 ὅσαπερ
697 2622 765 2711 παρ’
781 2623 880 2704 αύτοῖς
895 2631 1037 2708 ἐτίκτετο,
1065 2627 1124 2695 άπό
1140 2626 1304 2715 άνθροόπου

164 2733 220 2804 ἕως
243 2727 384 2809 κτήνους,
414 2722 547 2810 άπαρχάς
568 2750 599 2789 τε
619 2724 735 2792 διδόναι
756 2730 806 2792 καί
830 2728 1025 2813 πεντηκοστήν
1050 2733 1102 2795 καί
1121 2729 1305 2817 τριακοστήν,

165 2831 273 2895 είδέναι
292 2834 356 2915 θεῷ
375 2825 456 2915 μόνῳ
477 2829 529 2892 καί
549 2825 628 2916 αύτῷ
647 2828 802 2914 λατρεύειν.
848 2829 920 2896 8Ἐν
937 2837 1077 2920 μοναρχίᾳ
1098 2833 1151 2916 μὲν
1166 2830 1306 2919 κηρυττό-

166 2955 253 3013 μενον
275 2927 308 2993 τό
333 2926 443 3011 όνομα,
472 2932 529 2994 4έν
550 2930 582 2995 δέ
601 2937 637 3020 τῇ
659 2936 802 3020 μοναρχίᾳ
823 2928 844 3014 ή
864 2931 948 3018 τριάς
968 2931 1014 2998 άεί
1034 2936 1236 3021 κατηγγέλλετο
1257 2936 1308 3000 καί

166 3028 329 3099 ἐπιστεύετο
352 3028 443 3116 ὕπαρ
459 3029 560 3108 αύτοῖς
579 3041 641 3108 τοῖς
659 3031 845 3116 ἐξοχωτάτοις
862 3033 974 3115 αύτῶν,
994 3039 1124 3103 τουτέστι
1140 3034 1308 3123 προφήταις

166 3134 217 3201 καλ
239 3130 433 3217 ήγιασμένοις.
478 3137 588 3210 Θυσίας
609 3160 640 3199 τε
662 3138 713 3201 καί
735 3140 867 3221 λατρείας
888 3135 1052 3224 διαφόρους
1071 3145 1113 3228 τῷ
1134 3143 1312 3222 παμβασιλεῖ

167 3243 232 3324 θεῶ
252 3238 284 3300 έν
304 3241 340 3324 σή
357 3233 455 3324 ἐρήμῳ
474 3240 670 3323 προςέφερον,
700 3239 731 3302 ἐν
747 3245 784 3325 τῇ
801 3243 916 3326 λατρεέᾳ
931 3246 985 3319 τῆς
1002 3246 1217 3326 σκηνοπηγίας,
1246 3237 1306 3304 ύπύ

166 3439 317 3517 Ἐδέξαντο
342 3446 416 3525 γοῦν
441 3444 473 3504 οί
495 3437 581 3505 αύτοί
600 3438 736 3506 Ἰουδαῖοι
760 3441 812 3504 καί
832 3440 1017 3524 προφητικῶς
1042 3440 1144 3523 φωνάς
1167 3442 1233 3528 περί
1254 3447 1309 3505 τοῦ

174 3547 302 3626 Χριστοῦ
325 3543 497 3626 ἐρχομένου,
525 3543 682 3628 λεγομένου
705 3541 759 3624 μίν
779 3541 951 3626 προφήτου,
980 3542 1065 3622 όντος
1085 3544 1118 3609 ὄλ
1135 3549 1228 3623 θεοῦ,
1258 3545 1310 3609 καί

172 3641 293 3728 άγγέλου
313 3645 365 3727 μὲν
381 3646 555 3727 κληθέντος,
583 3647 653 3709 υίοῦ
670 3643 702 3708 δὲ
717 3641 803 3720 ὄντος
818 3651 912 3724 θεοῦ,
942 3648 1093 3729 μέλλοντος
1110 3645 1143 3711 δέ
1158 3648 1310 3733 ένανθρω-

172 3742 276 3827 πήσειν
295 3748 345 3811 καλ
368 3749 400 3811 έν
423 3745 560 3828 ἀδελφοῖς
582 3742 673 3810 αύτόν
694 3746 953 3832 ἐγκαταλέγεσθαι,
985 3744 1027 3825 ῶς
1045 3749 1143 3831 έχουσι
1164 3755 1259 3814 πᾶσαι
1281 3752 1315 3814 αἴ

173 3855 254 3913 θεῖαι
277 3851 404 3935 γραφαί,
433 3848 554 3932 μάλιστα
580 3843 601 3929 ή
625 3852 679 3912 τοῦ
702 3853 934 3934 Δευτερονομίου
956 3848 1031 3916 κατά
1055 3848 1110 3935 τήν
1132 3856 1314 3936 νομοθεσίαν

175 3950 289 4032 πέμπτη
309 3955 425 4035 βίβλος,
445 3952 494 4015 καλ
516 3951 653 4033 καθεξῆς.

210 4172 583 4235 cn.1v.-1.nepmm
603 4172 650 4234 Τις
670 4173 727 4241 μετ
795 4172 912 4225 avem
931 4169 977 4229 Ἐν
999 4176 1122 4246 μοναρχίᾳ
1136 4202 1171 4217 -
1187 4200 1220 4215 -·
1236 4167 1315 4239 ὄνομα

175 4258 214 4295 τοι
229 4258 266 4307 γε.
761 4256 808 4293 mm
823 4249 956 4306 οοοιφοττπι
972 4245 999 4295 ιἐι
1014 4247 1068 4295 edit
1084 4246 1183 4296 Ριλιινλλ.

210 4311 233 4361 ’λ
252 4312 323 4361 luten.
340 4304 354 4362 δ
372 4305 454 4372 νόμος.
795 4304 820 4362 4.
835 4308 861 4363 ἐν
879 4310 999 4381 μοναρχίᾳ
1015 4313 1070 4362 odit.
1085 4312 1184 4362 Ρωσυίέ.

795 4380 818 4431 ὀ.
836 4381 942 4431 mm
957 4376 1025 4446 παρέ
1039 4381 1092 4437 τοῖς
1106 4373 1276 4445 ἐξοχωτάτους
