3046 5084
300 347 339 407 74
720 356 838 408 SANCTI
856 356 1024 407 ΕΡΙΡΠΑΝῙΙ

298 471 465 555 πνεύματος
481 480 534 538 τοῦ
549 469 634 558 άγίου
653 473 733 537 ἔσται
750 498 801 553 μοι
818 474 849 538 έν
865 474 990 560 ἐπιτομῇ
1006 471 1111 556 λέγειν,
1142 468 1196 536 οόκ
1215 469 1373 556 όκνήσαιμι
1396 473 1451 541 ῶν.

300 572 472 656 Διαβρήδήν
487 578 587 639 τοίνυν
604 572 696 649 εάθιίς
713 571 731 638 ό
748 573 851 657 κύριος
862 575 936 658 λέγει
951 580 991 660 τῷ
1012 578 1155 650 Μωϋσεῖ,
1174 569 1315 658 Ἀνάγαγέ
1332 602 1384 656 μοι
1401 580 1451 655 είς

298 675 332 742 τό
357 674 427 760 όρος
452 674 652 758 ἑβδομήκοντα
679 677 911 759 πρεσβυτέρους,
943 677 994 739 καλ
1015 673 1145 757 λήψομαι
1170 672 1228 740 άπδ
1255 683 1308 740 τοῖι
1333 679 1383 742 ίπλ
1412 681 1449 746 σέ

298 776 480 860 πνεύματος,
509 779 560 842 καί
582 781 670 861 ἐκχεῶ
690 773 735 843 ἐπ’
751 774 875 856 αότοδς,
897 778 947 842 καί
969 773 1178 858 άντιλήψονταί
1201 799 1263 842 σου.
1309 781 1387 863 Περί
1410 781 1448 845 δὲ

296 886 349 945 τοῦ
375 883 443 944 υίοῦ
470 879 552 956 ὅπως
572 887 685 966 γνῶμεν
711 875 728 943 ό
751 875 854 965 πατήρ
875 880 963 962 λέγει,
998 877 1176 959 Ποιήσωμεν
1197 876 1360 962 άνθρωπον
1378 878 1447 945 κατ’
1475 937 1477 940 .

296 980 396 1047 εἰκόνα
418 979 561 1065 ήμετέραν
582 982 632 1046 καί
656 977 802 1061 όμοίωσιν.
851 977 890 1043 Τό
916 979 962 1056 δέ,
993 978 1186 1061 Ποιήσωμεν,
1216 977 1270 1062 οάχ
1291 978 1360 1055 ἑνός
1382 983 1447 1048 ἔστι

297 1080 484 1164 σημαντικόν.
529 1084 605 1160 Καί,
625 1079 747 1164 ’Ἐβρεξε
762 1078 865 1163 κύριος
881 1081 930 1144 έπλ
947 1077 1070 1162 Σόδομα
1084 1083 1133 1145 καὶ
1151 1078 1287 1165 Γόμορρα
1307 1089 1367 1165 πῦρ
1390 1086 1446 1148 καλ

296 1193 383 1248 θεῖον
405 1179 483 1267 παρά
502 1186 608 1266 κυρίου
631 1179 680 1245 άπ’
703 1178 842 1265 οὐρανοῦ.
887 1183 963 1266 Περλ
979 1182 1010 1245 δέ
1024 1190 1203 1264 προφητῶν,
1234 1180 1335 1264 ἐπειδή
1356 1184 1445 1268 ίφθη

299 1281 399 1358 αὐτοῖς
420 1281 584 1365 δοθῇναιή
604 1281 818 1364 Πεντάτευχος,
848 1279 944 1348 νάκέτι
959 1291 1024 1357 ταῖς
1045 1281 1143 1359 άλλαις
1164 1293 1292 1368 γραφαῖς
1312 1287 1442 1368 ίστοίχη-
1492 1339 1497 1348 .

296 1408 366 1463 σαν,
389 1381 446 1449 άλλ’
463 1382 484 1466 ή
501 1382 579 1472 μόνῇ
595 1391 632 1473 τῇ
651 1382 855 1472 Πεντατεάχςο,
877 1385 926 1448 καλ
941 1382 977 1450 οιί
991 1392 1027 1473 τῇ
1044 1391 1134 1474 λοιπῇ
1155 1382 1328 1472 άκολονθίμ.
1374 1385 1445 1452 Κάν

296 1512 327 1552 τε
347 1487 378 1551 δέ
400 1483 500 1561 αὐτοῖς
524 1490 593 1575 είπῇ
609 1512 654 1560 τις
669 1487 735 1550 νυνλ
756 1487 896 1569 περὶτῶν
912 1482 1018 1564 άλλων,
1042 1487 1120 1567 φημί
1136 1486 1168 1550 δέ
1185 1487 1251 1572 περὶ
1269 1487 1369 1568 Δαβίδ
1390 1491 1445 1554 καὶ

296 1585 431 1666 Ἡσαΐου,
453 1589 503 1652 καί
518 1594 577 1652 τῶν
591 1592 733 1668 καθεξῆς,
764 1585 800 1652 οὗ
819 1589 1047 1673 παραδέχονται,
1072 1585 1259 1670 κατεχόμενοι
1279 1587 1445 1672 παραδόσει

297 1696 333 1779 τῇ
359 1694 565 1777 2προαχθείσῇ
595 1686 720 1764 8αὐτοῖς
742 1686 801 1753 άπό
835 1696 894 1753 τῶν
925 1691 1009 1753 ίδίων
1033 1691 1174 1774 πατέρων.
1219 1691 1280 1754 Καί
1305 1691 1362 1766 ἕως
1383 1683 1446 1757 τόδε

297 1793 371 1857 έστω
392 1817 443 1874 μοι
460 1788 481 1872 ή
497 1793 564 1876 περλ
580 1798 773 1875 Σαμαρειτῶν
786 1788 950 1875 όφήγησις,
972 1794 1003 1856 έν
1018 1795 1122 1874 βραχεῖ
1136 1791 1190 1872 μέν
1206 1798 1247 1879 τῇ
1263 1788 1341 1879 λόγῳ
1363 1794 1445 1877 είρη.

299 1894 386 1974 μένῃ,
409 1891 446 1959 δι’
460 1892 496 1958 δν
513 1900 687 1980 προορῶμαι
703 1891 800 1975 φόβον
819 1892 859 1976 μή
876 1895 1000 1959 ἐκτεῖναι
1022 1895 1063 1968 είς
1083 1890 1191 1968 πλάτος
1211 1890 1265 1975 τήν
1284 1890 1446 1977 όπόσχεσιν

297 2000 350 2077 τῇς
370 1993 539 2072 συντάξεως.

607 2228 769 2296 ΚΑΤΑ
809 2225 1136 2294 ΕΣΣΗΝΩΝ.

295 2354 441 2455 *Πρώτη
468 2363 588 2457 αἵρεσις
614 2357 680 2432 ἀπὸ
707 2361 940 2453 Σαμαρειτῶν,
965 2354 1091 2450 δεκάτη
1117 2360 1154 2430 δὲ
1182 2362 1228 2454 τῇ
1256 2356 1447 2460 ἀκολουθία.

221 2550 229 2566 .
261 2514 278 2565 ’.
390 2509 447 2581 Είς
474 2508 613 2591 τέσσαρας
641 2504 693 2586 μέν
729 2504 876 2588 1αίρίσεις
898 2511 1078 2589 Σαμαρεῖται
1112 2504 1296 2587 έτμήθήσαν·
1330 2503 1366 2571 τά
1391 2509 1442 2571 ίσα

297 2609 354 2673 θδέ
381 2615 560 2693 φρονοῦντες
585 2604 740 2687 8α’λλήλοις
765 2612 934 2695 *περιτομῇ
961 2630 992 2669 τε
1020 2607 1072 2670 καλ
1096 2606 1249 2698 σαββάτῳ,
1278 2609 1329 2672 καί
1355 2613 1443 2685 θεοῖς

296 2708 392 2784 άλλοις
407 2718 469 2782 τοῖς
480 2711 518 2789 ,ἐν
534 2707 627 2797 νόμῳ,
648 2710 679 2772 έν
693 2711 795 2792 βραχεῖ
818 2710 892 2773 θκαλ
907 2711 940 2772 έν
953 2733 1009 2773 τινι
1024 2714 1125 2783 ποσῶς
1143 2711 1264 2786 ἕκαστος
1278 2717 1337 2775 τῶν
1352 2717 1444 2794 τριῶν

296 2809 372 2896 πρός
396 2809 466 2885 τοδς
489 2812 577 2886 πέλας
596 2811 778 2893 διαφέρεται,
806 2808 881 2892 πλήν
901 2818 960 2875 τῶν
984 2812 1165 2875 7Αοσνθέων
1189 2811 1289 2893 μόνον.
1342 2809 1443 2877 VM·

296 2937 399 2994 μειναν
425 2910 481 2995 γάρ
514 2916 545 2978 οί
576 2909 710 2994 Ἐσσηνοὶ
734 2918 793 3002 9τῇ
820 2910 921 3001 πρῶτῇ
944 2909 1046 3001 άγωγῇ
1070 2913 1161 2995 μηδὲν
1181 2910 1442 3001 ὑπερβαλλόμενοι,

217 3051 223 3063 ·
258 3055 264 3068 ·
302 3012 421 3096 ιομετά
443 3012 513 3090 τοδς
535 3013 736 3098 Γοροθηνοός.
779 3012 975 3096 Διεφῶνιγσαν
995 3013 1070 3098 πρός
1093 3012 1234 3098 άλλήλους
1251 3015 1301 3081 διά
1317 3013 1443 3101 σμικρόν

295 3142 339 3195 τι,
371 3115 527 3200 ἐπειδήπερ
555 3114 701 3201 ἀντιλογία
719 3141 763 3191 τις
790 3113 847 3180 άνά
872 3119 961 3199 μέσον
984 3114 1083 3181 ου’τῶν
1110 3119 1274 3203 γεγένηται,
1306 3119 1384 3200 φημί
1409 3118 1443 3184 δέ

296 3220 387 3302 μέσον
412 3222 585 3301 Σεβουαίων
609 3220 659 3282 καλ
682 3214 870 3299 ιιἘσσηνῶν
890 3221 941 3283 καί
971 3225 1208 3304 ηΓοροθνγνῶν.
1250 3217 1290 3285 Ἡ
1309 3220 1340 3284 δέ
1363 3217 1444 3284 άντιι

187 3386 189 3390 .
294 3326 377 3408 λογία
395 3329 502 3387 τοῦτον
528 3323 585 3403 ἔχει
606 3317 657 3384 τόν
674 3318 793 3406 τρόπον.
834 3317 868 3385 Ὁ
886 3319 979 3404 νόμος
1007 3322 1178 3386 18ἐκέλευεν
1202 3324 1236 3388 ίιι
1256 3318 1443 3402 πανταχόθεν

294 3422 365 3501 τοδς
385 3421 552 3499 Ἰουδαίους
567 3427 815 3509 συναθροίζεσθαι
837 3426 879 3499 είς
897 3420 932 3487 τά
950 3420 1142 3508 Ἱεροσόλυμα
1158 3422 1311 3503 πολλάκις,
1345 3421 1441 3504 14μὲν

296 3519 351 3590 οὖν
369 3525 443 3592 κατά
463 3535 541 3612 τρεῖς
556 3522 678 3609 καιροδς
697 3532 750 3590 τοῦ
773 3527 872 3605 έτους,
902 3523 976 3590 κατά
999 3551 1030 3591 τι
1045 3533 1105 3590 τῶν
1121 3523 1265 3610 Ἀζάμων,
1291 3525 1344 3590 καλ
1364 3521 1440 3589 κατά

299 3628 515 3713 Πεντήκοστήυ,
536 3630 588 3694 καὶ
602 3625 677 3692 κατά
695 3632 920 3713 Σκηνοπηγίαν·
943 3625 1041 3716 ρ’ίιιουν
1056 3628 1088 3695 δέ
1103 3631 1135 3692 οί
1145 3625 1287 3695 Ἰουδαῖοι
1301 3630 1439 3714 διεσπαρ·

297 3730 393 3810 μένοι,
423 3734 475 3796 καλ
499 3735 530 3797 ἐν
552 3739 615 3808 τοῖς
629 3732 749 3816 τέρμασι
763 3737 818 3814 τῇς
830 3727 979 3806 Ἰουδαίας
994 3732 1045 3795 καί
1061 3735 1237 3816 Σαμαρείας.
1279 3732 1442 3815 Συνέβαινε

1140 3886 1157 3929 Ι

330 3951 354 4002 2.
371 3953 539 4037 προςαχθιίοῇ
557 3959 607 4007 cod.
623 3958 702 4007 Ρστῖι.
883 3970 912 4006 τι
928 3953 973 4006 καὶ
987 3951 1123 4023 σαββάτου.
1150 3957 1229 4020 Supra
1246 3960 1271 4008 ιἰι
1285 3956 1443 4020 mamad

329 4018 353 4069 3.
371 4021 486 4082 λιταὶρτι·
499 4028 584 4082 αυτοῖς
597 4038 640 4087 pro
651 4028 704 4082 τοῖς
722 4024 785 4086 quod
798 4025 851 4073 λιθτλ
884 4026 995 4073 Acacium
1019 4029 1040 4073 ιι
1064 4026 1183 4076 Paulum:
1205 4029 1258 4084 τοῖς
1280 4018 1364 4082 αὐτοῖς
1386 4020 1444 4074 ἔδε-

295 4090 398 4172 relinqui.
885 4105 930 4151 σιν,
948 4085 988 4142 οἷα
1003 4087 1036 4156 δή
1055 4089 1228 4159 Σαμαρεῖται.
1246 4085 1442 4176 ἐμπολιτευόμε-

330 4159 342 4184 ’
376 4151 429 4207 Ano*
446 4154 613 4221 Σαμαρειτῶν
635 4157 731 4223 αἵρεσις
753 4153 851 4224 πρῶτη,
884 4174 928 4216 ιοι,
944 4159 1066 4226 περιτομῇ
1082 4176 1111 4212 τι
1125 4158 1169 4212 καλ
1184 4162 1233 4239 σαβ

296 4224 345 4291 τῆς
359 4221 389 4279 δέ
406 4218 554 4283 ἀκολουθίας
571 4221 588 4275 t
605 4228 655 4276 cod.
675 4229 750 4279 Venet.
884 4218 981 4284 ἄλλοις.
999 4223 1124 4294 χρώμενοί
1139 4242 1168 4281 τε
1182 4243 1215 4294 τῃ
1234 4154 1444 4292 δέεῐιτόιτέόῇβοις

332 4292 389 4341 (λιν.
406 4293 424 4339 1.
458 4320 491 4328 -
525 4294 545 4342 l.
563 4282 631 4344 οὗτοι
649 4293 757 4360 αἱρέσεις
772 4290 852 4360 ίτμή-
919 4295 943 4344 5.
959 4293 1009 4345 τῶν
1034 4291 1059 4347 ἐν
1081 4295 1119 4347 τῶ
1141 4289 1212 4360 νόμῳ
1234 4293 1278 4342 ενδ
1301 4290 1356 4340 Vm.
1391 4292 1444 4344 τῶν

298 4359 379 4425 θησαν
397 4361 447 4409 cod.
467 4362 542 4409 γενεαί.
884 4354 965 4416 ἄλλων
980 4362 1030 4415 τῶν
1045 4361 1070 4415 ἐν
1087 4348 1158 4428 νόμῳ
1178 4361 1261 4422 reliqui
1281 4361 1335 4408 ίίδῐί
1356 4374 1442 4411 omnes.

330 4427 355 4477 2.
374 4425 419 4493 μὲν
435 4429 486 4478 οοσ.
503 4430 556 4477 Ven.
886 4433 982 4481 σοττιτί
1005 4434 1061 4482 λσιο
1082 4432 1153 4481 verba
1169 4429 1202 4478 σδ
1217 4429 1379 4478 auctoritatem
1399 4430 1444 4478 λοοῖ

328 4492 355 4546 3.
370 4500 424 4556 τοῖς
440 4489 525 4555 ἄλλοις
541 4496 592 4546 cod.
609 4498 665 4546 Ven.
884 4501 975 4562 ριιαιλλί
988 4496 1444 4560 ιτίειερσιιε.σδλσσσίιακιίΡσυίισσ

329 4555 353 4613 4.
372 4565 536 4627 Reponmdum
556 4568 613 4626 ρυίο
640 4563 698 4631 περὶ
715 4566 854 4631 περιτομῆς
886 4567 1088 4630 wadum
