3046 5084
308 365 442 418 rossan
459 365 523 419 ms.
537 367 557 418 1.
575 326 657 419 iou.
672 368 715 419 aa.
728 365 827 440 susa.
841 366 921 418 nau.
1130 356 1192 421 ott

43 493 88 550 dit
98 507 180 550 secus
196 488 307 560 rubum,
328 491 405 548 sieut
416 491 488 548 dicit
497 491 645 548 lismensem
658 490 739 549 deusn
752 489 898 549 Abralarn
913 499 943 548 et
956 492 1040 550 Isaac
1053 500 1082 550 et
1093 490 1188 552 Iacob.

43 595 120 652 Deus
140 601 232 650 autern
254 601 298 650 est
317 594 456 662 scirorum,
480 611 536 650 non
557 601 740 650 mortuorum.

129 686 230 755 LVII.
263 689 321 754 Isto
340 711 454 774 quoquc
473 690 686 776 praetermisits
711 695 782 769 Quia
800 713 865 753 oeno
879 705 1034 772 resurgant
1049 698 1195 755 nortuiet

45 799 158 875 Ilopses
171 797 301 867 ostendit,
326 796 421 854 ducens
433 798 521 855 Deum
535 795 682 856 Abrabam
695 805 726 855 et
736 798 824 855 beurn
836 797 931 869 Iacob,
956 799 1044 856 licum
1056 799 1190 856 uiuorum.

130 995 245 1063 LVIII.
276 994 349 1062 IIIud
363 997 484 1083 insuper
495 998 611 1062 omisit:
628 1001 755 1079 Capillus
766 1003 902 1079 decapite
913 1011 1005 1062 uestro
1016 1022 1071 1062 non
1080 1001 1195 1081 peribit.
1209 1011 1263 1055 Luc.
1272 1012 1305 1067 ²1,
1316 1010 1347 1056 is
1442 1051 1451 1066 .

131 1201 218 1268 LIX.
252 1200 361 1267 Iterum
381 1204 453 1266 hoec
469 1203 645 1288 amputavit:
679 1207 756 1265 Tunc
771 1209 823 1284 qui
837 1209 866 1266 in
882 1208 987 1266 iudaea
1004 1217 1073 1268 sunt
1077 1208 1199 1288 supeant
1212 1215 1267 1261 luta.
1280 1218 1312 1261 21.

47 1313 86 1371 sd
106 1319 299 1380 montineto,
332 1307 369 1369 ob
391 1326 425 1370 sa
447 1326 521 1389 quas
542 1316 722 1389 sequuntur:
754 1310 848 1368 Ilouec
865 1319 1090 1370 consummentur
1108 1312 1199 1370 omnia

48 1431 120 1493 puae
138 1414 246 1490 scrt'ptu
269 1419 346 1471 sunt.

133 1508 205 1576 LX.
239 1515 364 1574 Locutus
385 1521 429 1572 est
449 1532 510 1572 curn
532 1512 762 1590 magistratibus,
793 1516 1018 1592 quemadmodum
1040 1516 1119 1576 illum
1142 1525 1201 1574 tra·
1217 1524 1318 1582 capso,
1332 1529 1350 1570 s.

49 1620 128 1680 teret
148 1627 202 1677 etc.

134 1714 222 1781 LXI.
254 1720 295 1778 Et
307 1719 383 1777 dixit
399 1719 483 1776 Petro
499 1725 528 1775 et
542 1719 675 1796 reliquis,
708 1719 815 1777 Euntes
828 1729 1014 1796 praeparate,
1039 1731 1072 1779 ut
1085 1723 1199 1781 maudu-
1215 1730 1270 1776 loia.
1282 1734 1302 1777 s.

50 1836 143 1884 ceruus
163 1822 282 1882 Pescla.

135 1919 238 1986 LXII.
270 1924 310 1984 Et
324 1921 469 1993 recubuit,
493 1931 523 1980 et
535 1922 677 1980 duodecim
694 1923 816 1999 apostoli
830 1941 892 1981 euos
906 1925 972 1996 illo,·
996 1934 1026 1983 et
1039 1926 1123 1996 dicit,
1148 1928 1204 1986 Ite-
1217 1936 1315 1983 tuit-1⁵.

51 2030 157 2088 satim’o
178 2027 337 2086 dese'desuoi
355 2026 408 2084 boc
424 2025 533 2084 Pascbu
554 2024 723 2082 munducare
743 2023 897 2096 uobiscum,
929 2035 1074 2104 antequam
1092 2029 1199 2105 potiar.

139 2227 256 2294 LXIII.
285 2227 447 2292 Praetores
471 2227 543 2290 baso
561 2227 597 2289 ab
618 2247 654 2290 eo
673 2227 804 2290 detracta
823 2237 907 2290 sunt:
939 2232 1009 2289 Ilico
1027 2233 1098 2290 enim
1115 2231 1202 2304 uobis,
1218 2244 1274 2290 ania.
1286 2249 1318 2292 lo

53 2337 119 2396 Non
141 2336 219 2395 edant
242 2336 316 2393 illud
334 2334 456 2411 amplius
476 2334 563 2391 donec
584 2333 733 2410 snsplcatur
753 2335 782 2391 iu
803 2351 892 2410 regno
909 2335 1004 2410 potres
1024 2334 1087 2392 mei.

137 2429 255 2497 LXIV.
289 2431 361 2496 Item
376 2432 464 2495 iliad:
489 2436 605 2510 Qauando
621 2437 756 2505 miricas,
780 2436 915 2513 numquid
926 2434 1127 2514 desuitrobcsl
1147 2447 1201 2495 etc.
1221 2451 1318 2500 tutus

56 2533 103 2602 Ob
120 2557 245 2620 eaquae
263 2546 440 2619 sequuntur:
472 2537 513 2595 Et
528 2537 581 2596 boc
598 2545 707 2615 oportet
723 2538 850 2614 inpleri:
882 2545 985 2596 etcum
1002 2539 1105 2615 insonis
1121 2539 1206 2616 depu-

56 2651 132 2702 tatus
154 2651 206 2700 est.

140 2736 244 2805 LXV.
273 2744 402 2802 Aoulsus
416 2751 460 2800 est
472 2740 509 2800 ab
523 2741 593 2813 illis,
616 2750 750 2819 quantum
766 2744 857 2800 sactus
872 2750 917 2800 cst
929 2743 1042 2821 lapidis,
1066 2753 1097 2802 et
1105 2747 1208 2823 positas
1220 2759 1277 2806 tuit.
1287 2763 1320 2809 sl.

54 2845 176 2926 genibus
197 2844 307 2904 orabat.

144 2942 261 3009 LXVI.
291 2948 485 3016 tacemus,
511 2954 543 3004 ut
562 2946 741 3005 oscularetur
761 2966 838 3017 cum,
863 2957 892 3005 et
910 2950 994 3007 dicit.
1221 2967 1321 3015 amau,

141 3045 275 3112 LXVII.
308 3045 425 3110 Recidit
439 3046 467 3108 id
486 3045 595 3130 quoda
612 3042 831 3130 Pctrogostuin
851 3057 912 3127 est,
938 3069 1001 3111 cam
1018 3050 1164 3134 percussit
1180 3060 1210 3115 ct
1221 3070 1321 3119 asiano.

58 3150 218 3236 amputavit
238 3149 411 3213 saniculam.

142 3249 291 3316 LXVIII.
322 3256 364 3313 Et
376 3256 428 3332 qui
442 3252 586 3326 tenebunt,
618 3252 774 3312 illudebant
788 3257 947 3327 caedentes,
981 3266 1010 3315 et
1020 3260 1208 3334 percutientes
1221 3267 1322 3315 intans.

60 3358 203 3429 dc'ecbm,
227 3357 397 3436 Prophetiam
418 3357 481 3433 puis
502 3359 617 3434 estqui
636 3365 663 3415 te
680 3359 842 3434 percussit?

75 3442 78 3451 Δ
144 3454 265 3522 LXIX.
296 3453 369 3520 Post
382 3455 449 3519 iiis:
474 3460 557 3518 Hunc
570 3461 724 3519 enaenniaus
734 3460 936 3520 subvertentem
948 3469 1060 3537 gentem
1072 3471 1207 3533 nubam,
1224 3476 1361 3534 capnos

62 3561 186 3627 additu:
210 3565 250 3622 Et
270 3563 456 3622 destruentem
478 3561 566 3638 legens
588 3573 619 3620 et
633 3563 796 3641 propbetas.

144 3659 249 3726 LXX.
282 3661 369 3746 Aliud
392 3681 507 3745 quoque
528 3672 595 3747 post
617 3663 689 3726 Ilaec
707 3663 815 3727 verba:
846 3667 888 3724 Et
898 3665 1090 3743 prohibentem
1106 3666 1312 3728 tributalium

61 3771 148 3842 dare,
174 3763 316 3843 suIIccit,
339 3767 381 3827 Et
398 3775 566 3852 auertentem
589 3787 693 3828 uscorcs
714 3778 743 3827 et
752 3769 847 3847 filios.

146 3865 267 3932 LXXI.
298 3871 339 3928 Et
352 3872 491 3929 oena'eutes
503 3873 532 3928 in
548 3871 638 3931 iocum
653 3875 706 3950 qui
718 3873 824 3930 dicitur
839 3872 986 3930 Caloarnae
1001 3873 1079 3932 loeus
1087 3916 1096 3944 ,
1120 3874 1213 3932 cruci·
1226 3888 1283 3932 {bia-
1293 3890 1326 3935 ss.

54 3975 191 4054 ficerunt
210 3992 289 4044 eum,
315 3981 344 4031 et
364 3974 521 4032 diuiserunt
539 3977 719 4046 cannensis,
743 3983 773 4032 et
792 3972 958 4032 obscuratus
979 3983 1023 4033 est
1040 3974 1094 4034 sol.

148 4070 284 4138 LXXII.
317 4071 382 4135 Hoc
404 4072 539 4136 abstulit:
563 4077 654 4134 Hodie
674 4095 778 4135 mecum
800 4078 857 4135 eris
878 4079 907 4135 in
929 4078 1074 4136 Porodiso.
1226 4094 1326 4142 initu.

149 4173 300 4240 LXXIII.
330 4180 373 4237 ΕΙ
391 4179 515 4237 clarum
536 4197 602 4237 uoce
621 4197 725 4256 magno
746 4181 895 4256 maurit.
1226 4197 1326 4246 totoue.

150 4274 300 4343 LXXIV.
332 4282 374 4339 Et
385 4299 448 4338 ecce
463 4281 508 4338 air
519 4281 629 4339 nornine
641 4282 739 4359 Iosepb
755 4283 906 4359 dopositum
920 4301 1022 4360 corpus
1036 4284 1161 4355 enoolan't,
1186 4293 1215 4343 et
1225 4300 1282 4347 Ibit.
1294 4304 1327 4350 so.

61 4388 159 4468 posuit
178 4387 208 4444 in
230 4385 403 4444 monumento
424 4384 529 4442 ecciso

150 4479 285 4550 LXXV.
317 4487 358 4547 Et
376 4494 547 4545 reuertentes
567 4485 709 4546 sciuerunt
727 4485 843 4546 sabbato
865 4490 1016 4550 secundum
1040 4491 1210 4550 mandatura.
1227 4508 1284 4554 antu
1296 4511 1328 4556 ts.

67 4628 121 4678 edit.
133 4626 208 4689 princ.
244 4624 348 4674 veterum
363 4622 424 4673 adde
442 4617 547 4684 σινδόνι,
564 4623 627 4685 quod
640 4624 704 4685 inim
719 4627 839 4686 emeritus.

938 4693 1011 4761 37*
