3046 5084
395 338 529 390 sudanti
544 338 634 389 ctat.
648 339 730 392 ΤΟΜ.
748 341 779 392 li.
796 340 895 392 nauh.
910 340 998 391 XXX.
1204 331 1261 399 241

127 471 195 520 rect
208 463 237 521 in
252 460 324 523 libro
338 461 401 533 loe,
425 468 459 518 at
470 459 564 536 tumst
577 476 621 517 eu.
666 453 714 519 llo
729 458 827 541 itaque
842 456 977 523 Christus
993 459 1121 538 advenit,
1144 471 1175 523 nt
1190 482 1264 544 qnae

127 560 207 623 dirae
226 560 374 623 cuiusdam
393 555 518 620 vinculis
538 544 755 639 imprecationis
772 569 858 619 eraut
874 558 1013 622 obstricta
1030 558 1169 625 solveret.
1204 560 1265 645 Qui

126 662 239 744 quidem
262 683 314 746 pro
335 658 453 740 exiguis
477 656 552 733 illis,
576 674 651 739 quae
671 655 770 739 perlici
794 677 852 720 nou
876 667 1024 740 poterant,
1056 660 1139 721 nobis
1161 683 1265 744 magna

127 762 286 839 concessit,
309 762 339 822 io
358 758 461 841 quihus
477 757 657 840 exequendis
675 754 762 834 nibil,
786 757 863 819 utin
880 758 1023 840 prioribn's
1039 759 1107 835 illis,
1132 764 1267 843 estquod

125 885 189 926 cunr
206 863 300 926 altero
315 868 469 943 repugnet.
504 857 602 941 Atque
618 858 672 921 hcc
689 860 750 920 lere
767 857 852 920 modo
868 859 898 920 in
915 860 993 921 omni
1008 860 1180 922 confutanda
1199 859 1267 924 bae·

126 965 205 1041 resi,
230 982 305 1047 quae
322 959 452 1039 sabbati,
476 959 522 1021 rel
539 959 785 1036 circumcisionis,
808 959 855 1023 vel
872 960 991 1023 nicecius
1011 960 1174 1024 huiusmodi
1195 962 1268 1024 ritus

126 1063 364 1128 observationem
392 1058 618 1145 praescriberet,
648 1060 727 1123 istud
752 1060 845 1144 ipsum
870 1062 1071 1125 demonstrare
1092 1062 1266 1141 studuimus,

127 1165 275 1228 dominum
295 1162 379 1225 nobis
393 1181 466 1245 qnae
481 1171 582 1224 essem
596 1160 770 1244 perfectiora
786 1161 934 1225 tribuisse.
981 1160 1162 1246 Ecquidnam
1180 1165 1269 1247 igitur

127 1266 163 1328 ad
185 1264 230 1327 sui
252 1263 469 1327 excusationem
486 1262 592 1325 afferre
609 1262 650 1325 illi
671 1272 824 1346 poterunt,
847 1263 895 1344 qni
914 1262 1026 1347 spiritui
1042 1275 1145 1327 sancto
1164 1286 1268 1349 parere

128 1367 308 1443 detrectant,
332 1365 359 1427 ei
375 1364 489 1446 inquam
506 1363 620 1448 spiritui
638 1362 687 1448 qui
706 1384 758 1448 per
774 1364 923 1451 apostolos
942 1366 1080 1443 edixerit,
1102 1389 1139 1428 ne
1150 1371 1267 1446 gecc'li..
1281 1378 1328 1421 aa.
1342 1381 1374 1434 15,
1387 1384 1412 1425 ro

130 1470 181 1542 brer
196 1471 235 1528 od
249 1470 432 1528 Cdrc'rtr’rmcm
447 1469 610 1544 religionem
628 1469 765 1527 modach‘r
778 1488 849 1526 orius
865 1471 1053 1545 ziapoueretm·
1067 1472 1162 1542 uliud,
1185 1491 1267 1548 quum

132 1574 199 1631 duee
217 1571 389 1641 emersurus,
414 1578 476 1628 utu
492 1571 646 1645 surrgmire,
669 1578 698 1627 et
710 1570 867 1651 srqffocuto,
891 1581 920 1627 ct
927 1569 1120 1649 'fornicatione
1136 1582 1167 1630 et
1185 1574 1268 1631 ridelis

129 1673 267 1731 immolato
285 1691 345 1730 sere
362 1672 557 1729 cccccccccc?
599 1666 649 1729 Aa
670 1689 727 1730 uon
751 1668 848 1730 divina
866 1689 919 1730 cos
942 1671 1080 1733 excidere
1100 1671 1193 1753 gratia
1216 1693 1267 1735 uc·

127 1790 211 1834 cesse
229 1781 291 1850 est,
315 1791 380 1832 cum
400 1769 441 1831 ita
457 1778 575 1830 sanctus
590 1764 700 1830 Paulus
723 1769 870 1852 apostolus
892 1770 1057 1854 scripserit:
1088 1776 1125 1832 Si
1142 1779 1348 1834 carrum-caue.
1360 1791 1382 1842 s,
1395 1793 1414 1834 a.

127 1877 273 1944 cillumc'rri,
300 1875 430 1932 Christus
446 1871 521 1930 nibil
536 1870 612 1928 cobet
629 1872 775 1947 proderit:
799 1875 962 1950 quacumque
978 1878 1007 1933 in
1024 1876 1086 1952 lege
1103 1878 1271 1953 gloriamini

125 1979 260 2052 agralia
281 1976 448 2034 emcr'drbti'sl

210 2072 408 2157 Quamobrem
432 2081 535 2134 coutrn
551 2070 626 2133 banc
641 2068 727 2132 etium
743 2069 879 2131 haeresin
896 2071 994 2135 brevis
1014 2072 1071 2135 ista
1091 2086 1192 2139 nostra
1209 2078 1267 2141 dis·
1286 2087 1343 2154 cap.
1358 2089 1401 2139 tx.

127 2176 234 2262 putatio
258 2175 392 2239 sufficiet.
436 2170 538 2236 Facile
560 2170 637 2234 enim
661 2169 711 2234 isti
734 2171 829 2233 relelli
851 2171 1041 2256 convincique
1066 2186 1204 2258 possunt,
1234 2200 1267 2242 ac

126 2275 227 2341 ludaei
251 2277 452 2362 potiusquam
478 2273 607 2336 cuiusvis
631 2272 751 2335 alterius
774 2271 893 2356 generis
912 2284 995 2351 sunt,
1020 2277 1133 2339 tameui
1154 2274 1267 2342 ludaeis

127 2380 185 2443 siut
199 2376 405 2441 inimicissimi.
449 2373 556 2458 Neque
574 2374 650 2437 enim
670 2371 841 2437 ludaeorum
858 2375 966 2458 posteri
984 2376 1077 2439 solum
1096 2378 1209 2462 capitali
1233 2381 1267 2444 il-

126 2481 171 2545 los
192 2480 259 2542 odio
282 2488 512 2562 persequuntur,
536 2477 637 2539 sedet
659 2496 761 2554 mane,
785 2497 819 2538 ac
835 2477 971 2553 meridie,
996 2487 1025 2539 et
1048 2479 1084 2539 ad
1100 2499 1264 2565 vesperam,

127 2593 173 2645 ter
187 2584 221 2645 de
241 2580 305 2659 die,
328 2600 392 2642 cum
409 2578 437 2640 in
453 2577 611 2663 synagogis
630 2578 690 2641 suis
708 2577 743 2640 ad
764 2578 902 2640 orandum
921 2578 1099 2642 conveniunt
1115 2581 1186 2643 diris
1202 2583 1267 2648 illos

128 2684 286 2761 devovent,
309 2702 342 2744 ac
360 2680 475 2745 solenni
489 2679 696 2763 imprecatione
714 2678 908 2763 proscribunt.
952 2680 999 2742 Ac
1012 2677 1199 2763 Nazaraeos,
1222 2686 1266 2748 iu·

127 2786 245 2869 quiunt,
269 2785 341 2846 deus
357 2791 525 2845 execretur.
570 2779 604 2844 ln
621 2781 674 2844 bos
692 2781 767 2843 euim
785 2780 942 2842 olleusicre
958 2791 988 2843 et
1002 2782 1154 2847 acerbiore
1170 2786 1266 2852 animo

128 2898 213 2963 sunt,
236 2887 311 2968 quod
332 2905 396 2946 cum
417 2880 621 2946 eludaeorum
641 2901 763 2945 numero
780 2882 854 2958 siut,
879 2881 1063 2946 nihilominus
1080 2880 1177 2949 lesum
1201 2909 1267 2952 esse

128 2983 278 3051 Christum
295 2986 478 3070 praedicent,
502 2984 578 3068 quod
599 2984 635 3046 iis
652 2983 700 3067 qui
716 2979 890 3046 ludaeorum
907 2984 999 3046 adbuc
1015 2988 1196 3051 ceremonias
1218 3011 1267 3052 co·

128 3089 207 3166 lunt,
237 3086 378 3172 imprimis
402 3097 449 3149 est
473 3083 668 3163 contrarium,
689 3083 748 3168 'qui
769 3078 917 3148 Christum
942 3085 1078 3148 videlicet
1100 3090 1264 3172 repudiant.

127 3187 184 3253 Est
203 3210 276 3252 vero
301 3209 392 3274 penes
417 3188 483 3251 illos
507 3186 690 3269 evangelium
718 3186 875 3249 secuudum
898 3183 1096 3266 Matthaeum,
1121 3187 1266 3254 llebraice

127 3291 285 3377 scriptum,
315 3289 477 3373 etquidem
499 3286 756 3351 absolutissimum.
801 3284 867 3350 Hoc
885 3287 962 3351 euim
979 3289 1159 3369 certissime,
1183 3303 1269 3374 prout

128 3391 282 3458 Hebraicis
295 3389 389 3454 literis
402 3390 485 3453 initio
502 3389 640 3474 scriptum
655 3398 712 3467 est,
735 3387 766 3451 iu
782 3387 951 3451 hodiernum
967 3399 1079 3474 tempus
1094 3411 1186 3472 nsque
1198 3413 1268 3455 con·

129 3504 260 3558 servant.
293 3489 404 3556 Verum
416 3491 487 3555 illud
502 3490 614 3569 nescio,
638 3510 706 3553 uum
723 3490 911 3573 genealogias
926 3489 992 3553 illas
1007 3491 1182 3574 amputarint
1194 3514 1268 3576 quae

130 3595 166 3659 ab
181 3594 330 3659 Abraamo
345 3594 382 3658 ad
398 3591 548 3658 Christum
568 3611 659 3677 usque
677 3592 834 3677 perductae
855 3601 934 3654 sunt.
978 3586 1133 3654 Postremo
1151 3614 1216 3657 cum
1233 3595 1268 3658 il·

129 3696 188 3761 lam
204 3696 339 3761 haeresin
359 3696 402 3760 sic
419 3707 555 3788 tauquam
572 3693 743 3758 imbecillem
760 3693 902 3779 quendam
919 3702 948 3754 et
963 3702 1136 3756 venenatum
1150 3695 1267 3760 crabro-

130 3818 196 3862 nem
210 3797 484 3883 deprehenderimus
499 3796 679 3861 severitatis
692 3797 825 3859 oratione
839 3792 1057 3872 obtriverimus,
1081 3814 1134 3859 nos
1145 3797 1182 3861 ad
1196 3799 1267 3863 alias

130 3899 285 3986 deinceps,
309 3920 327 3962 o
349 3897 511 3979 carissimi,
533 3898 632 3963 divino
654 3897 721 3961 freti
743 3896 888 3981 praesidio
910 3895 1106 3961 conferamus.

314 4136 663 4215 ADVERSUS
701 4133 1086 4230 balcham,

389 4280 470 4352 quae
497 4263 549 4330 est
572 4255 720 4330 haeresis
744 4254 807 4347 X,
831 4254 886 4329 vel
910 4254 1019 4330 XXX.

213 4405 387 4474 Nazaraeos
405 4406 513 4484 Ebion,
538 4427 630 4490 aquo
648 4403 802 4469 Ebionitac
819 4406 899 4485 dicti,
924 4408 1056 4493 proxime
1072 4379 1270 4495 consequitur,
1290 4417 1381 4484 capt.

132 4509 289 4594 eademque
305 4531 370 4573 cum
387 4509 446 4573 illis
462 4510 597 4594 dogmata
611 4507 774 4594 profitetur.
821 4507 906 4592 Quod
922 4511 1096 4575 horrendum
1112 4523 1273 4576 monstrum

181 4607 268 4666 corpu
280 4607 458 4654 amman
1035 4619 1073 4680 16
