3046 5084
448 356 493 408 AD
506 355 694 410 tstssonatt
711 355 818 408 sctctt
835 357 880 409 ΕΤ
897 356 1006 408 sautu.
1279 346 1298 407 9

156 496 209 540 eae
229 473 373 540 eeclesiae
394 475 479 539 bdem
500 494 519 538 a
542 473 627 538 uobis
647 495 818 560 expressam
837 487 1041 561 percurrentes
1061 475 1228 539 condonare
1246 497 1300 540 ve·

156 576 233 655 litis,
264 588 364 663 utpote
383 576 562 652 homiuibus,
592 587 624 639 et
643 575 684 639 ita
704 576 884 661 potissimum
903 577 1034 655 allectis,
1063 589 1097 639 ut
1114 599 1177 640 cum
1198 577 1299 645 labore

156 699 190 741 ac
211 680 309 743 divino
331 680 398 743 zelo
421 678 537 764 pietatis
556 687 654 762 partes
674 698 856 760 propugnare
875 699 1030 755 conemur,
1057 677 1144 756 illud,
1168 679 1296 762 inquam,

155 779 332 863 ignoscatis,
363 779 475 862 siquid
497 778 582 863 paulo
605 777 728 862 amplius
748 798 782 839 ac
799 780 993 863 praestantius
1016 779 1052 841 ad
1072 781 1246 843 sanctissimi
1270 791 1300 842 et

155 883 233 945 omni
259 881 450 947 veneratione
473 879 634 963 dignissimi
662 879 850 964 patrocinium
875 880 1000 943 nominis
1026 901 1167 965 usurpare
1193 880 1299 944 divinis

155 984 222 1046 freti
240 984 351 1046 viribus
368 980 431 1044 ausi
449 980 600 1058 fuerimus,
624 981 652 1043 id
669 981 761 1064 ipsum
780 981 959 1044 concedente
977 982 1044 1059 deo,
1068 981 1298 1065 quandoquidem

63 1132 74 1158 ,
156 1104 191 1146 ea
208 1105 281 1168 quae
298 1082 461 1146 facultatem
478 1093 607 1145 nostram
626 1091 766 1166 superant
783 1082 966 1164 inquirimus.
1009 1081 1088 1148 Num
1105 1095 1135 1145 et
1153 1105 1205 1168 pro
1221 1083 1300 1146 veri·

156 1196 216 1249 tate
235 1184 329 1247 oratio
345 1184 413 1262 ista,
436 1194 465 1246 et
480 1205 532 1267 pro
548 1183 654 1269 pietate
669 1183 831 1247 lucubratio
845 1182 1014 1268 suscipitur.
1058 1184 1105 1247 Ad
1123 1185 1194 1247 haec
1210 1185 1300 1247 vehe-

156 1295 304 1349 mentera
319 1285 401 1348 vobis
416 1285 540 1370 postulo,
565 1295 597 1348 ut
614 1285 638 1346 si
657 1284 724 1368 qnid
739 1285 814 1347 lorte
831 1286 983 1369 reperiatis
997 1321 1039 1333 -
1054 1307 1225 1369 quamquam
1240 1307 1299 1348 non

155 1386 225 1450 illud
241 1386 314 1449 adeo
333 1387 421 1450 moris
436 1397 481 1450 est
496 1385 593 1464 nobis,
616 1386 755 1449 vellicare
772 1387 946 1470 quempiam,
971 1399 1020 1450 aut
1037 1389 1065 1449 in
1084 1409 1148 1450 eum
1166 1388 1241 1450 dicta
1257 1387 1300 1450 ia·

156 1507 242 1564 cere3
257 1524 297 1536 —
311 1508 412 1551 veram
429 1489 453 1551 si
471 1510 523 1572 pro
536 1488 740 1551 ardentissimo
756 1499 857 1550 nostro
876 1488 1017 1563 adversus
1034 1488 1173 1552 haereses
1190 1489 1298 1565 studio,

157 1599 187 1652 et
203 1588 373 1652 allectores
389 1590 424 1651 ab
440 1589 476 1652 iis
495 1590 713 1667 deterreamus,
738 1591 909 1653 concitatius
925 1591 1031 1673 aliquid
1047 1589 1206 1653 dixerimus
1215 1612 1228 1666 ,·
1254 1599 1300 1652 ut·

156 1701 222 1776 puta
240 1691 264 1755 si
282 1689 475 1776 impostores,
499 1692 706 1769 circulatores,
731 1702 781 1752 aut
800 1691 923 1755 miseros
942 1692 1134 1775 appellemus,
1157 1693 1185 1754 id
1204 1691 1300 1754 velitis

155 1791 320 1876 ignoscere.
365 1790 443 1854 Nam
461 1791 569 1875 etipsa
586 1792 754 1855 certaminis
772 1814 805 1855 ac
822 1793 1024 1878 disputationis
1041 1793 1203 1856 necessitas
1221 1793 1299 1856 cius·

154 1894 230 1956 modi
248 1894 377 1956 laborem
393 1892 477 1955 nobis
494 1893 646 1976 imposuit,
671 1915 728 1975 quac
746 1895 782 1955 ab
800 1894 856 1957 iltis
871 1896 996 1958 lectores
1012 1907 1219 1973 avocarentur,
1244 1894 1300 1958 uti-

153 2017 209 2080 que
226 1996 340 2058 illorum
356 1996 519 2057 lunationes
535 1995 676 2078 mysteria
691 2015 726 2056 ac
741 1995 872 2077 dogmata
890 1997 926 2058 ab
944 1998 1074 2060 instituto
1090 2007 1191 2060 nostro
1204 1996 1300 2058 aliena

154 2117 221 2160 esse
240 2107 326 2181 atque
350 2096 504 2160 interdicta
527 2105 692 2174 constaret,
723 2106 809 2178 atque
830 2108 862 2158 ut
883 2118 921 2159 ex
942 2100 1074 2160 oratione
1096 2099 1159 2182 ipsa
1183 2109 1213 2161 et
1232 2119 1301 2160 acu-

154 2199 232 2261 mine
256 2198 459 2284 disputationis
480 2198 622 2260 libertatis
646 2197 790 2281 ingenuae
813 2198 959 2280 specimen
980 2201 1150 2276 ederemus,
1185 2189 1243 2261 tum
1270 2209 1301 2261 ut

155 2299 279 2383 denique
302 2301 403 2362 maiori
427 2300 476 2362 illa
499 2301 655 2362 verborum
679 2298 836 2384 asperitate
861 2298 973 2381 aliquos
997 2300 1099 2362 saltem
1127 2301 1161 2363 ab
1185 2301 1300 2363 illorum

155 2403 329 2485 contagione
352 2422 493 2464 revocare
517 2422 681 2486 possemus.

240 2500 324 2585 Quae
341 2503 455 2586 quidem
473 2503 568 2566 omnia
587 2503 641 2566 hoc
658 2503 688 2566 in
707 2524 795 2588 opere
814 2503 1023 2588 comprehensa
1040 2503 1131 2566 trihus
1148 2503 1228 2564 libris
1246 2524 1300 2565 ex·
1319 2514 1378 2581 cap.
1397 2517 1428 2566 11.

156 2603 316 2689 plicantur,
344 2604 452 2689 primo,
477 2605 605 2668 secundo
624 2626 658 2667 ac
679 2606 777 2668 tertio.
824 2603 911 2667 lidem
937 2627 1024 2691 porro
1047 2605 1111 2668 libri
1138 2615 1246 2687 septem
1271 2604 1300 2665 in

154 2716 249 2768 tomos
268 2706 413 2769 distributi
431 2717 511 2784 sunt,
536 2728 656 2790 quorum
675 2705 781 2790 singoli
801 2718 910 2769 certum
930 2708 1091 2770 haereseon
1111 2728 1145 2769 ac
1160 2705 1301 2768 schisma·

155 2820 215 2870 tum
243 2829 393 2870 numerum
418 2807 585 2885 continent,
622 2829 694 2891 qnae
722 2809 805 2871 simul
833 2810 954 2872 collecta
978 2807 1106 2871 LXXX
1131 2809 1298 2871 conficiunt.

156 2907 288 2992 Quorum
300 2909 509 2994 appellationes
523 2910 576 2972 hac
590 2920 658 2972 suut
670 2931 704 2972 ac
718 2911 869 2992 dogmata:
889 2908 914 2972 l.
934 2909 1149 2989 barbarismus,
1167 2907 1206 2972 ll.
1226 2907 1301 2994 Scy·

155 3010 290 3086 lhismus,
315 3008 372 3074 tlt.
397 3010 608 3089 Helleuisnrus,
633 3009 689 3075 lV.
714 3008 889 3090 ludaisurus,
915 3011 954 3075 V.
980 3011 1211 3076 Samaritismus.
1252 3011 1300 3073 Ab

154 3112 191 3175 iis
212 3112 350 3198 deinceps
367 3113 496 3196 reliquae
517 3124 617 3175 sectae
633 3114 847 3197 produxerunt.
894 3113 970 3177 Nam
992 3126 1060 3177 arrtc
1076 3111 1185 3178 Christi
1204 3113 1301 3175 salva·

155 3213 228 3279 toris
244 3215 398 3277 adveutum
417 3225 482 3298 post
497 3214 650 3277 barbaram
666 3226 696 3279 et
713 3213 879 3301 Scythicam
897 3217 1133 3301 superstitionem
1150 3237 1167 3277 e
1185 3213 1300 3277 Graeca

153 3316 229 3380 istae
249 3317 435 3401 prodierunt:
468 3314 525 3380 Vl.
550 3314 813 3402 Pythagoreorum,
838 3319 884 3402 qui
909 3330 938 3381 el
956 3316 1155 3402 Peripatetici,
1179 3325 1299 3376 anctore

154 3418 308 3482 divisionis
323 3418 495 3498 Aristotele,
515 3416 584 3483 Vll.
602 3417 831 3499 Platonicorum,
851 3418 937 3484 tht.
958 3417 1135 3493 Stoicorum,
1155 3413 1213 3479 lX.
1231 3413 1301 3500 Epi·

154 3542 321 3586 eureorum.
361 3520 439 3584 Tum
456 3519 639 3586 Samaritana
654 3533 746 3603 secta,
771 3544 845 3606 qnae
864 3543 902 3585 ex
922 3519 1036 3584 ludaica
1055 3516 1214 3603 pullulavit.
1255 3516 1301 3581 tta

154 3644 242 3706 porro
261 3635 386 3708 quatuor
403 3624 432 3687 in
455 3624 596 3686 lactioues
614 3623 701 3702 abiit,
732 3621 776 3687 X.
802 3623 1036 3697 Gortheuorum,
1066 3615 1124 3682 Xl.
1151 3617 1300 3683 Sebuaeo·

154 3743 237 3801 rum,
264 3722 341 3789 ΧΗ.
362 3725 564 3806 Essenorum,
592 3723 682 3789 Xlll.
703 3724 922 3790 Dosithccrnm.
969 3719 1108 3804 Sequitur
1124 3719 1298 3801 ludaismns,

156 3824 191 3886 de
207 3845 263 3906 quo
278 3825 455 3908 dictumest,
477 3827 527 3912 qui
541 3827 687 3913 propriam
702 3828 738 3892 ab
754 3829 905 3891 Abraanrn
920 3826 1040 3907 liguram
1057 3844 1090 3886 ac
1104 3834 1199 3887 notam
1216 3845 1300 3887 acce·

156 3925 208 4011 pit.
255 3922 367 3989 Deinde
386 3951 440 4012 per
453 3929 569 4016 Moysis
591 3931 685 4014 legem
706 3931 859 3994 collatatus
879 3927 914 3988 ab
937 3923 1006 3990 luda
1027 3923 1123 3989 lacobi
1145 3926 1222 4005 lilio,
1251 3926 1299 4010 qui

154 4026 247 4092 lsrael
266 4026 425 4111 appellatus
441 4043 504 4110 est,
536 4054 589 4118 per
606 4031 746 4096 Davidem
764 4031 858 4114 populi
879 4029 961 4092 istius
978 4050 1019 4092 ex
1036 4029 1135 4092 eadem
1156 4028 1205 4091 illa
1224 4027 1301 4090 tribu

154 4151 254 4214 regem
272 4126 408 4192 Iudaismi
426 4134 645 4217 appellationem
662 4133 795 4197 obtinuit.
842 4131 890 4194 Ab
912 4131 965 4194 hoc
984 4143 1093 4215 septem
1114 4131 1168 4193 hae
1186 4128 1301 4214 prodie-

155 4243 224 4295 runt
240 4233 393 4295 haereses:
417 4227 505 4295 XlV.
525 4231 706 4313 Scribarum,
730 4232 803 4298 XV.
821 4231 1056 4312 Pharisaeorum,
1079 4229 1169 4295 XVl.
1187 4229 1301 4296 Saddu-

188 4364 212 4420 4.
230 4385 275 4436 per
287 4367 467 4419 vehementiam
478 4373 562 4418 rcellus
572 4372 641 4419 uertit
656 4372 712 4421 Gor·
748 4366 862 4436 φύσασαι
882 4374 1026 4422 lnboadtu'ue
1049 4375 1188 4431 usurpatum
1210 4371 1302 4418 invento

155 4439 245 4487 aomos.
747 4441 817 4490 etium
831 4443 938 4491 Ancorct.
955 4455 1008 4501 cop.
1026 4438 1064 4488 12.
1081 4441 1105 4487 a'n
1119 4440 1169 4488 loco
1181 4439 1283 4500 pamella.

189 4502 248 4554 (lar.
264 4505 296 4554 ll.
311 4532 346 4544 ·-
368 4503 390 4557 l.
407 4508 543 4569 Gopltobom
557 4505 642 4572 cioca
664 4508 712 4558 Sed
779 4509 804 4559 ⁴2.
824 4511 896 4571 Vulgo
910 4504 947 4568 ἓξ.

781 4575 805 4628 3.
826 4579 898 4639 Vulgo
915 4572 1048 4640 raptaret.
