3046 5084
371 348 507 402 rursusi
524 336 601 402 snt
616 349 785 403 nussssss
801 350 865 401 urs.
880 351 899 402 1.
915 350 996 402 rom.
1009 352 1027 401 1.
1231 340 1272 401 ts

130 472 162 537 iu
175 466 264 537 Scire
276 478 379 533 monte
387 466 564 533 domicilium
577 468 714 548 collocet,
735 467 834 553 ilique
849 469 983 554 oppidum
997 467 1092 533 Edom
1109 469 1272 534 constituit.

131 569 226 639 Cuius
242 570 326 636 liberi
339 578 479 656 perpetuu
495 570 685 633 suceessione
700 570 730 633 in
743 567 880 634 ldumseu
894 570 1031 635 dominati
1047 581 1126 650 sunt,
1148 571 1274 654 indeque

131 673 278 760 principes
295 670 389 737 lidum
406 668 638 755 appellabuntur.
680 667 732 733 Ex
747 690 803 753 qus
818 671 908 755 stirpe
925 673 950 736 si
966 671 1146 735 Abruumum
1162 672 1274 735 eserie

131 776 302 852 sustuleris,
330 785 362 836 et
383 771 419 834 ub
438 767 540 834 lsuseo
560 768 712 856 coeperis,
741 772 859 854 quintus
880 774 982 835 ordine
1003 769 1055 835 lob
1078 772 1274 835 numerandus

131 878 224 942 veuit.
268 872 388 938 Etenim
409 868 529 935 lssuuns
547 868 629 934 Esau
646 871 734 935 tilium
758 872 873 951 habuit,
896 874 932 935 ub
953 875 1008 937 hoe
1023 871 1156 956 tinguet,
1179 873 1275 937 eRu·

131 979 218 1064 guels
235 975 316 1040 Zurs
332 973 448 1058 genitos
463 982 526 1047 cub
561 970 618 1036 llio
634 994 708 1036 vero
725 970 788 1036 lobi
807 984 891 1058 poter
905 974 1018 1052 extitit,
1040 975 1088 1058 qui
1106 996 1172 1038 eum
1188 985 1274 1038 untes

132 1079 220 1144 lucob
241 1077 389 1141 diceretur
405 1074 490 1160 puolo
505 1085 574 1138 unte
592 1074 785 1138 columitatem
807 1075 885 1138 illum
901 1074 989 1139 Iobus
1010 1076 1068 1139 eliu
1088 1077 1207 1139 numine
1222 1097 1275 1141 vo·

133 1192 218 1244 cutus
242 1187 300 1241 est.
344 1173 404 1240 Per
426 1176 494 1239 illud
520 1196 593 1240 vero
619 1186 733 1260 tempus
759 1176 990 1241 circumcisionis
1015 1177 1089 1242 ritus
1114 1178 1273 1242 obtinebat.

134 1279 294 1345 Caeterum
311 1275 397 1342 lsool
415 1275 497 1341 Essu
513 1277 613 1342 ienis
629 1276 703 1340 irum
719 1288 853 1342 metuens
875 1279 912 1341 de
930 1289 1081 1364 parentum
1100 1279 1223 1345 consilio
1244 1279 1275 1343 in

131 1379 373 1466 Mesopotamium
387 1376 508 1443 Pindon
527 1380 667 1463 prologus
686 1379 851 1456 concussit,
874 1379 951 1442 nltru
964 1377 1196 1465 Mesopotamiae
1209 1402 1277 1466 pur·

132 1494 191 1547 tem
208 1482 347 1559 atterum,
370 1500 445 1564 quue
462 1478 578 1545 Susobu
599 1479 775 1544 nominatur.
819 1479 903 1545 Unde
919 1492 1044 1565 quotuor
1060 1502 1077 1544 e
1094 1495 1219 1567 oognute
1234 1485 1276 1547 lu-

131 1583 209 1647 milis
224 1581 365 1666 onningen
382 1581 477 1661 duxit,
501 1581 637 1666 equibus
650 1582 803 1645 duodecim
818 1582 926 1646 liberos
940 1584 1120 1665 putriurohss
1133 1585 1272 1669 suscepit.

132 1681 265 1770 Cumque
280 1684 312 1747 in
329 1681 535 1749 Chununueurn
558 1685 593 1746 od
613 1695 751 1769 parentes
770 1705 840 1747 suos
860 1681 943 1748 lsuso
960 1696 991 1748 et
1009 1683 1175 1750 Rebeccam
1196 1697 1276 1771 post-

130 1786 242 1851 liminio
258 1786 385 1864 rediret,
410 1786 504 1848 visum
523 1786 551 1848 ei
570 1784 712 1867 quoddam
733 1786 807 1849 haud
827 1787 927 1871 procui
947 1784 1080 1851 lordonis
1097 1789 1181 1851 rudis
1202 1788 1276 1853 diri·

130 1888 209 1953 nitus
232 1887 358 1952 obtutum
381 1897 443 1965 est,
467 1886 502 1949 sd
523 1895 683 1948 torrentem
699 1884 805 1966 luboo,
828 1888 876 1950 ubi
898 1889 1067 1972 angelorum
1087 1901 1184 1955 osstrs
1205 1911 1275 1953 coo-

129 1991 240 2077 spexit.
282 1993 419 2063 Eresos,
442 1987 554 2071 inquit,
578 1991 623 2047 us'r
635 1991 747 2067 puellum
765 2011 828 2050 eum
847 2013 879 2052 eo
896 1993 1089 2053 iuventutern
1108 2013 1223 2072 vespero
1238 1997 1277 2055 nd
1288 2005 1345 2048 seu.
1358 2005 1390 2048 su.

127 2113 262 2155 surorum
278 2112 383 2172 usqne,-
407 2110 492 2174 quem
508 2091 644 2172 ungulum
660 2087 751 2152 luisse
766 2091 910 2173 scripturn
925 2092 1080 2174 signifieat,
1104 2094 1152 2176 qui
1169 2091 1275 2157 lucobo

128 2193 307 2258 benedicens
330 2191 424 2255 eidem
451 2189 601 2275 dignitatis
628 2189 746 2253 nomine
770 2188 890 2254 israelis
915 2193 1136 2276 appellationem
1160 2193 1273 2258 indidit.

127 2293 237 2360 Posteu
256 2293 423 2377 digrediens
440 2291 564 2356 incubus
579 2293 607 2356 ei
623 2291 689 2355 loco
703 2291 826 2356 visionis
845 2293 891 2355 dei
907 2314 1012 2357 nomen
1031 2295 1184 2379 imposuit,
1208 2318 1276 2381 pro·

127 2408 229 2483 ptereu
244 2396 320 2480 quod
335 2395 383 2478 qui
398 2393 454 2457 sibi
471 2395 548 2457 inter
561 2394 789 2459 benedicendum
804 2395 937 2458 dixerat:
960 2399 1143 2481 Nequaquam
1155 2402 1275 2479 amptius

128 2501 273 2561 menteris
287 2497 383 2570 luced,
405 2499 457 2557 sed
468 2498 563 2558 isreel
577 2498 631 2559 riti
643 2518 743 2558 nomen
758 2501 824 2570 erit,
848 2496 924 2560 idem
945 2497 999 2561 hou
1015 2497 1124 2560 diserte
1141 2499 1275 2563 subiece-

128 2616 193 2664 rute
218 2603 354 2679 Quonimn
370 2619 433 2660 cum
450 2602 502 2659 deo
518 2601 687 2661 comedens
699 2610 869 2679 praepotens
875 2602 981 2681 fuisti,
1005 2605 1088 2662 enirm
1108 2614 1208 2663 contro
1224 2605 1274 2662 ko-

126 2708 215 2765 miues
237 2704 345 2763 ostibus
365 2702 479 2763 uoltis.
525 2699 576 2763 At
599 2699 651 2763 illo
675 2699 813 2785 deinceps
834 2711 967 2785 tempore
987 2699 1142 2768 lsrnelitue
1163 2724 1274 2767 nunon-

128 2802 188 2888 pnti
210 2814 289 2867 sunt.

210 2901 369 2988 Postqnnus
391 2923 464 2966 vero
490 2903 520 2966 in
539 2903 706 2988 Aegyptum
724 2901 866 2988 Iosephus
886 2909 1035 2990 proiectus
1057 2918 1122 2985 est,
1150 2908 1185 2972 nd
1208 2927 1273 2970 enm
1294 2921 1353 2988 cap.
1369 2923 1415 2974 tx.

129 3003 222 3070 lsrsel
236 3025 301 3069 onun
322 3005 460 3070 universa
481 3004 590 3068 familis
611 3004 759 3090 perrexit,
784 3028 848 3069 oum
866 3007 949 3086 liliis,
974 3009 1106 3093 inquom,
1131 3031 1165 3072 no
1185 3030 1275 3093 nepo·
1288 3005 1346 3048 ⁰⁸¹¹·
1358 3005 1392 3048 *ι

129 3108 223 3187 tibus,
247 3118 333 3192 utque
353 3107 455 3170 horum
474 3106 601 3169 omnium
618 3107 761 3170 uxuribus
781 3108 949 3192 reliquaque
965 3111 1069 3189 durno,
1091 3122 1124 3174 nt
1137 3112 1166 3173 iu
1183 3120 1274 3173 totum

127 3208 220 3275 Lxx
238 3211 332 3296 cupite
350 3220 501 3272 numeruts
518 3208 590 3271 sint.
633 3204 747 3271 Msuusit
769 3230 857 3294 porro
872 3208 1071 3275 israelitarum
1089 3213 1118 3275 in
1136 3212 1273 3294 Aegypto

128 3334 222 3398 genos
238 3323 367 3376 aetatum
383 3310 509 3394 quinque
527 3312 633 3394 spatio.
672 3306 822 3394 Siquidem
841 3310 965 3376 luuobus
980 3311 1056 3376 Levi
1073 3324 1159 3395 atque
1176 3310 1273 3375 lotam

128 3415 247 3500 genuit,
279 3424 471 3495 oueterusqns
496 3411 674 3496 petriurohus
698 3413 810 3476 decem.
855 3411 931 3478 Levi
955 3412 1048 3478 Cunth
1072 3411 1272 3490 fitium‚1uta

127 3515 242 3581 Plures
258 3514 398 3600 suscepit.
444 3510 538 3578 Cooth
553 3513 674 3577 Amnum
690 3514 804 3600 genuit,
827 3515 948 3580 Amrum
963 3512 1103 3598 Moysen.
1140 3513 1182 3576 At
1196 3510 1274 3576 Pta-

130 3638 180 3682 rss
198 3615 324 3699 Esrom,
353 3615 463 3681 Esrom
486 3616 593 3695 Arum,
622 3614 714 3680 Aram
735 3616 918 3694 Aminadub,
947 3614 1110 3678 Aminndnb
1134 3612 1273 3678 Nsusson

130 3714 225 3781 Musis
243 3730 384 3806 tempore.
430 3713 483 3782 Sic
499 3726 595 3782 setnte
613 3718 734 3804 perinde
753 3719 851 3802 quintu
867 3715 1004 3780 Nnnssou
1027 3726 1108 3779 ortus
1129 3727 1185 3781 est.
1231 3717 1274 3780 At

129 3813 283 3883 israelites
302 3840 355 3905 per
369 3816 456 3885 liure
472 3817 605 3884 Rubrum
623 3840 663 3883 ex
675 3818 814 3905 Aegypto
829 3819 907 3881 inter
923 3818 1063 3903 stupenda
1083 3819 1212 3905 prodigio
1230 3819 1273 3883 di·

140 4019 204 4140 dgil.
219 4022 262 4073 Sto
281 4022 335 4072 tturt
350 4035 429 4074 omisso
448 4027 500 4075 tm
515 4027 598 4087 cermtt
612 4037 685 4089 quum
716 3970 791 4140 l'ts'a
811 4016 876 4075 ἀλλὰ
899 4023 950 4073 uod.
976 4025 1031 4074 ten.
1068 4017 1123 4077 ἀλλ’
1146 4016 1166 4091 ἦ
1189 4026 1273 4089 reliqui

126 4104 202 4225 ιῖιρ
228 4168 301 4227 w„
327 4168 358 4227 pq
381 4175 513 4241 390qu
535 4168 606 4244 αὐτῷ
630 4174 682 4226 Μ,
725 4104 790 4208 ⁸ill.
808 4154 1148 4244 antecessorumque.

128 4246 204 4295 m·
751 4224 809 4278 Cur.
824 4226 870 4276 tx.
887 4254 921 4266 -
955 4231 978 4279 1.
996 4229 1090 4296 ψυχαις
1105 4229 1157 4278 uod.
1172 4229 1247 4279 Vnst.

159 4327 201 4381 ³0.
219 4321 297 4381 αὑτοῦ
314 4328 351 4378 cd.
367 4329 449 4379 Petuu.
748 4292 773 4412 ἓ·
789 4292 1088 4428 §ffqwtogdod'yp'nqqst

159 4409 247 4467 31·ῒό
272 4414 323 4465 Μ
340 4416 417 4463 W·
454 4411 491 4480 τῷ
517 4414 569 4463 Μ
586 4414 683 4477 Ml·
748 4424 774 4479 4.
793 4418 1005 4485 rotationem.
1038 4429 1123 4498 Φαρὲς
1139 4431 1211 4503 γεννᾷ
1228 4429 1270 4484 τόν

127 4486 150 4531 ⁸⁸
164 4483 221 4532 *Μ
236 4483 298 4532 ¹¹⁰⁸·
716 4512 762 4549 out.
775 4501 826 4549 eod.
844 4501 918 4550 leuet

160 4565 201 4617 dl.
217 4558 259 4618 dot
274 4580 319 4617 ors.
335 4568 387 4617 uod.
400 4568 475 4617 isset
749 4566 773 4618 5.
791 4566 839 4634 τῆς
854 4568 905 4619 cod.
921 4571 996 4620 leuet.
