3046 5084
233 336 295 405 '158
657 349 963 403 οινατινειειιιαιι

233 476 274 558 τῷ
290 466 393 557 κόσμῳ
409 465 469 533 άπδ
486 474 545 533 τοῖν
558 465 727 533 σκανδάλων
742 467 793 531 καί
809 472 869 530 τῶν
884 465 1084 550 ἐργαζομένων
1100 463 1154 547 την
1169 461 1304 547 άνομίαν.
1329 463 1395 531 Πύ-

234 594 282 638 σοι
295 572 411 645 ἑαυτοῖς
428 568 533 646 σκότος
547 567 705 653 ηὕρηνται,
728 568 779 632 καλ
796 564 893 642 άλλοις
909 574 971 642 τοῖς
987 568 1138 648 μετέπειτα
1157 573 1199 654 τῷ
1223 564 1322 632 σκότει
1340 565 1394 632 αῦ-

232 679 293 739 τῦν
309 673 506 752 πειθομένοις.
548 678 617 746 Τοῖς
635 672 667 734 δέ
682 678 815 743 συνετοῖς
829 665 1028 750 φανήσεταιὴ
1045 665 1180 750 άλέμθεια.
1222 665 1266 732 Ἦ
1282 670 1314 734 δέ
1333 676 1392 734 Βα-

232 777 357 840 σιλείδου
371 774 422 837 καλ
437 771 653 838 τῶντοιούτων
667 774 850 855 πραγματεία
866 768 979 850 πλάνης
995 772 1082 854 ἔργον
1095 769 1306 856 ἐλεγχθήσεται.
1330 775 1392 837 Καὶ

233 873 325 941 ταῦτά
344 901 395 958 μοι
409 876 477 958 περὶ
491 873 599 956 ταύτης
611 881 665 955 τῆς
678 874 816 956 αίρέσεως
835 873 909 936 ’λιταί
925 877 979 935 τοῦ
996 870 1100 953 μύθου
1115 871 1224 938 τούτου
1240 871 1390 959 εἰρήσθω·

233 981 371 1044 ἐντεῦθεν
393 977 425 1042 δέ
447 973 494 1055 ἐφ’
516 977 618 1060 έτέραν
639 976 752 1058 αἵρεσιν
773 976 945 1055 βαδιοῦμαι.

196 1229 202 1240 .
324 1183 388 1244 Τίνι
406 1175 463 1262 γάρ
487 1173 523 1241 οῦ
540 1173 664 1260 φωρατή
688 1177 768 1240 ἐσται
792 1171 814 1256 ἦ
834 1173 956 1258 τοιαύτη
973 1178 1098 1259 αἵρεσις,
1122 1176 1223 1258 μῦθός
1244 1203 1289 1253 τις
1303 1169 1389 1256 οῦσα,

232 1282 285 1346 καί
302 1276 343 1355 νίς
361 1276 503 1363 κεράστου
526 1277 640 1362 τρόπον
656 1279 687 1342 ἐν
702 1274 790 1364 άμμρι
808 1280 989 1360 κεχωσμένη,
1012 1276 1062 1342 διά
1085 1278 1117 1343 δέ
1140 1285 1196 1343 τοῦ
1212 1280 1336 1363 κέρατος
1358 1282 1390 1345 έν

233 1380 299 1467 άέρι
315 1378 544 1466 προκύπτουσα,
565 1380 617 1442 καὶ
635 1376 688 1442 τόν
703 1375 828 1462 ῦλεθρον
843 1387 906 1453 τοῖς
923 1378 1184 1464 περιτυγχάνουσιν
1200 1378 1295 1463 αῦτήν
1308 1383 1392 1466 ἐργα-

234 1485 349 1566 ζομένη.
391 1479 475 1544 Ἀλλά
494 1481 545 1544 καί
566 1478 600 1543 τό
617 1480 706 1563 κέρας
724 1486 782 1543 τῶν
799 1476 979 1565 άμαρτωλσῖν
999 1478 1017 1546 ό
1033 1479 1137 1577 κύριος
1160 1484 1334 1567 συνέτριψε,
1356 1483 1390 1548 τό

233 1585 266 1651 δέ
280 1586 369 1667 κέρας
386 1589 440 1647 τοῦ
462 1584 581 1646 δικαίου
603 1579 694 1662 μόνον
711 1577 923 1663 ὑψωθήσεται,
947 1580 1020 1668 ὅπερ
1038 1584 1098 1647 ἐστὶ
1122 1588 1219 1660 πίστις
1240 1581 1390 1666 άληθείας.

235 1685 293 1751 Διό
313 1686 364 1750 καὶ
380 1691 486 1749 τοῦτον
500 1685 712 1768 συντρίψαντες
728 1689 765 1771 τῇ
780 1689 834 1765 τῆς
851 1680 993 1766 άληθείας
1010 1688 1182 1772 διδασκαλίᾳ
1201 1687 1252 1751 ἐπὶ
1271 1685 1324 1760 τάς
1343 1712 1392 1768 με·

232 1790 349 1854 τέπειτα
367 1787 549 1878 διέλθωμεν,
570 1780 645 1848 θεόν
660 1782 779 1866 βοηθόν
794 1785 1030 1869 ἐπικαλούμενοι,
1053 1779 1078 1876 ρδ
1094 1783 1200 1869 ἦδόξα
1215 1789 1265 1852 καί
1285 1784 1390 1871 ἡτιμή

233 1891 286 1956 καί
305 1887 328 1973 ἦ
348 1886 547 1973 προςκύνησις
569 1888 612 1961 είς
631 1883 702 1961 τούς
723 1887 834 1962 αίῦνας
854 1894 914 1953 τῶν
935 1886 1066 1968 αίάνων,
1088 1884 1175 1971 άμύν.

509 2133 667 2204 ΚΑΤΑ
707 2134 1109 2223 ΝΙΚΟΛΑΙΤΩΝ,

684 2246 718 2322 ε’.
744 2247 767 2343 ἦ
794 2252 853 2322 καὶ
878 2247 934 2324 κε’.

157 2434 165 2450 ·
199 2396 215 2451 '·
322 2396 471 2473 Νικόλαος
486 2397 603 2482 γέγονεν
622 2393 665 2470 είς
683 2392 743 2459 άπδ
758 2401 817 2460 τοῖν
832 2394 906 2460 ἐπτά
923 2396 1085 2477 διακόνων,
1106 2405 1166 2463 τοῖν
1182 2398 1390 2484 ἐκλελεγμένον

232 2498 293 2566 ῦπδ
314 2507 372 2564 τῦν
390 2496 561 2564 άποστόλων
583 2495 646 2580 ῦμα
664 2494 810 2586 Στεφάνῳ
834 2505 876 2586 τῷ
897 2495 971 2588 άγίφ
994 2501 1046 2563 καί
1063 2498 1307 2586 πρωτομάρτυρι,
1337 2503 1390 2566 καί

235 2601 380 2690 Προχόριμ
389 2652 398 2680 ,
421 2602 472 2665 καὶ
489 2606 646 2687 Παρμενᾷ,
668 2600 719 2665 καὶ
736 2607 798 2675 τοῖς
814 2596 917 2676 άλλως.
964 2593 1062 2677 Οῦτος
1072 2599 1132 2667 άπδ
1147 2609 1207 2668 νῦν
1219 2599 1391 2686 Ἀντιοχέων

236 2702 409 2788 ὁρμώμενος
426 2699 607 2785 προςήλυτος
624 2706 745 2786 γίνεται·
775 2703 925 2783 μετέπειτα
945 2703 978 2767 δέ
996 2703 1232 2787 καταδεξάμενος
1248 2701 1301 2770 τόν
1320 2706 1389 2790 περί

235 2810 289 2869 τοῦ
302 2801 489 2887 κηρύγματος
501 2800 587 2887 λόγον
601 2810 655 2868 τοῦ
671 2809 803 2888 Χριστοῦ
818 2806 869 2868 καί
885 2801 974 2880 αῦτδς
988 2803 1132 2888 συνήφθη
1147 2813 1210 2881 τοῖς
1227 2815 1388 2889 μαθηταῖς,

234 2907 316 2970 ἐντι
336 2911 399 2978 τοῖς
419 2905 606 2987 προκριτέοις
626 2903 663 2969 τά
685 2912 788 2990 πρῶτα
810 2905 1018 2988 ἐξεταζόμενος.
1067 2905 1182 2972 ιὍθεν
1201 2909 1254 2973 καί
1276 2910 1390 2985 ἐντοῖς

234 3007 388 3090 ἐκλεγεῖσιν
409 3005 450 3080 είς
465 3005 519 3087 τήν
538 3012 597 3070 τῶν
612 3014 712 3090 γηρῶν
733 3005 797 3072 τότε
817 3010 979 3091 ἐπιμέλειαν
996 3008 1253 3093 ἐγκατηριθμήθη.
1286 3008 1389 3075 ’Ὕστε-

234 3133 288 3192 ρον
309 3107 340 3171 δὲ
361 3112 466 3170 τοῦτον
487 3105 582 3171 ύπέδυ
605 3105 622 3173 o‘
639 3107 792 3189 διάβολος,
823 3112 875 3174 καί
890 3108 1069 3193 ἐξηπάτησεν
1087 3108 1180 3177 αῦτοῦ
1195 3110 1250 3194 τήν
1262 3114 1388 3196 καρδίαν

233 3216 270 3300 τῇ
292 3206 368 3298 αὐτῇ
389 3207 484 3297 πλάνη
505 3216 565 3273 τῶν
584 3211 806 3295 προειρημένων
826 3219 975 3292 παλαιῶν,
1002 3221 1233 3296 κατατρωθῆναι
1246 3211 1386 3295 μειζόνως

233 3309 308 3398 ῦπέρ
324 3309 395 3386 τούς
416 3310 528 3396 πρύην.
572 3309 703 3376 Γύναιον
716 3310 772 3398 γάρ
795 3304 883 3389 οῦτος
897 3316 970 3396 έχων
987 3312 1157 3399 εῦμορφον,
1183 3315 1235 3380 καί
1252 3309 1313 3378 άπδ
1331 3316 1386 3377 τοῦ

233 3419 359 3499 γυναίου
375 3410 656 3501 έγκρατευσάμενος,
680 3410 721 3490 άς
735 3413 809 3479 κατά
827 3419 949 3498 μίμησιν
966 3407 1008 3480 ῦν
1023 3415 1102 3502 έοίρα
1118 3422 1181 3506 θεῷ
1193 3411 1383 3501 προςανιχύν-

233 3539 303 3593 των,
320 3519 402 3602 μέχρι
415 3515 495 3593 τινός
507 3517 661 3601 ἐκαρτέρει.
704 3513 749 3582 Ού
761 3515 821 3600 μὴν
834 3519 876 3594 είς
887 3519 967 3594 τέλος
980 3515 1085 3605 ι”γνεγιιε
1095 3526 1213 3604 κρατεῖν
1223 3522 1276 3599 τῆς
1290 3512 1384 3582 αύτοῖ

235 3612 392 3699 ἀκρασίας,
421 3616 491 3683 ῦλλά
507 3620 668 3701 βουληθείς
685 3615 726 3694 άς
742 3617 826 3685 κύων
843 3619 894 3684 ἐπὶ
909 3616 961 3685 τόν
979 3623 1057 3686 ῖδιον
1073 3622 1174 3704 έμετον
1190 3619 1387 3705 ἐπιστρέφειν,

233 3715 398 3800 προφάσεις
410 3720 492 3798 τινάς
507 3718 563 3787 οῦκ
579 3718 698 3807 άγαθάς
711 3723 805 3811 ἐαυτῷ
819 3719 997 3807 θηράμενος
1011 3720 1125 3788 ἐπενόει
1136 3719 1213 3806 πρός
1226 3720 1389 3810 άπολογίαν

232 3823 288 3883 τοῦ
310 3819 388 3882 ἰδίου
409 3828 462 3903 τῆς
478 3819 635 3901 άκολασίας
651 3822 787 3902 πάθους,
810 3821 830 3888 ῦ
848 3828 957 3905 μᾶλλον
976 3826 1161 3911 ’συνέφερεν
1177 3820 1267 3916 σῦτρῦ.
1311 3821 1389 3889 Εἶτα

233 3911 290 3984 οῦν
304 3925 357 3984 τοῦ
372 3931 486 3987 σκοποῦ
501 3925 631 3992 ἐκπεσοίν
646 3933 682 4015 τῇ
699 3927 759 4014 ίδίρι
773 3927 890 4011 γυναικί
905 3923 1049 4009 συνήφθη
1065 3924 1254 4013 άπεριέργως.
1292 3919 1389 4000 Ούτος

234 4021 267 4086 δέ
283 4019 492 4104 αἰσχυνόμενος
506 4025 560 4109 τὴν
578 4029 684 4092 έαυτοῦ
699 4019 790 4109 ἧτταν
806 4028 858 4092 καί
871 4024 1067 4111 ύφοράμενος
1082 4036 1264 4114 φωραθῆναι
1280 4025 1387 4107 ἐτόλμα

232 4124 325 4208 λέγειν
346 4121 392 4189 ὅτι
415 4124 443 4187 εί
461 4123 502 4207 μή
523 4154 568 4205 τις
583 4126 654 4194 καθ’
669 4128 794 4211 έκάστην
811 4125 923 4214 ἡμέραν
939 4128 1085 4216 λαγνεύιι,
1113 4138 1192 4216 ζωῆς
1207 4127 1244 4196 ού
1261 4124 1385 4193 δύναται

233 4225 361 4306 μετέχειν
375 4232 428 4308 τῆς
440 4229 570 4292 αίωνίου.
603 4227 653 4294 Ἐκ
668 4228 848 4316 προφάσεως
861 4229 917 4317 γάρ
930 4232 972 4307 είς
984 4233 1137 4318 πρόφασιν
1148 4231 1313 4316 μετηνέχθη
1326 4227 1385 4292 5²5·

233 4351 297 4413 ραν.
340 4323 436 4414 Ὀρῦν
451 4325 507 4415 γάρ
521 4328 575 4412 τὴν
589 4333 696 4397 ἐαυτοῦ
711 4332 836 4416 σύμβιον
849 4331 947 4399 κάλλει
963 4335 1016 4418 μέν
1031 4335 1263 4421 διαπρέπονσαν,
1284 4354 1385 4395 ταπει-

266 4476 290 4532 4.
307 4482 357 4547 τῆς
378 4485 422 4536 τοῦ
445 4482 580 4552 μνθιίδινς
604 4483 719 4554 ιίρῦσθυ
741 4492 793 4541 ωδ.
861 4488 922 4541 cn.
936 4493 957 4542 1.
971 4518 1005 4531 -
1023 4485 1140 4544 1.”Οθεν
1154 4488 1207 4540 ωδ.
1222 4488 1298 4540 Vatia.
1325 4480 1385 4542 Ἕν-

234 4550 308 4601 W·
826 4557 916 4612 τιῦθτι
929 4560 1013 4624 nm
1029 4561 1090 4611 m
