3046 5084
328 361 463 414 eumuna
478 362 543 415 ets.
553 363 574 416 t.
591 359 673 417 tou.
685 363 730 417 tn.
747 365 846 418 auen.
858 366 940 418 xta.
1148 356 1209 420 587

61 481 219 553 Chrs‘smm,
250 499 342 565 osqoc
360 481 395 546 ed
411 501 446 546 ce
464 483 572 548 verbu:
603 488 681 547 haec
695 497 786 548 autem
802 491 894 548 omnm
912 491 941 548 tn
947 489 1052 566 figura
1066 493 1210 567 contenge-

60 582 129 643 haut
150 587 218 663 ipsis
240 595 293 644 etc.

145 681 188 746 X.
223 688 296 762 θεῖά
315 708 384 767 ergo
405 692 492 749 dcco?
535 693 616 767 Quod
635 692 719 751 idolis
739 692 907 750 inmolatum
928 695 1038 770 aliquid
1053 696 1112 751 sit?
1154 695 1212 751 Sed
1226 717 1243 757 1.
1255 714 1307 756 cor.

60 809 132 868 quae
152 791 298 848 sirrmolamt
316 792 484 864 daemoniis,
509 803 539 852 et
557 814 612 853 nou
634 796 694 853 deo.
1223 768 1257 820 ω’
1269 766 1300 811 ¹⁹⁶

145 886 203 952 Xi.
238 894 288 950 Vir
308 912 413 953 commu
434 914 489 954 uon
511 899 629 956 nutriat.
678 897 775 954 litorea
797 899 868 954 emin
890 905 920 954 et
939 900 1032 973 rmago
1053 898 1101 955 dei
1117 907 1170 955 est.
1224 917 1362 973 capum.

143 988 218 1054 th.
251 996 309 1053 Sed
327 997 396 1054 deus
418 1001 583 1075 temperavit
601 1017 713 1076 corpus.
1225 1019 1363 1074 euplum·

144 1090 233 1156 Xttt.
267 1091 426 1179 Perpesum
440 1099 495 1160 iste
511 1098 661 1182 concepit:
678 1102 737 1159 Sed
748 1104 777 1158 in
791 1101 908 1158 metesa
922 1102 984 1159 uoto
996 1106 1117 1178 parnpae
1128 1101 1210 1159 mrha
1226 1121 1281 1176 esp.
1291 1122 1321 1173 u,
1331 1121 1363 1164 oc.

59 1216 143 1257 sensu
164 1217 224 1258 meo
246 1200 330 1277 loqui.
376 1197 473 1261 Aliter
496 1201 573 1263 enim
596 1200 645 1263 ille
668 1199 785 1282 scripsit
806 1210 853 1276 et,
879 1202 919 1261 Oh
941 1202 1044 1279 legem,
1070 1198 1187 1261 eddidit.

143 1294 232 1361 XIV.
264 1303 298 1360 Im
317 1303 380 1379 lege
395 1305 530 1382 scrr'ptum
549 1315 608 1363 est.-
631 1306 765 1380 (luoniam
780 1306 809 1362 in
822 1304 887 1362 ahis
903 1305 1009 1380 longuis
1024 1314 1053 1362 ct
1070 1303 1151 1362 lahiis
1170 1305 1278 1369 Ιο-,ιιιῑε
1290 1327 1322 1370 ει.

60 1421 133 1480 quar
149 1404 256 1481 populo
277 1405 352 1462 husa.

142 1499 217 1566 XV.
252 1507 388 1565 Mulieres
403 1509 432 1566 in
449 1511 576 1567 eeclesiis
591 1519 711 1568 taceant.
758 1511 822 1568 Non
839 1513 910 1568 euim
925 1511 1100 1587 permittitur
1115 1512 1155 1567 eis
1170 1510 1211 1567 lo·
1225 1530 1279 1573 tosa.
1292 1533 1323 1574 st.

59 1610 125 1686 qui,
149 1609 200 1666 sed
219 1607 346 1667 subditas
367 1628 441 1680 csse,
466 1613 543 1668 secut
560 1620 590 1669 et
610 1613 658 1670 lea
678 1612 756 1670 dicit.

142 1703 231 1770 XVI.
268 1706 312 1770 De
331 1707 548 1771 resurreetione
568 1721 759 1773 mortuorum.
805 1715 908 1771 Notum
923 1723 1013 1771 autem
1029 1713 1105 1772 uobis
1119 1713 1206 1791 saera,
1225 1737 1280 1791 cap.
1290 1738 1322 1788 ιε,
1332 1738 1350 1779 1.

50 1811 180 1891 fratres,
212 1814 402 1889 euangelium,
434 1815 510 1891 puod
522 1816 689 1891 praedicavi
703 1815 789 1873 ochis.
837 1810 926 1875 ileon:
960 1817 996 1873 Si
1011 1817 1141 1874 Chrestas
1156 1835 1210 1873 non

59 1917 233 1985 resurrem't,
258 1918 351 1974 inanes
367 1925 420 1974 etc.
468 1918 518 1975 Sie
528 1917 741 1994 praedicamus,
767 1926 795 1975 et
810 1920 852 1974 sie
866 1919 1051 1976 crediclemus:
1076 1919 1210 1993 (tuentum

61 2016 190 2075 Christus
208 2027 334 2076 mortems
348 2028 392 2077 est
405 2029 434 2077 et
448 2019 589 2096 sepultus,
614 2027 643 2077 et
656 2021 818 2077 resurresit
831 2021 914 2077 tertia
933 2020 987 2076 dic.
1036 2021 1104 2076 Cum
1119 2028 1211 2077 autem

59 2120 177 2178 mortale
194 2121 246 2178 hoc
266 2122 393 2179 induerit
409 2122 659 2191 immortalitatem,
693 2131 759 2178 neme
767 2121 826 2198 fiet
840 2140 931 2179 sermo
949 2123 1000 2198 qui
1012 2123 1136 2198 scriptus
1151 2131 1209 2178 est.-

58 2221 203 2300 Ahsorpta
224 2232 269 2282 est
289 2243 363 2283 mors
385 2226 414 2282 in
437 2225 564 2281 oe'ctorsa.

92 2424 140 2475 ex
158 2424 318 2477 semrom
334 2428 362 2477 u.
382 2427 426 2476 uo
446 2425 661 2487 conmemos,
680 2426 770 2488 Qoue
788 2426 861 2477 ssu
879 2425 948 2475 maa
966 2425 1064 2488 Quum
1083 2424 1177 2474 mosis

575 2512 637 2562 eso
655 2513 699 2562 111.

143 2629 167 2693 Ι.
201 2635 341 2712 Quotquot
361 2637 433 2692 em'm
451 2637 650 2711 promissiones
670 2636 719 2693 dei
736 2644 818 2704 sunt,
849 2637 878 2692 in
900 2634 965 2704 illo,
1000 2634 1068 2704 Est,
1100 2633 1161 2690 ideo
1182 2639 1363 2694 cessasun-

55 2756 110 2815 per
131 2738 220 2815 ipsum
242 2740 333 2795 Amen
355 2737 415 2794 deo.

144 2835 185 2898 il.
214 2839 279 2898 Non
297 2841 368 2898 enim
382 2843 563 2917 nosmetipsos
572 2842 784 2918 praedicamus,
808 2841 858 2898 sed
871 2841 1008 2897 dommum
1021 2840 1112 2896 lesum
1127 2838 1209 2896 Chri·
1225 2847 1337 2902 capus.

59 2951 149 3014 stum,·
180 2962 231 3000 nos
253 2952 344 3001 autem
362 2961 457 3000 seruos
476 2951 584 3002 oestrus
602 2962 656 3019 per
674 2944 766 3000 Iesum
788 2943 939 3000 Christum.
988 2942 1123 3016 (luonsam
1143 2941 1211 2998 deris

59 3046 111 3124 qui
128 3046 205 3103 dimit
224 3047 258 3103 de
279 3045 401 3103 tenebris
423 3046 511 3104 lacem
532 3046 734 3123 splendescere.

144 3141 199 3207 ili.
231 3145 370 3206 Habentes
387 3157 479 3206 autem
495 3147 609 3206 madens
628 3149 758 3225 spuritum
766 3148 844 3225 fidei
859 3156 888 3204 et
902 3166 953 3206 uos
968 3147 1106 3205 credimus
1124 3155 1152 3203 et
1168 3146 1208 3202 lo·
1223 3152 1278 3197 tote.
1293 3155 1323 3198 ts.

59 3254 181 3330 pusmur.
229 3245 285 3311 Ubi
309 3267 398 3308 voces
422 3247 485 3310 iiies
507 3246 640 3323 sustulit,
665 3251 749 3308 Sicut
767 3253 901 3327 seriptum
924 3259 975 3308 est.

131 3348 227 3412 iiuec
242 3359 288 3412 est
302 3346 465 3412 Marcionis
481 3349 643 3416 aduitesine
661 3349 710 3412 itta
727 3349 900 3412 lucubratio.
948 3346 1031 3431 Quem
1048 3358 1104 3410 [ειη
1121 3367 1210 3408 even-

57 3452 127 3536 getii
146 3451 304 3514 seeundum
322 3448 433 3514 Liscum
451 3473 536 3536 quam
553 3452 741 3535 epistoierosn
760 3449 843 3515 Pauli
864 3451 986 3536 apostoli
1006 3451 1126 3513 sormam
1144 3469 1210 3533 spe-

57 3556 191 3638 ciemque
207 3564 421 3638 repraesentet,
446 3574 499 3616 neo
515 3575 613 3617 earum
631 3563 727 3618 temen
747 3554 886 3631 omnium,
910 3554 959 3615 sed
977 3553 1052 3615 iiiios
1068 3552 1211 3615 duntaxat

57 3679 133 3743 quae
155 3656 189 3719 ed
209 3654 361 3719 Romanos
382 3666 427 3719 est
445 3657 571 3741 scripte,
604 3667 634 3719 et
653 3659 687 3719 so
706 3655 868 3742 Ephesios,
902 3666 932 3718 et
950 3655 984 3716 ed
1001 3650 1207 3728 Colosseoses,

57 3779 113 3824 uss
132 3779 191 3822 non
212 3759 246 3823 cd
266 3755 469 3837 Laodicenos,
503 3769 532 3822 et
550 3760 585 3822 ed
603 3758 739 3837 Geintus,
771 3771 800 3821 et
820 3759 854 3821 nd
875 3754 1045 3820 Corinthios
1065 3757 1154 3840 prima
1177 3778 1209 3819 ac

58 3862 198 3926 seconde.
244 3857 317 3924 item
335 3862 369 3924 ed
389 3860 675 3925 Thessalonicenses
692 3862 782 3946 prime
801 3871 830 3922 et
844 3861 989 3936 seconde,
1013 3860 1047 3922 ud
1064 3855 1210 3922 Philemo-

58 3984 143 4042 nem,
166 3964 202 4025 ed
219 3960 437 4046 Philippenses,
462 3965 496 4027 ed
513 3962 699 4028 Timotheum
719 3964 808 4048 primu
828 3973 858 4025 ct
876 3962 1019 4039 seeundo,
1044 3963 1078 4024 od
1095 3959 1206 4036 Titum,

58 4078 89 4131 et
104 4067 140 4131 ad
157 4064 321 4128 Hebraeos.
348 4073 349 4076 ’
369 4063 451 4148 Quas
467 4087 568 4129 omnes
583 4088 640 4130 non
657 4067 799 4150 integrus,
824 4066 875 4127 scd
890 4066 1062 4149 depravatos
1076 4084 1110 4126 no
1126 4063 1209 4127 muti·

57 4170 133 4233 letes
148 4168 319 4252 complexus
337 4178 397 4231 est:
422 4169 496 4232 adeo
513 4169 643 4252 quidem,
667 4179 757 4232 totum
776 4179 808 4232 ut
826 4168 893 4231 ittuo
910 4188 982 4252 opus
1000 4167 1074 4230 maie
1093 4167 1147 4230 iiie
1165 4169 1209 4228 vi-

57 4359 145 4411 Sohottt
163 4362 301 4408 annotatum
321 4359 426 4407 moenio:
451 4356 519 4417 „Hie
540 4356 616 4407 habet
683 4352 725 4408 tt.
744 4354 943 4426 ἐρρᾳδιούργηκε
964 4353 1011 4421 τήν
1036 4358 1144 4418 rescripsi
1165 4371 1210 4419 pro

57 4437 114 4496 poss
132 4425 237 4494 primum
255 4421 306 4486 κε’,
335 4423 547 4504 postmomodum
566 4421 615 4488 κε’,
648 4423 900 4494 ἐρρᾳδιουργημένηε.
917 4440 965 4488 qua
979 4426 1109 4486 eorruptcto
1125 4439 1210 4484 omnes,

57 4505 115 4563 post
130 4492 231 4544 tertium
245 4490 285 4557 x(
293 4512 298 4543 :
318 4491 379 4543 nihil
396 4499 551 4560 praeterea.⁴‘
648 4509 706 4559 quos
721 4497 787 4556 uidi,
804 4497 858 4545 ttort
874 4497 990 4544 inbuant.
