3046 5084
240 344 301 407 268
662 353 783 404 ειαοτι
801 352 971 403 εειοιικιιιι

238 494 286 545 τες
299 471 331 546 ἐξ
345 465 490 551 Ἑλλήνων
505 469 536 533 δὲ
552 467 643 535 αότδν
659 466 867 546 ὑποτίθενται,
889 465 1028 549 λαβόντες
1044 465 1099 548 τὴν
1114 466 1268 550 πρόφασιν
1283 467 1318 531 έκ
1333 473 1389 532 τοῦ

239 571 335 637 τόπου
355 568 404 635 διά
426 569 459 635 τδ
481 570 644 652 φιλάληθες
667 566 717 635 ὑπ’
736 566 830 634 αὐτοῦ
852 570 962 650 ῥηθέν,
985 567 1047 646 ότι,
1082 566 1212 652 Ταρσεός
1230 571 1302 649 είμι,
1330 564 1389 633 οὐκ

240 671 358 755 α’σήμου
378 671 491 747 πόλεως
508 678 709 753 πολίτης.Ε
680 668 757 737 Εἶτα
772 669 940 794 φάσκουσιν
955 666 1046 734 αάτδν
1064 667 1164 734 είναι”
1159 677 1289 751 Ελληνα,
1314 671 1392 734 οκαί

237 772 404 855 Ελληνίδος
419 771 529 857 μητρός
551 776 601 839 καλ
617 772 761 854 Ἕλληνος
775 770 887 856 πατρός
903 775 1036 849 Τπαῑδα,
1058 769 1224 853 άναβεβηκέ
1225 799 1274 837 ναι
1294 773 1327 836 δέ
1348 773 1393 847 είς

237 872 445 959 Ἱεροσόλυμα,
466 877 518 939 καί
534 875 645 998 χρόνον
666 877 728 940 ἐκεῖ
741 876 946 955 μεμενηκέναι,
975 875 1224 955 ἐπιτεθυμηκέναι
1246 873 1279 938 δέ
1294 883 1391 958 θυγα-

239 977 308 1060 τέρα
325 1002 379 1041 του
365 977 498 1059 ίερέως
515 975 592 1061 πρός
608 975 703 1060 γάμον
721 973 899 1059 άγαγέσθαι,
920 977 972 1038 και
987 974 1095 1040 τούτου
1111 977 1196 1040 ἕνεκα
1210 973 1391 1058 προςήλυτον

240 1080 381 1163 γενέσθαι
396 1079 448 1141 και
464 1085 691 1161 περιτμηθῆναι,
714 1074 775 1140 είτα
788 1103 829 1158 μη
821 1074 1022 1157 λαβόντα
987 1102 1041 1158 την
1054 1075 1148 1161 κόρην
1165 1073 1320 1161 ω’ργίσθαι,
1337 1078 1391 1141 καὶ

239 1177 315 1244 κατά
337 1182 480 1260 ἐπιτομῆς
500 1181 693 1263 γεγραφέναι,
715 1180 765 1243 καὶ
787 1176 860 1242 κατά
882 1176 1032 1259 σαββάτου
1053 1180 1104 1242 καλ
1125 1182 1315 1258 νομοθεσίας.

103 1282 171 1350 Κεφ·
187 1280 226 1346 ιζ’·
322 1277 407 1344 Ἀλλά
427 1277 502 1343 κατά
527 1279 624 1343 πάντα
645 1279 758 1364 τρόπον
777 1288 959 1359 συκοφαντεῖ
981 1276 998 1343 ό
1023 1278 1119 1354 δεινός
1142 1278 1213 1359 όφις
1230 1271 1318 1353 οὗτος
1338 1280 1393 1343 καί

118 1411 170 1454 pag.
184 1399 229 1445 σοι.
242 1379 356 1463 πτωχός
372 1386 409 1469 τῇ
427 1385 552 1468 διανοίᾳ.
594 1378 706 1463 Ἐβίων
724 1379 779 1466 γάρ
799 1383 854 1463 έχει
869 1379 928 1444 dno*
946 1379 1111 1464 Ἑβραϊκῆς
1127 1383 1168 1455 είς
1179 1378 1309 1444 Ἐλλάδα
1325 1405 1391 1459 φω-

239 1480 296 1565 νην
321 1481 375 1563 τήν
391 1484 546 1564 ἑρμηνείαν
565 1481 689 1564 πτωχός.
735 1481 858 1564 Πτωχδς
875 1480 931 1567 γάρ
951 1480 992 1557 οἷς
1009 1480 1131 1564 άληθῶς
1151 1485 1202 1547 καί
1215 1489 1252 1571 τῇ
1268 1484 1390 1569 διανοίμ

238 1586 289 1649 καὶ
306 1591 341 1672 τῇ
359 1586 451 1649 ἐλπίδι
475 1586 526 1648 καὶ
548 1591 588 1670 τῷ
608 1587 700 1671 ἔργῳ,
733 1583 861 1667 Χριστόν
879 1583 1044 1667 άνθρωπον
1064 1583 1156 1664 ψιλόν
1178 1588 1316 1665 νομίσας,
1338 1585 1392 1647 καί

240 1684 334 1759 οὕτως
347 1688 379 1749 έν
394 1690 519 1773 πτωχείᾳ
536 1691 659 1760 πίστεως
676 1684 730 1766 τὴν
747 1689 850 1750 ἐλπίδα
866 1688 934 1770 περὶ
950 1684 1043 1751 αὐτοῦ
1062 1686 1246 1767 κεκτημένος.
1291 1682 1390 1750 Αάτοὶ

240 1788 273 1852 δέ
288 1791 383 1868 δῆθεν
395 1785 601 1868 σεμνύνονται,
623 1786 747 1861 ἕαυτοδς
761 1787 924 1867 φάσκοντες
942 1785 1076 1869 πτωχοδς
1092 1785 1141 1851 διά
1158 1784 1207 1866 τό,
1229 1788 1331 1867 φασίν,
1355 1789 1390 1851 ἐν

239 1887 359 1972 χρόνοις
373 1896 432 1952 τῶν
448 1886 620 1953 άποστόλων
632 1897 740 1953 πωλεῖν
753 1887 789 1952 τά
803 1885 902 1953 αὐτῶν
918 1886 1100 1974 ὑπάρχοντα,
1118 1890 1168 1953 καί
1178 1889 1295 1952 τιθέναι
1305 1886 1390 1973 παρά

239 1988 310 2065 τούς
326 1989 421 2065 πόδας
444 1996 502 2054 τῶν
523 1987 707 2069 άποστόλων,
736 1992 785 2055 καί
805 1993 846 2064 είς
861 1995 1003 2073 πτωχείαν
1025 1993 1076 2055 καί
1094 1987 1259 2069 Ιάττοταξίαν
1275 1997 1390 2071 μετείη.

240 2093 373 2156 λυθέναι.
416 2094 478 2155 Καὶ
494 2090 544 2156 διά
560 2099 648 2156 τοῦτο
668 2100 819 2156 καλεῖσθαι
839 2089 897 2157 δπδ
915 2091 1034 2157 πάντων
1052 2093 1126 2172 φασί
1144 2095 1263 2173 πτωχοί.
1310 2089 1391 2157 Ου’δέ

240 2201 327 2259 τοῦτο
350 2195 382 2259 δὲ
406 2192 517 2275 άληθὲς
539 2191 607 2278 παρ’
627 2191 743 2271 αὐτοῖς,
774 2191 845 2256 άλλά
864 2192 951 2273 φύσει
972 2201 1013 2282 τῷ
1037 2192 1101 2259 όντι
1116 2190 1229 2275 Ἐβίων
1250 2195 1389 2271 ἐκαλεῖτο,

240 2293 316 2359 κατά
332 2300 529 2380 προφητείαν,
557 2292 654 2376 οίμαι,
685 2292 831 2377 όπτωχδς
852 2297 903 2359 καί
919 2293 1024 2374 τάλας,
1046 2292 1078 2359 τό
1100 2292 1197 2375 όνομα
1220 2296 1253 2359 έκ
1274 2293 1386 2379 πατρός

240 2394 334 2462 αὐτοῦ
350 2400 401 2461 καὶ
420 2396 530 2482 μητρός
545 2395 638 2462 αὐτοῦ
653 2398 878 2478 κεκληρωμένος.
922 2395 1010 2460 Πόσα
1024 2397 1056 2460 δὲ
1074 2395 1144 2461 άλλα
1163 2393 1245 2461 δεινά
1266 2397 1316 2461 καί
1330 2421 1385 2459 πα·

240 2501 462 2581 ραπεποιημένα
477 2500 528 2563 καί
543 2502 708 2582 μοχθηρίας
723 2499 848 2581 γέμοντα
862 2495 931 2582 παρ’
949 2495 1049 2573 αὐτοῖς
1063 2496 1278 2579 έπιτηδεάεταις
1290 2495 1384 2561 Ὅταν

240 2599 297 2686 γάρ
317 2627 346 2665 τι
366 2603 396 2676 ἐξ
411 2598 509 2665 αὐτῶν
523 2598 544 2682 ἢ
557 2599 636 2687 νόσῳ
652 2602 822 2681 περιπέσοι,
843 2598 864 2682 ἢ
879 2596 939 2664 άπδ
958 2601 1084 2685 ἑρπετοῦ
1098 2603 1238 2682 δηχθείη,
1257 2597 1384 2665 κάτεισιν

241 2704 283 2777 είς
294 2699 330 2765 τά
342 2701 452 2779 ὕδατα,
473 2703 524 2766 καί
541 2703 718 2766 ἐπικαλεῖται
733 2699 786 2776 τάς
804 2704 975 2782 ἐπωνυμίας
995 2701 1048 2777 τάς
1070 2703 1103 2766 έν
1115 2708 1156 2789 τῷ
1169 2697 1272 2778 Ἠλξαλ
1285 2706 1340 2765 τοῦ
1353 2723 1384 2765 τε

241 2799 372 2883 οιίρανοῦ
394 2805 444 2866 καί
466 2809 520 2885 τῆς
543 2810 614 2887 γῆς,
642 2809 695 2867 τοῦ
715 2827 746 2867 τε
768 2798 838 2878 άλδς
855 2805 907 2867 καλ
925 2810 978 2868 τοῦ
995 2801 1120 2881 ὕδατος,
1149 2808 1211 2867 τῶν
1225 2827 1256 2867 τε
1270 2798 1388 2885 άνέμων

240 2905 292 2969 καί
310 2901 438 2989 άγγέλων
457 2911 511 2988 τῆς
525 2903 731 2985 δικαιοσύνης,
758 2907 848 2984 φασὶ,
877 2906 928 2969 καί
946 2910 1000 2970 τοῦ
1019 2902 1111 2989 άρτου
1131 2906 1182 2969 καί
1199 2907 1314 2984 ἐλαίου,
1335 2905 1389 2969 καί

241 3003 359 3091 άρχεται
378 3007 484 3091 λέγειν,
513 3008 651 3088 Βαηθῆτέ
673 3032 738 3087 μοι,
767 3007 819 3070 καί
840 3004 1019 3083 άπαλλάξατε
1042 3004 1092 3071 ἄπ’
1117 3008 1190 3089 ἐμοῦ
1206 3005 1240 3073 τό
1262 3004 1387 3092 άλγημα.

240 3106 321 3192 Ἤδη
341 3109 374 3173 δέ
395 3133 447 3190 μοι
470 3109 520 3172 καί
535 3105 670 3192 άνωτέρω
693 3106 927 3192 προδεδήλωται,
959 3105 1001 3184 οἱς
1019 3115 1111 3172 ταῦτα
1133 3109 1186 3191 μὲν
1205 3106 1311 3190 Ἐβίων
1331 3106 1388 3174 σόκ

240 3209 315 3302 ᾔδει.
358 3207 447 3275 Μετά
470 3207 574 3294 καιρόν
591 3211 623 3275 δέ
648 3212 680 3275 ot
699 3210 755 3274 σόν
774 3207 854 3298 αὐτῷ
876 3212 1078 3291 συναφθέντες
1099 3216 1141 3298 τῷ
1156 3208 1277 3291 ’Hasna
1304 3209 1386 3293 ἔσχη-

240 3334 309 3379 κασι
332 3315 385 3396 μέν
406 3318 460 3377 τοῦ
472 3310 620 3394 Ἐβίωνος
641 3310 693 3393 τήν
709 3310 870 3396 περιτομήν
893 3314 944 3377 καί
963 3310 996 3377 τό
1013 3310 1164 3394 σάββατον
1184 3315 1236 3377 καλ
1257 3308 1294 3375 τά
1315 3313 1385 3393 ἔθη,

240 3423 295 3480 τοῦ
310 3417 342 3481 δέ
357 3413 467 3492 Ἠλξαῒ
484 3411 538 3495 την
554 3418 717 3494 φαντασίαν
738 3413 808 3488 άςτε
826 3419 953 3496 νομίζειν
969 3414 1022 3496 μέν
1042 3412 1094 3479 τόν
1112 3411 1240 3499 Χριστόν
1261 3408 1336 3477 εἶναί
1356 3438 1386 3478 τι

241 3513 442 3602 άνδροείκελον
462 3515 622 3598 ίκτάιτωμα
645 3514 772 3601 άόρατον
790 3512 978 3600 άνθραίποις,
1008 3520 1111 3597 μιλίων
1126 3514 1329 3597 ένενηιιονταέξ
1349 3512 1384 3581 τό

242 3625 352 3700 μῆκος,
374 3624 467 3702 δῆθεν
484 3623 607 3703 σχοίνων
622 3617 877 3701 εἰκοσιτεσσάρων,
905 3616 938 3683 τό
955 3618 987 3683 δέ
1003 3617 1114 3694 πλάτος
1127 3620 1250 3701 σχοίνων
1262 3620 1315 3696 ἓξ,
1341 3644 1388 3699 μι·

241 3723 312 3783 λίων
328 3720 584 3805 εἰκοσιτεσσάρων,
605 3718 638 3785 τδ
654 3719 747 3803 πάχος
761 3721 793 3785 δέ
809 3717 884 3783 κατά
901 3722 1039 3805 μέτρησιν
1060 3718 1148 3803 άλλην
1162 3718 1243 3785 τινά·
1264 3717 1389 3807 άντιιιρδ

244 3820 277 3885 δέ
291 3818 382 3886 αὐτοῦ
405 3822 522 3887 ἑστάναι
543 3827 595 3887 καί
611 3821 643 3887 τό
662 3821 747 3907 άγιον
763 3828 880 3902 πνεῦμα
895 3824 927 3887 ἒν
941 3825 1011 3887 είδει
1027 3826 1149 3903 θηλείας
1166 3819 1317 3907 άοράτιας,
1336 3822 1389 3887 καί

244 3922 276 3987 τό
295 3919 367 3988 αὐτό
390 3930 444 3986 τοῦ
467 3922 559 3989 αὐτοῦ
577 3927 694 4009 μέτρου.
739 3926 801 3989 Καὶ
817 3922 930 4002 πόθεν,
954 3925 1062 4006 φησίν,
1092 3926 1207 4010 1ίγνων
1229 3922 1266 3989 τά
1289 3924 1388 4010 μέτρα.

242 4022 385 4107 Ἐπειδὴ,
406 4029 513 4106 φησίν,
541 4023 621 4091 είδον
641 4024 700 4091 άπό
715 4033 775 4091 τῶν
794 4024 888 4110 ὀρέων
911 4026 957 4090 ὅτι
981 4029 1015 4089 αἱ
1037 4028 1164 4105 κεφαλαί
1181 4028 1318 4106 ἔφθανον
1334 4021 1388 4091 αά·

242 4133 317 4205 τοῖν,
339 4128 388 4192 καὶ
405 4125 438 4192 τδ
457 4129 561 4211 μέτρον
577 4135 631 4192 τοῦ
648 4126 739 4213 ὅρους
757 4126 940 4210 καταμαθαίν
957 4130 1048 4213 έγνων
1067 4134 1198 4210 Χριστοῦ
1215 4152 1247 4192 τι
1262 4128 1314 4193 καί
1333 4132 1388 4192 τοῦ

244 4223 329 4312 άγίον
352 4227 516 4311 πνεύματος
530 4229 566 4292 τά
584 4232 680 4315 μέτρα.
715 4226 803 4314 Ἤδη
828 4232 861 4295 δέ
883 4257 934 4313 μοι
954 4233 1020 4313 περὶ
1040 4228 1151 4294 τούτων
1169 4231 1282 4311 εἴρηται
1296 4229 1329 4293 έν
1350 4232 1387 4316 τῇ

275 4414 301 4470 6.
319 4421 393 4468 Verba
402 4418 446 4472 καλ
458 4415 605 4483 Ἑλληνίδος
620 4417 725 4485 μητρός.
735 4436 794 4483 qnae
860 4421 885 4472 λ.
901 4425 981 4475 mma
995 4424 1141 4472 desideratur
1153 4424 1179 4470 ιἰι
1191 4420 1312 4481 ταμείου.
1328 4423 1350 4467 ιλ
1362 4421 1389 4469 ιἰι

241 4488 402 4537 desiderantur
420 4492 445 4538 ιἰι
458 4491 512 4538 edit.
525 4490 617 4550 γήινα,
637 4491 672 4537 uti
688 4492 758 4537 ιίιαιιι
773 4493 800 4539 ιἰι
832 4491 882 4538 εοιλ
904 4492 1002 4553 Βλεδίγ.
1035 4493 1129 4552 Recepit
1149 4488 1260 4539 Ρείαυίαι
1281 4500 1312 4537 τε
1335 4488 1389 4537 ανδ.

239 4556 291 4605 ανδ
298 4556 404 4618 Βλιδλγ,
415 4560 525 4607 petavius
534 4559 619 4617 recepit
626 4570 655 4607 ιε
667 4557 718 4606 cod.
728 4560 800 4607 ναίει.
834 4559 907 4607 rm
