3046 5084
392 352 527 404 ennean
543 352 606 403 ets.
620 353 639 402 1.
656 351 738 405 rost.
751 350 794 402 tn.
810 348 911 401 maen.
922 352 1002 401 xnn.
1211 338 1268 399 641

210 472 313 537 llelut.
334 469 375 535 ll.
409 468 485 537 (loro
508 471 563 534 boc
585 473 650 535 loco
666 490 769 535 rursus
788 470 937 555 apostolos
956 469 1100 552 significet
1119 481 1273 553 scisceptae

126 577 223 640 carnis
240 573 519 639 administrationem
540 594 654 637 omnem
676 594 711 637 ac
728 593 845 636 cracem
867 572 901 635 ad
920 572 1074 634 tollendum
1093 572 1272 635 maledictum

126 679 320 764 pertinuisse,
351 677 437 761 idque
460 677 553 761 ipsum
582 687 612 738 et
631 676 661 739 in
681 677 746 760 lege
768 686 854 738 antea
878 674 1015 758 seriptum
1041 696 1074 736 ac
1097 674 1274 758 praedictum

127 782 236 860 luisse,
268 801 303 843 ac
326 780 440 843 demum
463 780 494 842 iu
519 779 665 842 salvatore
690 779 869 862 perlectum,
904 777 977 840 baud
1002 777 1125 839 obscure
1148 776 1277 839 declarat

128 905 185 947 non
212 883 336 946 alienam
360 903 377 946 a
399 882 547 946 salvatore
569 901 636 945 esse
658 881 770 965 legem,
803 889 901 964 utpote
924 900 997 963 quae
1019 880 1054 943 ab
1077 879 1127 941 illo
1148 880 1277 962 gerenda

128 986 225 1049 omitia
248 985 404 1049 vaticinata
428 985 533 1061 luerit,
558 1005 593 1046 ac
616 982 784 1046 testimonio
806 981 1015 1045 corroborarit.

213 1085 314 1152 Saltol.
335 1083 391 1149 lll.
428 1089 575 1168 Testrficor
591 1108 704 1148 rursum
722 1091 850 1167 qnoniam
872 1089 951 1146 homo
968 1089 1149 1146 cri-eumerius
1168 1087 1428 1156 deliverandas.

129 1203 173 1253 est
194 1196 341 1253 unibersae
362 1193 433 1270 legv's
454 1193 617 1270 implendae.

214 1291 317 1356 Relnt.
338 1288 393 1355 lll.
428 1289 514 1374 Quod
532 1293 584 1370 ait,
607 1293 725 1354 Debitor
738 1303 790 1365 est,
816 1312 874 1352 non
890 1299 1032 1373 tamquam
1048 1291 1083 1352 de
1100 1311 1131 1354 re
1146 1291 1277 1376 quapiam

89 1448 97 1455 .
131 1395 274 1482 prohibita
292 1395 381 1474 dixit,
413 1395 465 1458 sed
482 1393 518 1457 de
536 1395 672 1478 graviore
690 1394 814 1477 quodam
832 1413 940 1472 onere,
972 1393 1048 1476 equod
1065 1392 1212 1458 sublevari
1229 1416 1280 1479 po·

131 1510 200 1564 test.
247 1495 307 1562 Sed
329 1497 386 1575 ita,
419 1518 494 1561 unus
514 1508 545 1560 ut
563 1496 769 1576 sitdominus,
802 1495 1164 1582 qnietonerarepossit,
1196 1508 1226 1560 ot
1245 1498 1279 1560 de

132 1622 223 1666 ocere
240 1599 412 1677 detrahere,
444 1621 496 1684 pro
513 1620 614 1662 eornm
631 1599 782 1663 voluntate
799 1598 847 1681 qni
864 1598 986 1661 oblatam
1006 1621 1058 1684 per
1075 1601 1138 1663 eins
1157 1599 1279 1684 gratiam

132 1704 223 1788 ipsius
245 1704 372 1767 adventu
394 1702 517 1766 salntem
540 1701 658 1764 minime
680 1700 909 1786 repudiaverint.

218 1803 320 1870 Schol.
341 1802 395 1870 lV.
430 1802 489 1868 Pro
512 1825 548 1868 eo
571 1805 646 1888 quod
670 1813 732 1882 est,
763 1807 904 1865 Modicum
917 1806 1090 1885 fermentum
1108 1816 1191 1866 totam
1209 1826 1281 1866 mos·
1295 1821 1350 1866 tnta
1362 1826 1381 1866 v.

133 1933 192 1972 sam
214 1913 385 1989 corrumpit,
411 1905 562 1990 rescripsit
582 1909 746 1968 Adulterat.

218 2010 320 2075 Relut.
341 2007 397 2074 lV.
431 2007 480 2074 Ne
502 2009 578 2092 quod
601 2009 641 2072 sit
661 2007 735 2093 apud
757 2007 835 2071 illum
858 2008 991 2071 veritatis
1011 2008 1182 2092 vestigium,
1215 2032 1284 2073 nus-

135 2136 221 2200 quau
246 2116 308 2177 lere
329 2112 489 2198 scripturas
507 2111 619 2194 attigit,
651 2109 719 2194 quin
738 2110 881 2174 malitiose
898 2111 1003 2195 aliquid
1022 2112 1201 2192 immutaret,
1232 2114 1283 2175 sed

136 2239 177 2281 ex
199 2237 234 2280 eo
257 2217 333 2300 quod
355 2215 488 2299 sequitur
505 2214 647 2277 orationis
663 2212 756 2277 series
773 2212 836 2298 ipsa
852 2214 1005 2276 manifesta
1022 2215 1162 2277 redditur.
1206 2213 1283 2278 Nam

136 2323 322 2397 tormentum,
346 2319 428 2381 velnt
445 2319 537 2380 lorma
554 2317 707 2400 quaedam,
733 2336 847 2380 massae
864 2314 1000 2379 subactae
1014 2338 1086 2402 opus
1102 2328 1158 2397 est,
1183 2328 1213 2380 et
1228 2320 1286 2381 ler-

136 2422 276 2487 mentatio
301 2422 363 2506 ipsa
384 2441 400 2483 e
424 2420 542 2483 subacta
565 2439 662 2483 massa
683 2421 731 2500 lit3
762 2439 855 2503 neque
875 2418 1075 2504 primigeniam
1096 2421 1215 2483 formam
1236 2421 1286 2483 de·

137 2525 264 2602 struxit,
289 2524 336 2607 qni
356 2522 515 2608 prudenter
531 2522 747 2587 similitudinem
771 2522 846 2586 illam
869 2521 1171 2607 comparationemque
1192 2535 1286 2588 trans-

138 2628 213 2692 tulit.

224 2727 325 2793 Schol.
345 2726 386 2792 V.
422 2733 516 2790 Omnm
534 2733 607 2790 enain
625 2731 673 2790 len
689 2732 718 2789 in
736 2750 769 2790 eo
788 2729 863 2790 uobis
881 2731 1028 2808 impletur:
1061 2732 1170 2808 Diliges
1185 2734 1286 2809 procri-
1299 2750 1355 2796 luit.
1368 2752 1399 2795 m.

138 2856 211 2897 mem
235 2845 312 2894 mum
333 2837 408 2895 ribai
428 2836 555 2912 teipsum.

225 2934 329 2998 Relut.
343 2931 384 2998 V.
420 2931 498 3016 Quid
515 2932 654 2997 attinebat
668 2933 829 3019 apostolum
844 2934 939 3018 legem
956 2933 1108 3013 adbibere,
1133 2934 1159 2998 si
1175 2957 1193 2999 a
1208 2946 1288 2999 vete·

139 3039 221 3104 ribus
236 3036 380 3101 mandatis
396 3058 503 3100 novum
520 3046 722 3100 testamentum
738 3036 930 3100 abhorreret?
971 3033 1030 3101 Sed
1049 3047 1080 3099 nt
1093 3050 1192 3122 aperte
1208 3060 1290 3102 mon-

141 3151 250 3206 straret
267 3140 324 3204 duo
348 3140 395 3203 illa
413 3149 588 3204 testamenta
611 3139 647 3203 ab
671 3160 729 3203 uno
745 3140 905 3223 eodemque
928 3151 1047 3204 sanctone
1067 3142 1121 3204 deo
1141 3163 1289 3221 manasse,

141 3264 342 3327 summamque
358 3243 507 3306 amborum
522 3263 590 3306 esse
605 3242 809 3322 concordiam,
834 3242 986 3327 utrobique
1000 3242 1198 3328 proximorum
1217 3245 1288 3307 cari·

142 3357 199 3412 tate
217 3348 312 3431 legem
329 3347 441 3431 impleri
460 3346 657 3430 significator,
688 3366 762 3430 quae
781 3349 938 3431 perlectum
956 3347 1146 3429 omnibusque
1163 3347 1291 3410 numeris

142 3451 305 3516 absolutum
325 3448 431 3512 bonum
449 3449 563 3512 efficiat.
609 3445 679 3512 ldeo
698 3449 904 3533 perlectionem
924 3449 998 3532 legis
1019 3450 1168 3533 apostolus
1186 3449 1292 3513 carita-

142 3566 200 3618 tem
224 3575 290 3618 esse
313 3552 424 3616 delinit.

228 3655 330 3722 Schol.
348 3651 403 3719 Vl.
439 3658 591 3739 Manifesta
606 3667 676 3717 surii
688 3667 779 3717 antem
795 3679 880 3737 opera
897 3661 1012 3729 carnis,
1037 3655 1360 3740 quaesunt'sornr21ma.
1374 3681 1405 3725 m.

144 3766 228 3836 catab,
254 3763 443 3832 rinmrrnditia,
469 3761 602 3833 luxuriis,
627 3761 764 3820 idolorum
785 3765 921 3833 seruitus,
947 3761 1092 3839 veneficiis,
1118 3763 1290 3839 absinentiae,

145 3868 348 3936 contenmbnes,
377 3865 593 3936 aemulationes,
623 3867 699 3937 irae,
726 3867 824 3938 robae,
848 3865 1049 3936 descensiones,
1073 3875 1181 3938 sectae,
1206 3867 1293 3924 domi·

145 4137 173 4172 ea
187 4122 237 4172 cod.
252 4120 324 4170 Vatic.
339 4122 441 4183 reposuit
456 4121 573 4170 Petcvius.
608 4120 634 4169 ln
650 4107 703 4169 edit*¹
771 4115 811 4170 89.
830 4121 907 4169 Facite
923 4122 1009 4183 aliquis
1026 4124 1150 4171 correxerit
1166 4120 1241 4184 becci,
1266 4111 1296 4174 οὗ

144 4193 220 4253 prino
236 4191 312 4251 enim,
329 4202 430 4251 marum
443 4189 560 4249 conspirat
575 4190 645 4237 diam
656 4189 707 4237 cod.
740 4188 767 4240 od
783 4190 806 4241 δ.
822 4189 862 4248 δι,
880 4186 924 4240 καὶ
940 4193 989 4239 cett.

147 4260 244 4322 Rbediq.
252 4293 261 4320 ‚
285 4259 367 4308 cumn
384 4262 447 4307 catat
469 4254 506 4325 τῷ
525 4255 665 4322 ζυμοῦσθαι
682 4253 707 4307 ἐν
773 4254 813 4308 90.
831 4253 996 4322 ἐργαζόμενον
1009 4261 1092 4321 scripsi
1103 4273 1148 4319 pro
1161 4254 1294 4323 ἐργαζομέ-

147 4330 206 4387 τοῖς.
739 4341 794 4385 νου,
813 4327 874 4388 qncd
892 4328 945 4375 tibn‘
961 4331 1058 4377 tuentur.
1091 4326 1154 4376 tttoa
1170 4329 1231 4376 enim
1244 4341 1295 4378 sen-

180 4393 221 4448 ct.
243 4397 283 4446 Sic
304 4397 375 4444 ctiam
396 4408 476 4457 snpra.
511 4395 606 4444 Patauio
631 4394 708 4445 deesse
740 4396 811 4444 tentio
826 4395 935 4456 postulet.

147 4464 239 4514 videtin·
255 4460 281 4515 dv
297 4462 343 4531 τῷ.
671 4512 674 4516 ,
774 4461 815 4512 91.
833 4460 1023 4526 εἰδωλολατρεία
1038 4477 1110 4524 supro
1128 4465 1217 4526 tupiter.

181 4531 222 4582 88.
239 4526 258 4596 ἠ
273 4532 373 4593 adpositi
385 4533 414 4581 de
428 4533 564 4580 auctoritate
579 4531 628 4581 cod.
644 4533 708 4581 Voti·
773 4527 815 4580 θ’).
832 4532 912 4592 snpra
930 4529 1033 4592 αἵρεσις.

149 4615 215 4650 cono.
774 4597 814 4651 93.
832 4600 911 4662 Sapra
927 4595 1007 4666 φόνοι.

200 4680 288 4738 Corpus
301 4679 435 4726 Haererecl.
448 4680 476 4725 ll.
1053 4692 1090 4751 ,qq
