3046 5084
170 327 230 387 216
588 333 708 386 SANch
727 333 896 384 τειειειιιιι

170 455 230 519 έστλ
244 452 277 517 τό
294 459 353 516 πᾶν
365 458 453 515 τοῦτο
469 449 634 534 ύγυρτοῖδες
646 448 842 535 έργαστήριον.
887 445 1200 528 Καταισχυνθήσονται
1213 447 1245 512 δέ
1261 473 1316 511 αν-

90 609 95 621 .
169 566 223 630 θις
242 547 324 619 οὗτοι
343 554 394 616 καλ
415 548 473 616 ύπό
495 559 553 614 τῶν
572 548 669 615 αὐτῶν
684 549 786 635 λόγιον.
830 552 873 614 Εἰ
889 547 945 633 γόρ
959 546 1072 629 Ἰησοῦς
1089 546 1145 612 ούκ
1162 545 1222 613 οίπό
1242 575 1319 635 παρ-

169 657 263 720 θένου
286 657 422 736 Μαρίας,
454 650 523 716 ύλλό
547 654 579 716 έκ
600 652 764 736 σπέρματος
783 649 893 732 Ἰωσήφ
917 652 967 714 καί
991 657 1045 731 τῆς
1066 647 1157 731 αύτής
1180 656 1317 735 Μαρίας,
1336 670 1339 676 “

170 758 288 834 σοέζεται
305 755 336 818 δέ
350 747 452 831 οὗτος,
478 751 559 837 ιίίρα
574 755 625 817 καὶ
640 750 725 817 αύτολ
740 752 927 834 σωθήσονται
943 755 974 815 οί
987 759 1092 816 τοῦτον
1106 751 1318 836 γεγεννηκότες.

173 860 234 920 Καὶ
249 859 276 920 εί
289 853 309 938 ή
326 859 433 938 Μαρία
448 855 496 919 καί
509 851 616 936 Ἰωσήφ
631 851 691 918 ύπό
707 862 760 918 τοῦ
777 859 959 937 δημιουργοῦ
974 848 1169 936 ὑπάρχουσιν,
1192 851 1251 936 ύρα
1265 852 1319 919 τόν

171 954 350 1041 δημιουργόν
363 953 481 1037 κτιστήν
497 957 625 1035 έφασαν,
647 956 697 1018 καί
711 953 809 1020 ούκέτι
825 959 856 1021 έν
871 952 1047 1036 ύστερήματι
1062 956 1141 1018 έσται
1156 951 1174 1018 ό
1191 952 1244 1019 τόν
1258 951 1318 1020 Ἰω-

52 1099 103 1144 ρις.
115 1086 159 1130 ιιο.
172 1059 234 1142 σήφ
254 1060 305 1123 καὶ
322 1055 376 1138 τήν
394 1060 518 1139 Μαρίαν
536 1055 679 1138 ποιήσας,
709 1058 739 1132 έξ
757 1048 799 1120 οἷν
815 1054 833 1121 ό
848 1055 961 1138 Ἰησοῦς
977 1052 1057 1139 παρύ
1073 1062 1127 1120 τοῦ
1143 1053 1204 1120 ύνοο
1223 1053 1318 1140 οίγνοί·

171 1181 241 1226 στου
260 1157 379 1238 Πατρός
395 1154 525 1238 όποίρχει.
569 1159 613 1220 Εἰ
631 1157 663 1221 δέ
685 1159 735 1222 καλ
752 1154 841 1232 αύτός
860 1155 1005 1240 όἿησοῦς
1026 1154 1086 1222 ύιιό
1105 1164 1163 1220 τῶν
1177 1153 1319 1241 Ἀγγέλοτν

170 1263 245 1338 έστλ,
266 1260 317 1323 καλ
334 1255 351 1323 ό
367 1256 545 1341 δημιουργός
562 1255 605 1333 εἷς
621 1261 679 1323 ἐστι
694 1265 753 1323 τῶν
766 1256 923 1343 Ἀγγέλεον,
953 1256 1036 1343 2όίρα
1053 1283 1084 1343 γε
1099 1254 1262 1339 α’τοπήματι
1275 1259 1318 1346 τῷ

171 1365 215 1428 ἑνί
230 1360 338 1434 πάντες
355 1366 596 1443 περιπεσοῦνται,
625 1356 719 1447 όποίῳ
737 1362 787 1425 καλ
804 1358 972 1445 οῖ”Λγγελοι
986 1357 1238 1443 περιπεπτιόκασι·
1265 1361 1319 1424 καλ

170 1462 331 1529 οίσύστατον
346 1463 391 1541 είη
406 1458 442 1523 ύν
456 1459 489 1525 τό
503 1458 571 1543 παρ’
587 1458 685 1525 αύτῶν
700 1459 957 1547 δραματούργημα,
981 1465 1158 1546 δηλητηρίου
1174 1462 1318 1541 έμπλεοιν,

169 1567 220 1631 καί
236 1562 333 1643 πόσης
350 1560 457 1636 ίοίδους
469 1566 655 1637 διδασκαλίας
670 1564 895 1645 μεμεστωμένον.
940 1562 1056 1645 Ταύτην
1070 1565 1101 1627 δέ
1115 1554 1207 1638 αὖθις
1221 1560 1318 1629 όπίσω

170 1669 345 1750 τρέψαντες,
375 1663 470 1746 όίςπερ
487 1662 645 1748 δράκοντος
660 1664 792 1746 κεφαλήν
808 1663 883 1752 ξύλῳ
900 1672 954 1747 τῆς
969 1670 1092 1739 πίστεως
1112 1667 1164 1730 καὶ
1180 1671 1232 1746 τῆς
1248 1663 1318 1747 ύλη-

170 1774 257 1843 θείας
275 1769 325 1832 ἐπὶ
345 1774 398 1851 γῆς
412 1764 602 1847 λακήσαντες,
624 1774 687 1842 ταῖς
703 1764 800 1841 ύλλαις
816 1765 1036 1850 θηριομόρφοις
1055 1765 1319 1852 προςπελύσαντες,

172 1867 218 1936 ἐπ’
240 1867 354 1957 ὀλέθρῳ
376 1866 488 1932 τούτων
508 1869 559 1931 καί
579 1874 639 1932 τῶν
660 1865 801 1933 τοιούτων
821 1867 1017 1951 βαδιούμεθα.

421 2202 575 2271 ΚΑΤΑ
618 2201 1063 2288 ΚΗΡΙΝΘΙΑΝΩΝ,

287 2318 362 2412 ἤτοι
387 2320 621 2414 Μηρινθιαιῶν,
649 2313 764 2411 ὀγδόη,
790 2313 812 2409 ή
838 2318 897 2389 καὶ
923 2316 1054 2412 εἰκοστή
1082 2315 1189 2413 ὀγδόη.

253 2465 408 2549 Κήρινθος
425 2464 457 2528 δὲ
475 2455 583 2540 αὖθις,
613 2459 665 2541 εἶφ’
682 2454 773 2546 οὗπερ
791 2465 822 2527 οί
839 2466 1040 2548 Κηρινθιανολ
1057 2462 1221 2551 λεγόμενοι,
1251 2461 1312 2529 όπό

168 2566 277 2648 ταύτης
293 2575 345 2649 τῆς
362 2563 535 2649 θηριώδους
552 2571 665 2647 σπορᾶς
681 2561 733 2628 τόν
750 2562 797 2628 ἰόν
812 2572 854 2652 τῷ
870 2565 973 2654 κόσμῳ
988 2569 1089 2653 φέρων
1104 2564 1184 2650 ήκει,
1212 2563 1314 2649 σχεδόν

170 2670 202 2734 δέ
218 2666 303 2734 ούδὲν
319 2671 416 2749 ἕτερον
433 2663 515 2748 παρό
530 2664 583 2729 τόν
596 2667 808 2750 προειρημένον
824 2673 1022 2753 Καρποκρᾶν,
1044 2665 1113 2733 οίλλύ
1128 2664 1165 2733 τό
1180 2663 1255 2731 αύτύ
1270 2673 1312 2755 τῷ

170 2768 271 2856 κόσμῳ
286 2766 433 2833 κακοποιό
449 2765 591 2850 φύρμακα
604 2769 797 2848 έκβλυστοίνει.
842 2767 884 2832 Τό
904 2773 970 2834 1ίσα
985 2769 1040 2856 γόρ
1055 2776 1095 2859 τῷ
1111 2768 1314 2857 προειρημένῳ

170 2875 211 2946 είς
225 2869 277 2935 τόν
296 2868 424 2955 Χριστόν
440 2868 663 2951 συκοφαντήσας
678 2872 818 2954 ἐξηγεῖται
836 2872 885 2935 καί
901 2863 1003 2952 οὗτος,
1025 2875 1059 2938 έιι
1075 2875 1198 2957 Μαρίας
1212 2872 1265 2939 καὶ
1282 2873 1316 2937 έκ

171 2975 334 3057 σπέρματος
344 2970 452 3053 Ἰωσήφ
466 2970 517 3036 τόν
533 2969 661 3055 Χριστόν
676 2979 859 3056 γεγενῆσθαι,
875 2974 925 3038 καί
939 2971 992 3038 τόν
1007 2972 1119 3058 κόσμον
1132 2970 1242 3058 δμοίως
1255 2971 1315 3040 ύπό

168 3073 308 3160 Ἀγγέλονν
323 3080 504 3158 γεγενῆσθαι.
550 3070 645 3137 Ούδὲν
660 3071 715 3157 γύρ
734 3066 822 3148 οὗτος
835 3073 916 3159 πυροί
930 3073 983 3140 τόν
999 3083 1118 3161 πρῶτον
1133 3075 1266 3159 διήλλαξε
1278 3083 1316 3166 τῇ

170 3181 311 3266 είςαγωγή
325 3184 377 3256 τῆς
393 3173 486 3240 αύτοῦ
501 3179 703 3253 διδασκαλίας,
726 3172 783 3238 ἄλλ’
797 3175 818 3257 ή
832 3179 863 3240 έν
878 3175 974 3264 τούτῳ
990 3176 1083 3259 μόνον
1089 3229 1099 3258 ,
1120 3181 1153 3245 έν
1169 3184 1211 3267 τῷ
1225 3203 1316 3263 προς·

169 3283 242 3364 έγειν
257 3286 296 3367 τῷ
309 3276 483 3365 Ἰουδαϊσμῷ
496 3275 555 3342 ιίπό
570 3279 684 3361 μέρους.
731 3275 842 3343 Φύσκει
857 3280 889 3343 δὲ
905 3271 991 3354 οὗτος
1006 3277 1059 3345 τόν
1073 3279 1165 3362 νόμον
1176 3280 1227 3344 καλ
1243 3277 1315 3354 τούς

168 3380 324 3466 προφήτας
342 3377 401 3445 ύπό
416 3378 557 3464 Ἀγγίλιον
574 3377 730 3458 δεδόσθαι,
760 3382 811 3444 καί
827 3379 879 3444 τόν
896 3380 1045 3446 δεδωκότα
1061 3380 1153 3465 νόμον
1168 3383 1220 3447 ἕνα
1236 3376 1314 3445 εἶναι

169 3493 227 3549 τῶν
240 3484 382 3570 Ἀγγέλαν
396 3489 455 3547 τῶν
471 3480 522 3546 τόν
539 3480 651 3562 κόσμον
667 3479 877 3562 πεποιηκότων.
920 3479 1048 3567 Ἐγένετο
1066 3485 1097 3550 δέ
1113 3475 1201 3560 ούτος
1215 3478 1234 3548 ό
1248 3481 1314 3566 Κή-

170 3597 272 3667 ρινθος
290 3591 321 3651 ἐν
338 3595 374 3676 τῇ
387 3582 469 3672 Ἀσίρι
486 3587 657 3669 διατρίβων,
687 3579 802 3646 κύκεῖσε
819 3591 873 3649 τοῦ
887 3583 1074 3670 κηρύγματος
1086 3582 1141 3668 τήν
1155 3582 1248 3670 ύρχήν
1263 3610 1314 3651 πε-

169 3691 334 3770 ποιημένος.
368 3686 447 3770 Ἤδη
463 3687 495 3751 δέ
509 3686 577 3768 περὶ
590 3681 697 3748 τούτου
710 3687 840 3766 είπομεν,
863 3684 903 3762 οίς
916 3690 968 3752 καὶ
982 3680 1070 3764 οὗτος
1084 3685 1240 3773 έκήρντττν
1256 3683 1315 3753 ούκ

169 3785 228 3853 ιίιτό
242 3796 294 3870 τῆς
306 3789 424 3876 πρώτης
439 3790 489 3854 καί
505 3786 622 3853 ύνωθεν
635 3784 788 3868 δυνάμεως
799 3786 851 3852 τόν
865 3788 977 3871 κόσμον
990 3798 1176 3875 γεγενῆσθαι,
1197 3787 1315 3857 ἄνωθεν

170 3892 203 3956 δέ
218 3891 250 3955 έκ
266 3897 319 3954 τοῦ
333 3889 394 3955 ύνω
411 3899 487 3956 θεοῦ
503 3888 573 3973 μετόι
588 3887 621 3953 τό
639 3886 824 3974 ύδρινθήναι
839 3888 891 3956 τόν
904 3888 1019 3974 Ἰησοῦν
1035 3889 1088 3957 τόν
1102 3894 1136 3958 ἐκ
1150 3893 1315 3977 σπέρματος

167 3990 276 4074 Ἰωσήφ
289 3994 339 4056 καὶ
355 3998 476 4075 Μαρίας
488 3993 695 4078 γεγεννημένον
707 3994 934 4073 κατεληλυθέναι
948 3991 1000 4059 τόν
1016 3990 1145 4078 Χριστόν
1158 3997 1200 4070 τίς
1211 3990 1313 4070 αύτόν,

168 4098 299 4160 τουτέστι
321 4091 354 4158 τό
377 4103 490 4176 πνεῦμα
506 4094 538 4160 τό
557 4094 642 4180 όίγιον
659 4096 691 4158 έν
707 4097 778 4158 εἴδει
793 4102 962 4180 περιστερᾶς
980 4099 1013 4161 έν
1027 4104 1068 4185 τῷ
1083 4093 1233 4183 Ἰορδύνη,
1260 4095 1313 4159 καί

169 4195 361 4276 ύποκαλύψαι
377 4193 455 4281 αύτῷ
471 4199 522 4260 καλ
538 4195 574 4260 δι’
588 4194 679 4261 αύτού
693 4205 754 4272 τοῖς
768 4193 827 4279 μετ’
846 4195 939 4262 αύτοῦ
952 4196 1004 4263 τόν
1019 4197 1168 4283 ι’ίγναστον
1183 4194 1311 4279 Πατέρα.

170 4301 232 4362 Καί
252 4297 302 4363 διό
323 4305 409 4363 τοῦτο
431 4297 532 4378 ἐπειδή
549 4292 641 4379 ήλθεν
661 4295 681 4379 ή
698 4297 823 4381 δύναμις
840 4301 882 4375 είς
901 4297 991 4365 αύτόν
1007 4298 1142 4379 ύνοοθεν,
1171 4294 1313 4379 δυνάμεις

47 4431 96 4475 pag.
110 4419 155 4462 m.
169 4403 400 4478 έπιτετελεκέναι,
417 4401 468 4463 καί
483 4397 575 4463 αύτοῦ
589 4399 775 4478 πεπονθότος
786 4400 820 4468 τό
837 4401 927 4468 έλθόν
941 4401 1059 4469 ύνιοθεν
1073 4398 1238 4484 οίναστήναι
1252 4396 1313 4467 ύιτό

127 4607 133 4619 Ι
204 4540 262 4592 cn.
277 4541 342 4590 vm.
360 4512 396 4578 -’
413 4540 433 4589 ι.
455 4540 525 4600 ιαμ
543 4526 598 4603 ἄρα.
790 4541 815 4592 2.
837 4545 909 4605 ιαμ
926 4531 982 4608 ἄρα.
