3046 5084
330 348 464 399 ιιιιιιι
482 346 559 399 nov.
575 346 746 399 ιιιιιιιι
762 342 825 399 ιιι.
840 351 858 398 t.
875 347 955 400 ron.
969 350 987 397 t.
1190 336 1231 397 39

85 464 266 550 perstitionis
284 465 399 531 initis·
423 475 470 531 est
488 466 614 545 ιιιιιιιι,
636 466 877 551 quemadesevodu
899 486 917 529 a
936 466 1094 531 maioribus
1116 466 1230 552 eooepi·

84 586 161 631 usus.
200 564 336 633 Tametsi
350 566 477 631 noudum
494 566 530 630 ad
548 564 704 631 eimalaera
720 566 907 648 caelatasque
922 567 1043 649 lapides,
1068 578 1120 631 aut
1136 568 1227 653 ligna,

85 678 137 732 ιιι
161 679 317 752 argenteas
339 688 503 751 aureasque
526 676 640 731 statuas
661 666 821 729 alteriusve
848 671 987 731 materiae
1008 670 1229 752 superstitiosus

85 770 135 833 ille
153 769 249 834 onltus
264 770 456 843 adhaeserat,
481 786 537 831 neo
551 766 629 831 alind
647 779 765 852 praeter
781 767 896 831 eolores
918 779 1004 851 atque
1021 770 1130 853 effigies
1151 782 1227 846 erat,

85 872 118 935 io
140 892 197 956 quo
218 871 365 935 hominem
385 878 499 931 mentes
519 888 626 931 novum
644 888 782 953 pes-sese
804 868 951 951 nequitiae
967 890 1060 953 genus
1077 872 1229 953 excogita-

84 983 168 1053 rent,
191 992 226 1037 ao
246 984 352 1056 sponte
366 990 422 1033 sua
437 969 612 1053 proprioque
627 970 716 1033 animi
739 989 775 1032 ιι
796 970 919 1033 rationis
941 973 1048 1055 impetu
1068 992 1122 1056 pro
1140 973 1229 1035 bone·

85 1085 161 1138 state
176 1074 233 1139 sibi
249 1070 372 1135 eoeleris
390 1070 594 1155 turpitudinem
614 1072 824 1135 adsoiseereut.
870 1067 930 1135 Sed
955 1082 987 1134 ut
1009 1072 1045 1135 ad
1067 1072 1228 1137 institutum

85 1175 217 1252 redeam,
242 1168 376 1237 Semele
391 1182 477 1236 uatus
494 1183 542 1235 est
553 1170 695 1252 Neohorp
717 1172 754 1236 alt
770 1193 807 1235 ιο
822 1171 939 1236 Thesea
953 1173 1069 1257 genitus
1086 1184 1144 1237 est.
1179 1172 1227 1237 llx

86 1297 144 1360 quo
163 1286 294 1358 tempore
318 1272 472 1337 simulacra
494 1273 617 1358 primum
639 1294 680 1337 ex
700 1272 805 1357 argilla
825 1274 981 1359 ligliuopue
1002 1294 1090 1360 opere
1111 1286 1228 1360 reperta

86 1387 172 1453 suut,
195 1375 306 1439 artiliee
322 1373 455 1455 Tharsa,
478 1375 617 1459 adquam
638 1385 684 1439 ter
703 1374 782 1439 mille
796 1375 914 1438 eiroitar
931 1386 962 1438 ιι
977 1386 1174 1440 trecentorum
1193 1398 1229 1440 ae

85 1477 204 1560 triginta
220 1477 342 1540 duarum
357 1497 500 1540 annorum
516 1475 611 1561 spatio
625 1476 660 1540 ad
675 1496 766 1561 usque
781 1476 949 1540 vicesimam
968 1487 1094 1541 aetatem
1112 1477 1229 1541 humenti

86 1578 206 1662 generis
220 1590 350 1664 tempora
365 1589 524 1663 propagata
538 1589 619 1642 suut.
653 1576 721 1641 Nee
735 1576 765 1640 in
783 1587 865 1641 tauto
882 1579 1028 1643 homiuum
1045 1601 1167 1642 numero
1182 1581 1229 1643 nl-

87 1680 134 1744 lus
151 1679 243 1743 edituo
255 1680 332 1743 lilius
347 1690 416 1743 aute
429 1690 578 1764 parentem
594 1679 719 1756 obierat,
740 1678 791 1741 sed
809 1678 1014 1762 superstitibus
1029 1680 1140 1745 relietis
1155 1680 1228 1744 lile-

87 1782 129 1845 ris
144 1792 242 1867 patres
258 1802 299 1845 ex
315 1780 370 1845 lese
386 1781 448 1844 vita
461 1779 636 1864 migrabant.
679 1778 759 1843 Nem
774 1782 848 1864 quod
864 1780 987 1844 Abaton
1006 1782 1134 1845 oblinere
1149 1783 1228 1867 quis-

86 1883 162 1968 piam
178 1893 291 1968 possm,
315 1902 494 1967 nequaquam
515 1881 657 1966 procedit,
680 1902 745 1944 snm
761 1882 788 1944 is
803 1880 931 1945 violente
948 1894 1043 1947 morte
1059 1896 1229 1970 praereptus

86 1985 187 2048 luerit.
229 1982 426 2068 Posteaquam
452 2004 525 2047 vero
547 1981 665 2047 Tharsa
687 1982 787 2066 figlina
812 1994 875 2046 arte
898 1984 982 2047 deum
1008 1985 1088 2048 velut
1116 1987 1231 2049 aemulo

86 2087 210 2171 quodam
226 2089 359 2172 opposito
377 2105 540 2171 provoonre
555 2083 668 2169 coepit,
692 2084 807 2167 dignam
826 2084 910 2147 laetis
926 2086 988 2148 suis
1004 2087 1167 2150 mercedem
1184 2106 1230 2149 re·

85 2189 230 2273 portavit,
253 2208 318 2252 eum
335 2199 366 2253 et
379 2188 443 2274 ipse
458 2186 508 2251 lilii
524 2187 570 2250 sui
587 2187 698 2250 iaetura
715 2184 846 2249 vicissim
860 2185 1070 2268 quodammodo
1090 2208 1231 2272 provooa·

86 2301 209 2355 tuaest.
255 2287 341 2372 Quod
363 2290 478 2375 puidam
494 2289 541 2353 dei
558 2286 711 2353 eonsilium
729 2286 876 2350 mmirnns
898 2287 1040 2372 scriptura
1062 2288 1230 2352 nominatim

86 2392 132 2456 ltin
148 2392 248 2456 verbis
265 2392 430 2478 expressit:
463 2396 504 2454 Et
525 2402 653 2453 mortum
673 2401 717 2452 eet
729 2395 831 2452 Arnon
852 2410 945 2450 eoram
966 2393 1077 2451 Tharne
1093 2403 1178 2472 petre
1201 2397 1230 2452 in
1243 2398 1379 2454 Gen-¹¹³⁸·

87 2506 167 2556 tenu
185 2499 343 2557 mantuae
363 2514 441 2555 enee.

182 2594 343 2680 fluensque
375 2593 514 2680 Seytlrion
546 2594 686 2678 quaedam
718 2592 869 2657 enecesaio
905 2592 1116 2678 appellatioque
1151 2615 1232 2657 man·
1250 2605 1374 2671 capt'tt.

87 2697 137 2761 sit.
181 2697 271 2764 Nulla
291 2718 364 2762 vero
385 2697 479 2761 adhue
496 2696 628 2760 haeresis
648 2704 731 2773 erat,
755 2714 810 2757 nee
825 2694 914 2758 ullum
938 2696 1015 2759 aliud
1036 2707 1230 2760 commentum

87 2809 207 2885 praeter
220 2800 412 2864 idololatriam
433 2801 604 2884 irrepserat.
648 2794 760 2861 Postea
775 2815 848 2860 vero
867 2794 1001 2861 infelices
1018 2809 1161 2884 tyrannos
1183 2809 1233 2862 aut

87 2901 340 2986 praestigiatores,
363 2901 412 2985 qni
427 2899 673 2964 immutationibus
689 2898 750 2963 suis
767 2918 802 2962 no
818 2897 942 2963 iollae-iis
960 2910 1050 2963 totum
1065 2901 1167 2965 orbem
1183 2902 1233 2964 de-

88 3012 240 3086 ceperant,
264 3002 371 3067 divinis
386 3001 545 3066 honoribus
559 3010 782 3077 nouseorarunt,
806 3020 965 3085 eorumque
979 3013 1166 3066 monumenta
1182 3023 1233 3065 ve-

87 3104 184 3169 nerati
204 3115 284 3169 seut.
329 3102 402 3169 lude
423 3104 513 3187 longo
533 3113 600 3188 post
619 3114 751 3188 tempore
766 3098 925 3167 Saturnum
949 3113 979 3165 et
997 3100 1115 3183 lovem,
1138 3101 1232 3189 Opem

88 3227 124 3270 ao
140 3202 299 3288 lunonem,
326 3217 519 3290 nesterosque
538 3204 640 3269 domm
660 3203 806 3282 asseelas,
830 3213 890 3268 tum
905 3204 1064 3270 Aeinasem
1079 3202 1233 3270 Sarmatae

89 3305 221 3396 seythia
244 3312 363 3392 genens
385 3307 511 3395 prodeo
529 3306 627 3371 eolere
648 3316 823 3392 coeperunt,
847 3318 880 3371 ut
900 3317 930 3370 ιῑ
949 3302 1115 3393 Odrysum,
1139 3327 1155 3368 a
1177 3324 1234 3387 quo

90 3410 226 3476 'l'ltraoes
243 3410 378 3489 edundi,
401 3409 586 3493 indidemque
609 3405 802 3494 etPltrygum
822 3430 917 3491 genus
939 3409 1081 3492 originem
1103 3406 1232 3490 aceepi13

91 3534 131 3576 ax
147 3534 204 3597 quo
219 3513 306 3577 etiam
322 3511 428 3577 aeeidit
443 3522 475 3576 nt
490 3532 507 3575 a
520 3508 632 3589 ’l'ltera,
655 3510 704 3596 qni
719 3510 749 3573 in
763 3510 812 3574 illa
828 3510 918 3573 turris
933 3509 1135 3573 aedificatione
1149 3518 1234 3571 natus

90 3624 154 3689 est,
176 3611 323 3681 ’l'ltraoem
340 3614 496 3701 appellatio
512 3613 635 3678 dedueta
653 3612 703 3677 sit.
748 3609 895 3695 llaineeps
912 3630 1013 3673 errore
1031 3609 1060 3671 iu
1079 3608 1233 3673 humanum

91 3732 186 3797 genua
204 3716 386 3796 iutrndueto,
409 3717 444 3780 ad
461 3715 543 3780 illum
561 3735 654 3800 vespae
669 3734 755 3799 quem
772 3713 921 3796 attigimus
938 3708 1109 3790 terminum,
1132 3710 1234 3795 depra-

91 3815 207 3879 vatione
221 3819 251 3879 iu
270 3817 333 3882 dies
354 3828 424 3883 anot
443 3818 579 3883 revoluta
598 3828 741 3900 tempora.
784 3813 863 3878 Hine
880 3811 975 3875 omnis
994 3812 1042 3876 illa
1061 3813 1234 3899 scriptorum

90 3929 179 4003 etque
197 3914 400 3983 historieorum
418 3932 486 3984 nata
503 3920 603 4006 eopia,
627 3918 676 4003 qui
692 3918 727 3981 ab
745 3915 957 4000 Aegyptiorum
974 3914 1113 3979 fabulosis
1133 3936 1234 4000 super-

90 4018 259 4086 stitionibus
276 4018 413 4082 universe
428 4022 549 4085 mutanti
566 4031 645 4084 snat.
680 4016 766 4083 llude
783 4027 814 4079 et
828 4015 968 4079 maletioia
985 4016 1172 4100 magicaeque
1189 4038 1235 4079 av-

91 4135 138 4189 tes
153 4133 289 4188 exortae.
333 4116 380 4183 lla
402 4142 490 4205 porro
508 4124 605 4187 omnia
628 4132 687 4185 tum
707 4141 723 4183 a
739 4115 882 4202 Cecropis
901 4128 995 4181 aetate
1011 4119 1151 4183 translata
1168 4129 1236 4182 suist

124 4293 148 4344 5.
171 4295 206 4344 An
219 4297 279 4343 reete
295 4294 353 4342 noes
367 4293 439 4341 aree
452 4292 563 4343 manns
579 4297 601 4342 et
611 4295 649 4342 in·
715 4286 740 4341 6.
758 4286 932 4355 coaetanei
949 4291 993 4343 rei
1010 4288 1036 4342 dv
1051 4306 1074 4341 τ.
1090 4304 1116 4340 ιι
1132 4303 1235 4354 γεγενη-

90 4366 227 4423 semmae
241 4366 275 4411 ιιι
290 4360 424 4412 Patavina?
458 4360 538 4410 ιάιιι
555 4357 649 4409 deinde
683 4355 765 4424 pulses.
797 4354 917 4422 aspriora
934 4360 985 4409 eod.
1003 4361 1077 4408 Vaaet.

90 4428 152 4479 vero
161 4427 292 4479 Διίιιιιιι
304 4424 518 4495 proseytlmrnnn,
533 4426 649 4493 etodry-
715 4424 740 4477 7.
756 4421 859 4493 φρύγιον
875 4428 925 4477 ond.
943 4429 1018 4476 Venet.

91 4512 145 4546 sam
167 4512 215 4562 pro
230 4494 357 4548 Thmoam
373 4502 510 4613 propatore
525 4503 552 4545 ιι
568 4494 649 4561 gentis
715 4494 741 4545 a
758 4492 909 4560 συγγραφῆς
923 4491 993 4546 ἔνθεν
1008 4491 1052 4546 nal
1068 4495 1119 4544 eod.
1138 4496 1211 4544 ιἰιιιι.

92 4573 194 4615 nemore
206 4564 368 4615 Sauromatae
385 4578 417 4614 ιο
427 4578 470 4613 ιιι
487 4573 631 4631 ooopernet.
715 4562 741 4615 9.
760 4558 789 4615 dl
805 4563 857 4612 cod.
875 4564 950 4612 t'enst.
