3046 5084
250 365 309 426 204
673 376 792 427 εινστι
811 375 979 426 τειοιιιιιιι

249 491 389 567 Γνάσεως
412 490 489 572 έφύη
511 494 636 575 αἵρεσις,
664 491 728 572 ἥτις
747 489 934 566 Γνωστικούς
954 486 1026 564 τούς
1048 485 1139 570 αύτῆς
1163 485 1321 571 σ’νόμασεν,
1344 487 1399 570 εἶφ’

248 585 286 675 ἦς
319 596 350 657 οἱ
377 595 540 658 Γνωστικοὶ
572 591 630 674 ἤδη
663 618 714 672 μοι
742 590 934 674 δεδήλωνται,
971 592 1202 675 καταγνωστικολ
1234 587 1316 666 ύντες
1344 590 1399 656 τόν

245 693 365 779 τρόπον.

113 815 179 880 Κεφ,
199 813 231 884 γ’,
338 788 433 870 Οὗτος
449 795 480 859 δέ
496 794 583 859 πάλιν
598 794 660 859 άνω
674 795 726 877 μέν
741 800 811 877 μίαν
825 793 929 879 Ἀρχην
943 796 1016 878 λέγει
1031 795 1081 866 καλ
1099 795 1218 878 Πατέρα
1234 800 1293 857 τῶν
1307 791 1397 874 ὅλων,

245 899 297 962 καὶ
311 895 461 981 άγνωστον
475 899 526 962 καὶ
540 895 788 979 άκατονόμαστον,
811 900 860 960 ἴσα
876 905 938 970 τοῖς
955 894 1050 970 άλλοις
1064 893 1186 980 ελςάγειν
1204 892 1394 976 βουλόμενος,

245 997 297 1063 τόν
317 999 349 1063 δέ
372 997 483 1078 κόσμον
504 1000 555 1061 καλ
579 996 614 1061 τά
638 1001 670 1062 έν
690 1005 731 1084 τῷ
753 997 854 1082 κόσμῳ
875 994 933 1061 ύπδ
954 995 1096 1082 Ἀγγέλων
1121 1004 1310 1081 γεγενῆσθαι,
1337 1005 1397 1061 τοῦν

245 1099 322 1165 πολύ
341 1127 366 1165 τι
382 1097 440 1164 ύπύ
459 1106 512 1162 τοῦ
531 1097 650 1179 Πατρός
666 1105 719 1163 τοῦ
737 1097 889 1183 άγνεόστου
905 1095 1145 1180 ύποβεβηκύτων.
1195 1096 1325 1173 Τούτους
1337 1098 1394 1184 γάρ

244 1203 318 1286 λέγει
344 1199 529 1274 άποστάντας
551 1196 610 1264 άπό
630 1207 683 1282 τῆς
705 1198 765 1264 ύνω
789 1198 942 1281 δυνάμεως
964 1199 1041 1264 ούτω
1063 1199 1115 1264 τόν
1136 1198 1250 1280 κόσμον
1273 1225 1395 1282 πεποιη-

245 1303 335 1367 κέναι.
376 1299 490 1382 Ἰησοῦν
513 1303 544 1366 δὲ
567 1300 619 1365 τόν
642 1301 748 1385 κύριον
769 1299 854 1383 ἡμῶν
879 1298 937 1365 άπδ
961 1299 1071 1382 Ἰωσηφ
1094 1302 1168 1385 λέγει
1191 1308 1394 1385 γεγεννῆσθαι,

245 1401 384 1486 καθάπερ
410 1405 461 1467 καὶ
485 1401 592 1476 πάντες
616 1401 771 1483 ἅνθρωποι
794 1407 825 1468 έκ
850 1405 1015 1486 σπέρματος
1041 1400 1149 1485 άνδρός
1176 1405 1228 1466 καὶ
1253 1403 1394 1488 γυναικός

247 1503 462 1588 ἐγεννήθησαν·
485 1501 560 1569 ελναι
576 1506 608 1568 δέ
626 1503 716 1569 αύτόν
734 1503 839 1586 ὅμοιον
861 1514 923 1579 τοῖς
944 1512 1032 1583 πᾶσι,
1054 1509 1109 1591 βίῳ
1132 1505 1164 1569 δέ
1186 1506 1393 1587 διενηνοχέναι,

247 1603 425 1694 σωφροσύνη
450 1609 550 1670 τεκαὶ
570 1605 658 1695 άρετῇ
680 1608 730 1671 καλ
755 1611 810 1695 βίῳ
835 1606 1032 1688 δικαιοσύνης.
1073 1603 1192 1688 Ἐπειδὴ
1214 1607 1261 1684 δὲ,
1289 1608 1393 1687 φησὶν,

121 1743 172 1788 pag.
187 1733 231 1779 ιω.
248 1707 369 1772 εὔτονον
392 1711 454 1789 έσχε
475 1705 576 1790 ψυχὴν
599 1706 680 1791 παρά
702 1706 770 1783 τούς
795 1706 900 1783 άλλους
923 1707 1120 1793 ἀνθρώπους,
1143 1709 1193 1772 καλ
1214 1707 1395 1790 έμνημόνευε

245 1808 280 1874 τά
302 1806 450 1895 ὁραθέντα
470 1806 521 1872 ὕπ’
541 1807 632 1890 αὐτῆς
655 1808 731 1887 άνω,
760 1809 807 1875 ὅτε
827 1803 865 1891 ἦν
886 1813 917 1874 έν
937 1818 972 1899 τῇ
997 1817 1146 1898 περιφορᾷ
1167 1816 1221 1874 τοῦ
1241 1807 1394 1895 άγνύστου

248 1910 382 1992 Πατρός,
404 1909 587 1975 διεστάλθαι
606 1909 666 1976 ύπδ
688 1919 742 1976 τοῦ
762 1909 855 1976 αύτοῦ
876 1911 1010 1995 Πατρός,
1033 1913 1140 1993 φησὶν,
1163 1914 1204 1987 εἰς
1225 1909 1278 1993 τήν
1300 1908 1394 1977 αύτοῦ

245 2013 347 2095 ψυχὴν
363 2011 516 2092 δυνάμεις,
540 2012 623 2088 ὅπως
636 2012 673 2077 τά
688 2011 836 2098 όραθέντα
853 2010 927 2102 αὐτῇ
943 2012 1225 2096 α’ναμνημονεύσασα
1241 2015 1291 2078 καλ
1309 2016 1393 2079 ένδυ-

244 2125 416 2196 ναμωθεῖσα
434 2113 515 2203 φύγῃ
536 2114 605 2191 τούς
620 2114 821 2197 κσσμοποισύς
835 2112 1000 2200 Ἀγγέλους,
1023 2118 1054 2180 έν
1074 2123 1114 2204 τῷ
1130 2113 1180 2180 διά
1198 2114 1317 2180 πάντων
1337 2142 1393 2199 χω-

245 2224 333 2302 ρῆσαι
349 2224 404 2281 τῶν
419 2219 450 2282 έν
464 2223 505 2304 τῷ
520 2215 621 2305 κόσμῳ
636 2216 815 2302 πραγμάτων
832 2218 882 2281 καλ
899 2216 1035 2302 πράξεων
1051 2224 1110 2281 τῶν
1125 2215 1185 2283 ύτιδ
1202 2224 1260 2283 των
1273 2213 1390 2301 άνθρού·

244 2344 310 2384 πων
328 2320 490 2403 γινομένων
511 2320 561 2383 καλ
579 2321 610 2383 έν
625 2318 803 2406 παραβύστῳ
823 2315 943 2383 άτόπων
966 2321 1059 2402 έργων
1082 2321 1134 2383 καλ
1153 2317 1316 2402 άθεμλτων,
1338 2321 1389 2382 καλ

245 2418 327 2494 ὅπως
351 2418 400 2484 διά
424 2428 528 2484 πασῶν
550 2427 610 2484 τῶν
635 2419 768 2505 πράξεων
792 2422 1026 2504 έλευθερωθεῖσα
1047 2419 1068 2502 ἦ
1087 2417 1162 2503 αύτὴ
1185 2419 1284 2504 ψυχὴ,
1306 2421 1389 2502 φησὶ,

244 2528 297 2586 τοῦ
313 2519 409 2604 Ἰησοῦ
426 2520 536 2610 άνέλθχ
559 2519 635 2605 πρός
657 2520 708 2585 τόν
726 2519 816 2586 αύτόν
834 2524 953 2605 Πατέρα
975 2521 1026 2588 τόν
1041 2521 1207 2608 άγνωστον,
1229 2521 1281 2587 τόν
1301 2519 1387 2586 δυνά-

246 2648 309 2705 μεις
325 2621 400 2712 αύτῇ
416 2621 622 2686 α’ποστείλαντα
638 2620 756 2687 άνωθεν
770 2626 819 2686 ἵνα
834 2621 883 2687 διά
898 2632 1000 2688 πασῶν
1015 2632 1074 2689 τῶν
1087 2624 1222 2709 πράξεων
1233 2619 1388 2706 χωρήσασα

244 2727 294 2788 καλ
311 2728 543 2807 έλευθερωθεῖσα
559 2726 672 2788 διέλθοι
689 2722 765 2808 πρός
781 2722 873 2789 αύτύν
888 2724 963 2790 άνω·
986 2725 1022 2791 ού
1039 2725 1097 2810 μὴν
1114 2728 1162 2807 δέ,
1184 2723 1254 2791 άλλά
1271 2725 1320 2789 καλ
1335 2722 1389 2801 τάς

245 2822 350 2907 όμολας
371 2823 446 2914 αὐτῇ
469 2825 582 2907 ψυχάς,
610 2825 646 2890 τά
669 2829 717 2890 λ’σα
740 2825 815 2916 αύτῇ
839 2825 1063 2910 άσπασαμένας,
1090 2826 1142 2893 τδν
1166 2825 1256 2894 αύτόν
1276 2825 1389 2913 τρόπον

244 2929 493 3010 έλευθερωθείσας
513 2927 575 2993 άνω
596 2935 704 3011 πτῆναι
725 2928 800 3012 πρδς
819 2928 870 2993 τόν
892 2928 1040 3015 άγνωστον
1059 2932 1196 3016 Πατέρα,
1224 2933 1256 2996 έν
1275 2937 1316 3020 τῷ
1339 2928 1391 3007 τάς

244 3027 341 3104 πάσας
367 3026 485 3114 πράξεις
512 3029 663 3114 πραξάσας
688 3029 799 3114 δμοίως
821 3039 880 3096 τῶν
906 3030 1024 3096 πάντων
1050 3029 1261 3118 άπαλλαγελσας
1285 3031 1391 3100 λοιπόν

244 3135 490 3217 έλενθερωθῆναι.
539 3131 599 3215 Τὴν
614 3135 646 3198 δὲ
661 3132 760 3216 ψυχήν
773 3140 826 3198 τοῦ
843 3132 938 3217 Ἰησοῦ
959 3137 990 3200 έν
1006 3143 1069 3210 τοῖς
1084 3141 1143 3198 τῶν
1154 3132 1306 3200 Ἰουδαίων
1323 3138 1388 3200 ἔθε-

245 3258 292 3300 σιν
309 3233 525 3318 άνατραφεῖσαν
538 3244 759 3320 καταφρονῆσαι
775 3234 887 3315 αύτοῦν,
909 3238 959 3301 καλ
978 3234 1027 3301 διά
1044 3244 1132 3302 τοῦτο
1154 3236 1294 3319 δυνάμεις
1314 3239 1389 3317 ελλη-

245 3340 332 3417 φέναι
347 3334 383 3402 δι’
398 3329 439 3402 ὦν
453 3336 489 3401 τά
505 3339 554 3402 έπλ
568 3336 702 3403 κολάσεσι
719 3337 805 3421 πάθη
819 3336 966 3424 προςόντα
980 3347 1043 3414 τοῖς
1058 3335 1232 3423 άνθρούποις
1248 3337 1390 3420 δυνηθεὶς

243 3446 352 3523 πρᾶξαι
366 3438 530 3526 ύπερβῆναι
545 3439 615 3515 τούς
630 3439 831 3522 κοσμοποισύς
846 3444 969 3523 ἴσχυσεν.
1016 3439 1169 3524 Ούμόνσν
1184 3440 1216 3505 δέ
1231 3437 1322 3522 αύτὴν
1337 3436 1390 3521 τήν

243 3542 344 3622 ψυχήν
360 3552 414 3609 τοῦ
429 3542 526 3626 Ἰησοῦ
540 3550 626 3608 τοῦτο
646 3546 838 3625 δεδυνῆσθαι,
859 3540 930 3607 άλλά
948 3544 1000 3608 καλ
1015 3542 1068 3626 τὴν
1086 3542 1251 3625 δυναμένην
1265 3539 1315 3607 διά
1332 3548 1392 3606 τῶν

245 3641 378 3724 πράξεων
400 3646 574 3731 χωρήσασαν
599 3642 763 3730 ὑπερβῆναι
787 3642 856 3720 τούς
875 3644 1078 3727 κοσμοποιούς
1101 3641 1209 3719 αύτούς
1226 3642 1389 3731 Ἀγγέλους,

244 3743 295 3807 καλ
315 3742 390 3826 αῦτη
408 3748 459 3812 ἐάν
479 3744 563 3837 λάβη
573 3744 726 3828 δυνάμεις,
748 3748 799 3811 καλ
819 3745 855 3811 τά
874 3745 963 3830 ὅμοια
979 3746 1091 3838 πράξῃ,
1113 3746 1250 3835 καθάπερ
1267 3755 1322 3814 τοῦ
1338 3745 1393 3831 Ἰη-

246 3850 317 3921 σοῦ,
341 3842 382 3918 ύς
397 3860 549 3930 προεῖπον.
583 3848 681 3913 Ὅθεν
704 3850 745 3924 εἰς
766 3848 861 3929 τύφον
877 3842 960 3915 ούτοι
979 3848 1147 3934 ἐληλακότες
1170 3851 1262 3937 μέγαν
1284 3852 1316 3917 οἱ
1331 3846 1390 3915 ύπδ

242 3953 298 4011 τοῦ
313 3943 483 4024 α’πατειῦνος
497 3950 604 4016 τούτου
620 3949 820 4032 άπατηθέντες
837 3949 962 4026 ἑαυτούς
977 3955 1170 4036 προκριτέους
1185 3951 1391 4039 ἦγοῦνταιαιαλ

243 4047 336 4113 αύτοῦ
353 4055 406 4114 τοῦ
421 4045 524 4130 Ἰησοῦ.
560 4050 659 4117 ’Ἁλλοι
674 4054 706 4118 δέ
721 4056 752 4130 ἒξ
769 4051 865 4119 α-ύτῦν
882 4050 938 4119 ούκ
952 4051 1048 4134 Ἰησοῦ
1062 4077 1164 4135 φασιν,
1185 4051 1256 4119 άλλά
1274 4054 1391 4135 Πέτρον

244 4152 295 4216 καλ
315 4148 452 4234 Ἀνδρέσυ
475 4154 525 4218 καλ
543 4151 667 4219 Παύλου
689 4157 739 4220 καὶ
757 4163 816 4220 τῶν
838 4161 950 4221 λοιπῶν
967 4155 1139 4223 άποστόλων
1159 4152 1282 4229 ἑαυτούς
1301 4149 1390 4234 ύπερ·

244 4254 436 4337 φερεστέρονς
455 4249 527 4318 εἶναι
549 4251 599 4317 διά
615 4253 669 4336 τὴν
685 4255 853 4342 ὑπερβολὴν
875 4265 929 4341 τῆς
944 4256 1087 4335 Γνιόσεως
1107 4260 1159 4323 ιιαλ
1175 4254 1208 4323 τό
1227 4249 1390 4338 περισσότε-

244 4379 298 4437 ρον
311 4361 364 4436 τῆς
379 4352 564 4439 διασράξεως
577 4355 730 4442 διαφόρων
744 4359 894 4437 διεξόδων.
922 4358 1021 4427 ’Ἄλλοι
1035 4362 1067 4427 δέ
1082 4363 1112 4438 ἐξ
1127 4357 1226 4425 αύτῦν
1240 4354 1392 4439 φάσκουσι

244 4457 336 4540 μηδὲν
352 4459 549 4541 διενηνοχέναι
568 4463 621 4521 τοῦ
642 4465 749 4545 κυρίου
769 4459 854 4544 ἡμῶν
868 4460 964 4545 Ἰησοῦ
984 4468 1123 4549 Χριστοῦ.
1165 4463 1210 4525 Αἰ
1223 4457 1280 4548 γάρ
1297 4461 1393 4544 ψυχαλ
