3046 5084
398 344 533 396 pauenti
549 346 613 399 Lib·
624 346 645 399 l.
660 348 742 401 ΤΟΜ.
756 350 788 400 ll.
805 350 905 401 naen.
917 350 1005 401 XXX.
1218 344 1279 405 293

132 462 224 529 odbuo
240 465 292 529 illo
308 485 417 551 puero,
440 461 586 550 losepbus
602 484 639 529 ac
653 462 752 531 Maria
770 468 910 531 adorandi
926 470 1022 552 gratia
1041 469 1277 559 Hierosolymam

133 568 207 631 lecto
227 567 274 632 die
292 566 513 652 perrexissent,
543 566 732 631 redeuntibus
751 567 826 645 illis,
856 571 996 633 remansit
1015 568 1116 651 lesus,
1146 594 1230 657 quem
1248 577 1278 639 in

131 670 236 734 itinere
253 679 284 735 et
299 671 373 756 apud
390 678 534 753 cognatos
547 666 589 731 illi
605 666 807 751 quaeritabant
823 688 878 732 nec
893 671 1023 754 reperire
1040 684 1182 754 poterant.
1215 674 1281 740 Ma·

133 772 177 836 ria
197 771 303 857 qnippe
321 770 527 855 cognationem
546 766 683 833 babebat.
727 767 821 855 Igitur
838 792 903 834 cnm
922 773 956 835 ed
978 773 1077 836 nrbenr
1095 776 1278 857 revertisset,

133 894 167 938 ac
183 875 300 938 tondens
314 872 395 935 illum
409 870 590 950 offendisset,
614 870 736 935 siccam
753 873 925 957 alloquitur:
949 879 1015 950 dili,
1040 882 1108 958 quid
1115 881 1219 959 fecesti
1230 903 1280 942 ao-
1292 898 1416 954 nonam.

133 978 197 1039 lio?
239 980 381 1055 Eeceego
397 985 521 1056 etpeler
534 985 599 1035 taus
611 976 735 1037 doleam
747 978 947 1057 puoerebomus
961 990 997 1038 te.
1045 976 1186 1063 loscpbns
1203 982 1279 1044 eninr

131 1079 197 1142 loco
218 1076 246 1140 ci
268 1076 361 1161 patris
382 1086 462 1155 erat,
493 1095 552 1139 non
571 1076 712 1140 naturalis
729 1089 821 1161 pater.
867 1079 915 1141 Ad
933 1078 1005 1142 baec
1024 1081 1174 1160 dominns,
1208 1087 1282 1161 (lucil

131 1191 189 1253 eal,
223 1178 331 1263 inquit,
360 1182 435 1260 quod
449 1179 708 1260 quammobrem
735 1182 901 1242 maerebatis
916 1187 991 1262 quod
1005 1188 1034 1245 in
1050 1188 1087 1244 dds
1103 1206 1174 1264 puae
1185 1191 1279 1265 patrui

132 1287 188 1345 mei
200 1293 270 1343 sunt
281 1292 392 1362 oportet
402 1301 446 1343 rrae
457 1286 538 1342 erre?
580 1276 648 1363 Quo
666 1301 808 1367 responso
824 1283 1005 1367 significabat
1019 1286 1154 1370 templum
1172 1287 1202 1349 iu
1218 1289 1275 1365 dci,

131 1385 187 1449 boo
209 1394 256 1448 cst
278 1381 452 1468 patrissui,
485 1402 590 1447 nomen
611 1383 701 1448 luisse
716 1395 926 1449 constructum.
973 1383 1169 1469 Quamobrem
1193 1389 1218 1453 si
1240 1390 1276 1453 ab

131 1488 192 1571 ipsa
208 1484 412 1572 propemodum
428 1484 550 1549 infantia
567 1486 702 1571 templum
721 1498 890 1573 patremque
906 1501 1065 1572 cognorat,
1100 1491 1198 1575 utique
1217 1514 1275 1556 non

131 1609 228 1653 meros
238 1588 324 1651 bomo
335 1598 419 1649 natos
433 1586 481 1650 ille
495 1584 579 1652 lesus
592 1589 703 1667 extitit,
718 1610 812 1673 neque
827 1602 892 1674 post
902 1612 1009 1654 anirum
1022 1593 1136 1655 demum
1149 1590 1272 1674 XXX.,

130 1712 194 1755 oum
218 1710 252 1754 se
271 1689 303 1753 in
324 1710 389 1754 enm
415 1687 567 1753 colombae
588 1689 687 1775 speeie
703 1690 822 1775 spiritns
838 1703 957 1757 sanetus
972 1692 1167 1772 insinuasset,
1199 1697 1273 1761 lilius

128 1814 163 1857 ae
177 1790 313 1858 Cbristno
329 1792 467 1878 appellari
484 1791 598 1877 coepit,
621 1792 673 1854 sed
689 1792 810 1856 subinde
824 1794 854 1855 io
869 1795 913 1857 bis
928 1816 1001 1879 quae
1015 1796 1050 1858 ad
1066 1808 1177 1881 patrem
1190 1820 1273 1862 sunm
1337 1840 1343 1849 ·

128 1896 286 1960 attinerent
298 1894 414 1960 versari
430 1913 464 1957 se
479 1904 616 1978 oportere
631 1892 740 1957 docuit.
779 1892 865 1977 Quod
881 1917 952 1959 vero
967 1895 1107 1982 losepbus
1123 1920 1180 1962 non
1195 1901 1272 1966 illins

128 2009 212 2084 pater
227 2008 324 2076 emet,
355 1996 407 2061 sed
423 1999 517 2060 ricem
534 1995 624 2080 petris
639 2006 773 2079 gereret,
804 1997 869 2059 andi
885 2018 925 2061 ex
940 1998 990 2061 illo
1006 2000 1107 2062 eodem
1123 2004 1272 2087 evangeli·

128 2112 185 2180 sla,
208 2101 256 2185 qni
273 2097 398 2164 Mariam
414 2099 455 2161 ite
471 2098 635 2181 loquentem
651 2098 736 2161 lacit:
760 2103 824 2179 Ego
837 2112 866 2160 et
876 2112 959 2180 poter
974 2113 1038 2162 tuus
1051 2105 1175 2163 dolentes
1188 2128 1271 2185 qaae-

128 2205 256 2265 relnmur
271 2214 308 2264 te.
354 2201 432 2266 Audi
450 2200 565 2285 inquam
581 2200 648 2285 qnid
664 2200 723 2264 alio
740 2200 804 2264 loco
822 2201 988 2286 scripserit:
1012 2208 1088 2264 Erat
1099 2217 1200 2280 sortem,
1225 2208 1270 2271 in·
1282 2235 1363 2294 nuga,
1374 2237 1406 2282 η,

129 2305 201 2391 quit,
223 2310 304 2368 lem
320 2309 455 2385 inceptem
466 2326 526 2366 esse
543 2308 773 2386 puosr'anaorum
786 2309 881 2378 XXX,
907 2311 958 2386 qni
968 2318 1039 2379 erut,
1064 2311 1267 2387 utputnlotur,

127 2411 339 2490 Ioreplr'filr‘us.
386 2403 443 2471 Ubi
458 2428 523 2471 cum
540 2427 592 2469 eas
607 2426 697 2472 voces
713 2406 839 2486 eddidit,
866 2412 902 2469 tlt
911 2411 1082 2488 putabatur,
1106 2432 1164 2473 non
1180 2411 1270 2495 ipsius

128 2532 233 2576 revera
253 2512 344 2574 luisse
363 2509 468 2589 lilium,
492 2509 542 2572 sed
563 2509 603 2573 ita
622 2509 766 2573 duntaxat
783 2508 909 2573 habiturn
929 2511 1019 2576 luisse
1036 2512 1225 2576 demonstrat.

218 2610 343 2679 {deliciet
366 2632 414 2676 me
439 2624 568 2698 tempus,
600 2612 626 2675 si
649 2612 686 2675 ad
709 2612 950 2696 comprobandam
974 2615 1125 2678 veritatem
1151 2637 1186 2679 ac
1210 2627 1267 2679 tem
1300 2637 1358 2705 cap,

126 2716 251 2781 Ebionis
267 2736 352 2801 quam
366 2715 591 2780 absurdissimae
605 2714 682 2779 illius
699 2715 815 2778 scholae
830 2715 1018 2781 refellendam
1036 2719 1188 2783 amentiam
1206 2720 1267 2804 pln-
1283 2708 1371 2758 XXX.

126 2820 208 2885 ribus
230 2819 377 2903 disputare
399 2819 532 2883 volucro.
578 2814 653 2900 Quis
668 2804 750 2880 ¹eninr
774 2819 859 2882 laoile
879 2842 936 2883 non
957 2821 1091 2906 intelligit
1113 2819 1266 2908 losepbum

125 2922 244 2987 minime
265 2921 344 2985 illius
366 2932 532 3007 parentem,
565 2921 617 2985 sed
641 2921 769 3005 parentis
793 2922 858 2985 loco
886 2923 1011 2987 habitum
1037 2925 1145 2988 luisse?
1190 2930 1370 3003 Erremus,
1384 2946 1415 2991 rs

126 3030 213 3100 meis,
245 3023 354 3108 inquil,
385 3029 467 3105 origo
487 3028 639 3105 concapiel,
671 3035 701 3085 et
718 3028 814 3104 portet
826 3027 934 3106 filium.
979 3024 1049 3090 Nun
1071 3028 1161 3105 dinis,
1192 3033 1266 3090 Ecce

125 3132 236 3191 multer.
281 3127 329 3189 Ac
344 3146 460 3191 tursum
475 3124 532 3190 alio
550 3127 633 3190 locor
655 3130 696 3188 Er
704 3130 800 3207 purr'et
812 3131 916 3201 ululo,
939 3133 1084 3204 redebeat,
1108 3134 1172 3192 Non
1182 3154 1265 3212 pepe-

124 3236 174 3293 rr‘t.
219 3226 379 3294 Nemeum
397 3226 635 3293 Manichaeorum
654 3248 689 3291 ac
702 3224 957 3294 Marcionistnrnm
975 3232 1088 3315 quidam
1106 3242 1215 3315 negent
1231 3234 1266 3296 il·

123 3333 181 3398 lum
196 3342 281 3420 portu
295 3333 325 3396 in
343 3331 437 3396 lucem
454 3331 575 3411 editum,
598 3328 635 3393 ob
650 3330 691 3409 id,
714 3335 819 3407 Pmu'rrt,
843 3332 946 3416 inquit,
970 3345 1000 3394 et
1012 3339 1114 3408 debent,
1138 3338 1202 3396 Non
1215 3358 1265 3415 pe

119 3442 212 3519 perit,
246 3435 381 3521 qnoniam
405 3434 440 3497 dc
462 3434 519 3497 viri
539 3433 652 3498 semine
671 3429 768 3498 Maria
791 3456 848 3498 non
871 3436 993 3521 peperit.
1038 3436 1080 3499 At
1098 3437 1198 3499 luriosi
1215 3437 1264 3501 isti

123 3540 160 3604 de
176 3538 231 3604 viri
246 3539 359 3604 semine
374 3537 448 3602 falso
461 3537 538 3602 illam
555 3536 702 3622 peperisse
716 3535 858 3601 dictitant.
905 3536 997 3623 Igitur
1011 3538 1101 3602 vitula
1119 3538 1263 3604 bominem

123 3644 246 3707 cundem
270 3642 410 3706 ordeum
434 3660 506 3705 vere
530 3639 579 3703 illa
602 3639 716 3724 quidem
737 3641 859 3725 peperit.
904 3639 1022 3705 Vitulne
1040 3664 1127 3726 porro
1147 3643 1262 3708 nomine

121 3744 266 3829 virginem
287 3743 448 3824 nominari,
482 3744 602 3828 eiusque
624 3741 763 3826 reliquias
785 3743 821 3806 ad
842 3763 894 3807 eos
911 3744 958 3827 qni
974 3743 1078 3828 iinpnri
1094 3758 1194 3811 essent
1208 3768 1262 3812 ex-

122 3847 243 3934 piandos
259 3846 390 3911 adbiberi
406 3844 616 3927 consuevisse,
645 3845 883 3930 quemadmodum
900 3845 950 3909 lex
965 3846 1026 3931 ipsa
1041 3858 1183 3930 testetur,
1213 3872 1261 3914 ae·

123 3950 204 4035 cipes
226 3954 327 4025 Surae,
351 3948 461 4034 inquit,
484 3952 598 4011 oitubra
616 3951 720 4032 rasam.
765 3945 806 4013 Ut
822 3949 944 4012 electum
966 3970 1019 4015 ves
1036 3948 1152 4017 Mariae
1170 3953 1408 4037 signi-nannet.

122 4053 241 4131 bearet,
264 4062 383 4139 propter
398 4052 513 4136 igneam
528 4051 559 4115 in
574 4051 723 4117 salvatore
739 4050 797 4114 vini
813 4050 989 4132 divinitatis,
1013 4075 1097 4139 quern
1113 4056 1196 4139 virgo
1212 4077 1261 4119 ca·

122 4155 229 4242 plebat.
273 4160 350 4219 usus
373 4158 462 4229 eadm,
492 4154 602 4238 inquit,
636 4157 711 4234 rgnr'r
732 4174 893 4216 consumens
914 4168 965 4217 est.
1010 4158 1063 4221 Ait
1083 4158 1171 4243 igitur
1191 4158 1257 4222 lex:

124 4261 245 4321 Vidulum
259 4261 369 4342 rusum,
393 4263 473 4320 cutim
489 4260 561 4331 pollo
575 4260 696 4320 nondum
713 4261 868 4338 mperatum
882 4272 925 4321 ert
939 4264 1049 4342 rogum,
1074 4272 1107 4326 ul
1120 4262 1151 4325 b.
1171 4262 1259 4346 virgi·

154 4445 180 4501 3.
195 4444 230 4503 δά
282 4464 306 4508 ις
320 4444 347 4500 to
360 4439 485 4515 ἀληθείᾳ,
503 4442 561 4500 babo
578 4436 677 4511 bobac-
710 4442 736 4498 tr
757 4440 872 4517 diabolo.
906 4451 950 4501 Ed.
963 4454 1038 4514 patae
1059 4456 1080 4502 ct
1099 4453 1148 4503 ooo.
1164 4454 1258 4515 librato.

122 4532 167 4570 anor
183 4514 210 4570 le
257 4514 336 4585 pbalp
350 4518 402 4567 cod.
418 4518 509 4578 Velm,
531 4530 579 4567 aoo
594 4518 621 4565 ut
635 4515 678 4565 bo-
710 4513 849 4571 nomento
859 4510 987 4586 deborram
998 4517 1023 4573 ἐν
1037 4512 1145 4591 ἀληθείᾳ
1158 4536 1205 4572 ooo
1216 4523 1260 4570 bo-

123 4586 159 4636 oe
171 4586 227 4637 erttt
240 4586 337 4649 Petam,
355 4581 465 4651 δάμαλις
477 4579 536 4639 bela
549 4576 678 4652 &absalom
712 4586 770 4636 teat.
