3046 5084
355 333 491 385 Pnunutt
507 335 570 386 Lib.
582 336 602 387 1.
619 335 700 388 Tota
715 335 759 388 111.
775 336 874 387 naun.
887 337 967 387 XLll.
1177 327 1237 389 605

87 451 129 515 ris
146 452 256 537 pariter
270 452 441 539 animaeque
455 453 611 535 dominus,
624 475 659 518 ac
675 465 734 519 tam
750 457 913 540 praesentis
929 477 1013 540 quam
1030 457 1144 520 loturae
1159 456 1238 520 ritae

87 553 220 639 largitor.
265 553 322 619 llic
344 555 420 621 enim
442 566 509 641 post
531 546 663 642 corpoiis
684 558 793 623 obitum
813 556 961 623 Lazarum
981 568 1010 621 et
1028 559 1131 622 viduae
1149 559 1237 621 lilium

87 677 122 720 ae
140 678 310 742 synagogae
327 657 466 744 principis
489 659 575 723 liliam
593 661 735 724 excitarit
757 682 772 723 a
792 662 930 739 mortuis,
961 682 1019 723 non
1038 662 1115 724 utin
1133 661 1237 724 malum

88 759 221 843 quiddam
243 759 309 824 illos
328 760 428 824 subire
445 762 650 848 compelleret,
683 763 843 828 cuiusmodi
860 762 1038 846 ergastulum
1058 763 1106 826 isti
1124 763 1237 826 animae

87 882 195 947 corpus
211 883 278 926 csse
294 873 441 945 statuunt,
472 866 523 928 sed
540 865 646 930 bonum
662 866 761 951 utique
779 866 913 944 molitus,
942 887 977 928 ac
992 864 1082 950 probe
1101 865 1176 928 istud
1195 864 1239 927 iu-

86 964 223 1049 telligeos
238 976 294 1028 tam
309 965 386 1029 illam
401 966 430 1030 iu
446 988 569 1053 corpore
584 969 841 1033 commorationem
858 989 873 1030 a
890 989 923 1031 se
936 989 1020 1052 qnam
1035 968 1160 1031 futuram
1175 988 1237 1030 car·

55 1090 63 1101 ²
86 1066 133 1131 nis
150 1078 180 1131 et
197 1068 312 1131 animae
328 1070 574 1159 resurrectiupem
591 1091 658 1136 essa
676 1070 834 1136 delinitam.
880 1070 927 1134 Ac
944 1071 969 1132 si
986 1069 1161 1154 reliquorum
1177 1070 1239 1132 ani·

87 1170 225 1234 mentium
245 1172 367 1235 eandem
385 1183 472 1257 atque
489 1172 636 1237 bominum
655 1195 722 1238 esse
738 1183 854 1259 putaret
868 1173 1011 1251 animam,
1041 1194 1105 1236 cum
1123 1173 1237 1235 animae

87 1273 249 1336 servandae
268 1294 372 1338 caussa
387 1275 538 1356 venisset,
563 1298 743 1362 nequaquam
761 1276 914 1362 oportebat
928 1274 1080 1360 arreptitio
1097 1298 1156 1339 uno
1174 1297 1238 1361 per·

87 1387 209 1454 sanato,
233 1377 281 1460 qui
300 1396 316 1441 e
336 1378 530 1443 monumentis
548 1379 666 1459 exibat,
690 1379 772 1443 abire
789 1381 946 1444 daemones
962 1379 1064 1442 iubere
1083 1400 1117 1442 ac
1135 1400 1238 1464 porco-

86 1498 150 1542 rum
172 1478 261 1542 millia
283 1478 339 1544 duo
361 1480 525 1566 perimere,
556 1481 627 1545 siin
646 1482 742 1568 porcis
760 1495 790 1546 et
808 1483 972 1546 bominibus
991 1483 1108 1545 eaedem
1126 1481 1237 1543 animae

85 1580 246 1645 resideant.
292 1578 356 1647 Cttr
371 1583 448 1647 euim
465 1583 551 1647 unius
569 1606 668 1648 curam
685 1606 749 1648 cum
768 1586 889 1649 duorum
907 1584 1024 1648 millium
1043 1583 1239 1648 commutabat

87 1683 201 1748 exitio?
242 1684 290 1748 Ad
310 1684 383 1749 baec
402 1686 426 1749 si
446 1687 592 1773 serpentis
608 1687 702 1751 instar
719 1686 841 1770 obliquis
859 1688 983 1750 denibus
999 1687 1100 1750 callide
1115 1687 1236 1772 irrepat,

87 1806 121 1849 ac
143 1786 219 1850 dieat
240 1786 306 1851 ideo
329 1809 346 1850 a
370 1789 501 1872 corporis
522 1788 587 1852 illas
609 1789 733 1853 vinculis
755 1790 907 1853 exsolutae
929 1810 1044 1854 sursum
1069 1799 1099 1852 ut
1120 1789 1237 1853 evolare

86 1900 222 1974 possent,
254 1891 341 1953 etiam
359 1887 508 1956 Lazarum
528 1912 580 1977 par
596 1902 660 1955 erat
675 1912 797 1977 corpore
814 1892 939 1955 solutum
958 1893 992 1954 ad
1010 1913 1116 1976 corpus
1132 1892 1236 1954 iterum

85 1990 203 2057 miaiaue
220 1992 348 2070 reverti,
372 1993 503 2078 adeoque
521 1994 600 2058 illum
617 1993 712 2080 ipsum
728 2015 813 2080 quem
830 1993 956 2057 diximus
972 1993 1153 2078 arreptitium
1172 2015 1236 2057 cor-

85 2094 165 2179 poris
180 2093 306 2159 vinculis
323 2096 473 2176 eximere,
504 2097 580 2181 quod
597 2097 712 2181 quidem
731 2099 828 2161 iacere
845 2097 954 2174 noluit,
986 2097 1037 2159 sed
1054 2096 1169 2181 corpori
1186 2118 1237 2181 pu·

86 2195 144 2260 tius
171 2196 228 2260 boc
251 2198 336 2260 modo
361 2199 503 2281 providit,
539 2200 612 2263 baud
635 2199 756 2284 ignarus
780 2200 846 2283 quid
869 2199 1050 2283 potissimum
1072 2199 1234 2283 expediret.

86 2296 284 2384 Quamobrem
301 2303 358 2364 ruit
373 2301 421 2364 illa
438 2312 497 2380 tua,
521 2299 650 2382 Marcio,
675 2312 859 2385 tuorumque,
883 2321 938 2364 nec
954 2322 1012 2364 uon
1028 2312 1058 2365 et
1072 2312 1236 2364 ceterorum

85 2400 121 2465 dc
137 2402 232 2466 anima
249 2402 461 2468 baereticorum
480 2405 589 2489 opinio.
635 2404 682 2470 De
699 2405 833 2468 simulata
851 2424 922 2467 vero
939 2404 987 2467 illa
1004 2413 1052 2468 tua
1066 2403 1146 2467 vitae
1162 2402 1237 2466 iute-

84 2504 192 2588 gritate
214 2527 291 2569 nunc
312 2506 413 2592 paucis
434 2508 576 2592 agendum
602 2519 665 2586 est,
700 2508 793 2592 deque
815 2527 851 2569 eo
871 2508 945 2591 quod
963 2507 1136 2570 sceleratum
1151 2515 1236 2590 atque

84 2607 280 2685 execrabilem
298 2630 382 2672 usum
397 2610 528 2674 carnium
544 2631 613 2674 esse
627 2611 792 2674 contendis.
839 2607 898 2673 Sed
916 2609 1050 2673 nimirum
1065 2619 1093 2671 te
1109 2608 1238 2672 salvator

83 2707 146 2796 ipse
163 2711 353 2792 condemnat,
385 2711 434 2796 qui
450 2734 515 2775 cum
533 2713 656 2778 scientia
672 2713 759 2796 longe
775 2711 939 2792 antecellit,
974 2723 1032 2774 tum
1050 2711 1116 2796 quid
1133 2709 1236 2774 melius

85 2820 166 2879 cml
188 2813 243 2877 ltau
267 2814 413 2879 sententia
435 2816 606 2900 complexus
630 2827 694 2880 cst:
730 2818 863 2894 (latinum
886 2828 929 2877 est
948 2837 965 2876 a
987 2838 1041 2896 quo
1054 2817 1141 2896 filius
1157 2825 1240 2895 petat

79 2923 196 2998 pabeam,
220 2939 286 2978 num
302 2930 455 2998 serpentem
469 2921 608 2980 actitata·
621 2931 737 3001 uutpro
752 2942 802 2980 ovo
816 2924 1011 3000 scorpionem?
1053 2916 1167 3000 Quibus
1182 2917 1237 2979 ista

84 3019 225 3084 subiecit:
249 3023 286 3080 Si
298 3042 368 3100 ergo
386 3044 433 3083 uos
447 3043 508 3085 curn
521 3027 587 3084 citt‘s
602 3025 672 3084 muli
684 3027 774 3084 nostris
789 3023 861 3083 hooc
874 3026 940 3083 datu
955 3024 1109 3101 darefilir's
1123 3024 1233 3092 vestris,

83 3127 299 3205 quantomagis
320 3135 405 3204 puter
427 3136 519 3186 cester
540 3128 689 3186 eoelestis?
737 3121 829 3208 igitur
853 3146 915 3187 cum
941 3124 1007 3187 data
1028 3123 1104 3186 boua
1130 3123 1236 3206 piscem

84 3245 229 3308 ovumque
246 3224 392 3304 nominet,
423 3227 528 3291 malum
552 3248 609 3289 nou
634 3237 680 3290 est
704 3226 773 3290 illud
796 3250 853 3311 quo
869 3226 992 3290 coelitus
1007 3246 1149 3288 concesso
1171 3246 1236 3286 com

83 3328 241 3413 gratiarum
260 3328 375 3391 actione
393 3328 585 3414 perfruimur,
617 3330 748 3413 adeoque
772 3340 821 3393 tua
839 3329 971 3393 exomni
991 3338 1071 3413 parte
1089 3329 1167 3390 draus
1184 3326 1237 3389 im·

83 3429 233 3516 pietasque
259 3431 414 3515 detegitur.

169 3529 270 3597 Scbol.
288 3530 396 3597 XXV.
430 3533 600 3599 Detractum
621 3535 690 3599 illud
713 3546 777 3599 erat
796 3536 870 3619 quod
894 3536 928 3598 ad
950 3534 1116 3619 prophetam
1135 3530 1235 3597 loram

83 3634 222 3722 pertinet.
269 3632 322 3700 Sic
338 3635 416 3700 euim
433 3637 572 3701 babebat:
599 3643 748 3701 Generotaia
764 3643 848 3712 lacae,
872 3643 983 3718 sagnam
999 3659 1054 3698 noa
1068 3638 1182 3698 dada'tur
1196 3642 1232 3698 ei.
1249 3658 1304 3702 uun.
1315 3659 1344 3714 tt,
1356 3660 1388 3703 ao.

83 3736 336 3802 {aestimabantur
358 3751 387 3803 et
409 3740 456 3803 illa
480 3740 584 3824 quibus
607 3742 643 3804 de
664 3739 774 3805 Ninive
798 3751 827 3804 et
849 3738 1007 3804 Salomone
1031 3740 1063 3802 fit
1083 3738 1203 3824 mentio,

87 3908 101 3941 a
168 3839 269 3905 Reiut.
285 3838 392 3905 XXV.
424 3840 491 3906 Nec
508 3843 536 3905 in
553 3843 611 3908 illis
626 3844 741 3929 quidem
755 3844 828 3907 locis
843 3864 917 3928 quae
933 3842 1091 3906 mutilando
1106 3863 1237 3905 corrum-

83 3943 145 4029 pis,
175 3940 309 4021 Marcio,
340 3944 398 4007 vim
428 3956 510 4029 potes
533 3946 667 4009 veritalis
694 3946 835 4029 effugere.
881 3943 1013 4008 Tametsi
1043 3945 1118 4007 enirn
1145 3954 1235 4008 totum

81 4046 151 4111 illud
177 4048 212 4109 de
236 4044 308 4109 lona
331 4047 470 4132 propbeta
493 4047 667 4126 subtrahas,
699 4069 756 4132 quo
779 4048 935 4112 salvatoris
955 4047 1167 4111 administratio
1190 4047 1235 4110 illa

84 4149 178 4241 qmuis
192 4148 383 4234 exprimitur,
407 4151 525 4214 auferas
541 4151 628 4213 etiam
645 4171 678 4213 ea
696 4171 769 4234 quae
786 4151 821 4213 ad
837 4151 940 4214 Austri
955 4151 1084 4235 reginam
1101 4170 1135 4212 ac
1151 4146 1236 4213 Salo·

83 4264 199 4331 nouem
219 4262 369 4338 spectant,
401 4273 459 4316 uua
482 4274 547 4315 cum
569 4251 691 4316 salutari
712 4251 761 4316 illa
778 4250 905 4316 Nicives
924 4253 1070 4317 mentione
1092 4273 1127 4315 ac
1146 4249 1236 4316 lonae

83 4334 317 4440 praidicatione,
342 4352 529 4418 nibilominus
542 4354 592 4418 vel
603 4355 669 4434 illa,
694 4376 777 4440 quam
794 4356 948 4442 proposui,
973 4356 1084 4440 iugulat
1099 4366 1127 4418 te
1140 4355 1236 4421 salva-

85 4508 158 4641 ,ss
179 4505 213 4577 dcl
238 4507 296 4577 nect
312 4506 410 4575 Νινευή
433 4506 478 4563 καὶ
500 4511 559 4577 βασ.
582 4514 645 4562 calci
712 4507 753 4563 79.
771 4509 926 4578 Σαλομῶνος
943 4513 978 4563 ed.
993 4515 1074 4564 Petcu.
