3046 5084
274 324 337 387 250
696 336 818 388 ελαοτι
834 335 1003 388 τοιουτου

273 454 437 535 ἐπισκοπῆς
457 450 548 519 αύτόν
567 455 740 532 καταξιοῦν,
759 491 802 504 -
824 449 842 517 6
858 453 890 516 δέ
906 453 1018 533 έφασκε
1033 449 1141 516 τούτου
1157 449 1242 535 χάριν
1259 459 1422 537 συνῆφθαι

272 557 324 620 καί
345 556 428 642 ἑτέρη
450 556 580 640 γυναικί,
602 553 685 629 ὅπως
706 552 860 638 διαδράσοι
880 551 933 628 τάς
953 551 1051 619 αύτοῖν
1070 559 1254 636 χειροτονίας.

137 653 203 722 KQ
221 650 249 715 ς’·
354 653 437 720 Ἀλλά
450 654 585 737 ἐπάνειμι
598 654 652 738 τήν
665 653 815 741 ύφήγησιν
827 662 881 738 τῆς
894 652 969 720 κατά
981 653 1034 720 τόν
1047 653 1229 740 πατριάρχην
1242 653 1420 734 ύποθέσεοις

271 758 323 821 καλ
343 755 435 823 αύτοῦ
455 764 508 822 τοῦ
523 755 668 839 Ἰωσήπου
688 760 731 832 είς
747 754 915 838 τούμφανές
930 753 1006 821 κατά
1023 755 1183 838 λεπτότητα
1199 766 1261 833 τοῖς
1277 760 1420 841 βουλομέ-

272 885 336 933 νοις
352 857 534 943 ἐντυγχάνειν
550 857 600 924 διά
615 865 675 923 τοῖν
695 856 745 923 ὕπ’
764 860 877 923 ἐκείνου
893 855 987 941 λόγων
1002 859 1068 939 ἐμοί
1085 859 1245 943 εἰρημένων
1260 858 1419 942 ποιησόμε-

270 985 331 1036 νος.
375 962 435 1025 Καί
449 958 507 1042 ήδη
522 960 583 1042 μέν,
606 957 648 1035 τός
663 962 773 1035 ἐκεῖνος
787 957 940 1043 ύφηγεῖτο,
962 965 1016 1023 τὀὗ
1031 958 1212 1045 πατριάρχου
1224 967 1349 1043 λουτροῦ
1364 988 1417 1026 κα·

154 1097 205 1141 ως.
214 1086 258 1129 ιιι.
272 1063 479 1143 ταξιουμένου,
501 1060 551 1125 διά
565 1068 624 1126 τοῖν
638 1063 669 1126 ἐν
684 1069 748 1136 ταῖς
762 1058 874 1144 θύραις
889 1056 1028 1144 άρμογοῖν
1044 1063 1111 1125 είσω
1127 1060 1337 1144 παρωιύπτων,
1357 1088 1417 1146 φη·

271 1165 316 1242 σί,
337 1161 499 1228 κατενόουν
509 1161 545 1226 τά
560 1159 620 1227 ύπό
637 1168 693 1227 τοῦ
707 1160 870 1226 ἐπισκόπου
884 1167 925 1247 τῷ
938 1159 1099 1249 πατριάρχη
1112 1161 1251 1246 γινόμενα
1256 1213 1265 1242 ,
1286 1166 1329 1240 είς
1342 1172 1420 1230 νοῦν

270 1289 301 1329 τε
321 1267 441 1345 ἐλαβον,
469 1265 520 1327 καί
541 1260 610 1346 παρ’
631 1264 748 1351 ἐμαυτῷ
770 1259 972 1344 ἐταμιευόμην.
1016 1265 1076 1327 Καὶ
1091 1269 1218 1346 ,χρυσίου
1239 1261 1331 1348 όλκήν
1350 1291 1419 1333 τινα

269 1363 452 1446 ἱκανωτάτην
468 1366 542 1446 έχων
559 1362 641 1448 παρά
655 1373 736 1449 χεῖρα
755 1361 773 1430 6
789 1361 878 1439 αάτός
896 1362 1092 1448 πατριάρχης,
1123 1367 1252 1440 ἐκτείνας
1265 1363 1320 1449 τήν
1335 1375 1420 1453 χεῖρα

271 1467 400 1532 ἐπέδωκε
413 1472 455 1553 τῷ
470 1463 633 1553 ἐπισκόπῷ,
656 1464 779 1545 φάσκων
793 1464 847 1544 ὅτι,
870 1463 1025 1550 Πρόςφερε
1038 1462 1112 1549 ύπέρ
1126 1468 1209 1547 ἐμοῦ.
1246 1469 1417 1553 Γέγραπται

269 1566 341 1654 γάρ,
371 1565 421 1631 διά
440 1573 500 1631 τοῖν
517 1567 619 1649 ἱερέων
639 1573 693 1631 τοῦ
710 1574 786 1632 θεοῦ
803 1563 996 1651 δεσμεύεσθαι
1012 1568 1063 1631 καί
1076 1565 1200 1633 λύεσθαι
1216 1570 1265 1633 ἐπί
1281 1577 1335 1652 τής
1349 1577 1416 1655 γῆς,

270 1671 322 1734 καί
339 1671 419 1733 ἐσται
432 1674 523 1731 ταῦτα
539 1668 678 1749 λελυμένα
693 1669 742 1732 καί
757 1669 896 1749 δεδεμένα
914 1669 946 1732 ἐν
962 1675 1002 1756 τῷ
1018 1666 1144 1758 ούραυῷ.
1185 1667 1239 1745 Ὦς
1253 1663 1309 1735 ούν
1322 1679 1419 1736 ταῦτα

271 1769 422 1854 ἐπράχθη,
451 1770 541 1851 φησὶ,
570 1771 620 1834 καί
636 1766 795 1854 ἠνοίγησαν
811 1773 844 1834 αἱ
858 1767 971 1853 θύραι,
1000 1767 1132 1854 ήρωτᾶτο
1148 1767 1208 1837 ύπό
1226 1778 1285 1836 τοῖν
1301 1773 1420 1838 ἐπισκε·

270 1873 423 1953 πτομένων
440 1868 458 1936 6
473 1868 655 1956 πατριάρχης
672 1878 736 1946 ποῖς
752 1873 813 1953 ἔχοι
831 1869 880 1936 διά
898 1877 952 1935 τοῦ
969 1870 1177 1954 βοηθήματοςς
1204 1875 1256 1938 καί
1273 1868 1419 1959 οῖμολόγει

270 1978 426 2048 καλλίστας
439 1975 524 2055 έχειν·
547 1974 598 2037 καλ
611 1972 666 2056 γάρ
680 1971 743 2061 ᾔδει
759 1972 776 2038 ό
791 1975 894 2058 έλεγεν.
927 1970 1051 2038 Ἔπειτα
1064 1975 1096 2038 δέ
1109 1970 1221 2059 ήμέρας
1234 1973 1289 2040 δύο
1302 1972 1323 2058 ή
1336 1985 1419 2061 τρεῖς

269 2073 322 2141 τόν
336 2072 475 2158 άριθμδν,
496 2071 636 2149 πολλάκις
650 2082 705 2140 τοῦ
717 2073 881 2140 ἐπισκόπου
895 2076 1142 2156 ἐπισκεπτομένου
1156 2073 1248 2141 αύτόν
1262 2078 1296 2142 ἐν
1309 2078 1417 2162 ίατροῦ

271 2175 435 2260 προφάσει,
458 2173 639 2259 ἐκοιμήθηό
656 2175 834 2261 πατριάρχης
852 2174 923 2257 μετά
938 2183 1030 2259 καλῆς
1046 2173 1233 2256 άποθέσεως,
1259 2177 1418 2263 παραδούς

270 2277 323 2343 τόν
336 2282 412 2342 ίδιον
425 2276 492 2343 υἱόν
505 2282 614 2360 κομιδή
628 2279 695 2343 νέον
707 2276 779 2343 όντα
789 2275 921 2365 Ἰωσήπῷ
938 2301 967 2341 τε
979 2279 1030 2343 καί
1044 2276 1118 2366 άλλῷ
1132 2281 1188 2343 τινέ
1201 2277 1416 2369 ἐπιεικεστάτῷ.

276 2377 319 2443 Τά
341 2379 438 2443 πάντα
454 2385 554 2445 τοίνυν
572 2378 727 2465 ἐπράττετο
744 2376 795 2444 διά
814 2385 873 2443 τοῖν
889 2376 944 2442 δύο
963 2377 1090 2457 τούτων,
1118 2378 1169 2445 διά
1183 2378 1217 2445 τό
1234 2383 1277 2446 ἐτι
1290 2379 1342 2447 τόν
1356 2406 1414 2446 πα·

270 2480 408 2566 τριάρχην
429 2485 522 2546 παῖδα
542 2479 613 2546 όντα
632 2479 798 2563 νηπιάζειν,
826 2481 877 2544 καί
899 2482 931 2545 ἐν
951 2482 1049 2565 χερσίν
1067 2478 1165 2548 νότιόν
1185 2479 1412 2568 άνατρίφεσθσι.

268 2579 318 2646 Ἐν
333 2582 427 2670 τούτῷ
442 2589 483 2671 τῷ
498 2589 591 2670 καιρῷ
607 2589 661 2665 τῆς
674 2585 808 2657 διανοίας
823 2587 877 2646 τοῦ
892 2578 1038 2664 Ἰωσήπου
1054 2584 1259 2666 ἐνοχλουμίνης
1274 2581 1413 2660 πολλάκις

271 2683 321 2750 διά
335 2692 393 2749 τοῖν
404 2685 567 2769 γενομένων
580 2690 728 2765 μυστικοῖν
740 2685 772 2749 ἐν
784 2690 821 2772 τῇ
833 2681 908 2749 κατά
922 2681 953 2748 τό
966 2682 1090 2770 λουτρόν
1103 2681 1246 2752 ύποθέσει
1259 2685 1411 2752 ἐσκέπτετο

270 2790 298 2850 τί
319 2783 357 2849 άν
378 2784 503 2869 πράξειε.
547 2787 607 2850 Καί
625 2776 664 2868 ήυ
680 2787 772 2851 ἐκεῖσε
787 2787 1005 2871 γαζοφυλακίου
1022 2811 1067 2861 τις
1084 2783 1167 2862 οίκος
1184 2787 1415 2874 ἐσφραγισμένος

273 2884 363 2963 (Γάζα
379 2887 411 2950 δέ
424 2884 612 2972 ἑρμηνεύεται
627 2885 701 2953 κατά
715 2886 769 2970 τήν
781 2883 922 2970 Ἑβραίδα
937 2885 1115 2973 Θησαυρός).
1160 2894 1286 2955 Πολλιῖν
1299 2890 1332 2955 δέ
1344 2897 1414 2956 πολ·

271 2985 307 3052 λά
324 2989 544 3069 διανοουμένων
564 2991 632 3072 περί
652 2996 706 3054 τοῦ
721 2993 938 3075 γαζοφυλακίου
958 2987 1065 3054 τούτου
1086 2987 1136 3054 διά
1156 2987 1211 3073 τήν
1226 2995 1376 3078 σφραγῖδα
1395 2989 1415 3058 ό

269 3086 411 3172 Ἰάσηπος
423 3089 590 3172 λεληθότως
604 3089 749 3174 τολμήσας
765 3087 878 3172 ήνοιξε,
900 3092 952 3156 καί
970 3082 1053 3175 εὗρεν
1065 3088 1155 3156 ον’δίν
1168 3091 1324 3176 χρημάτων
1338 3092 1416 3177 πλήν

271 3196 392 3274 βίβλους
405 3190 457 3268 τάς
470 3189 544 3276 ύπέρ
558 3191 699 3276 χρήματα.
728 3189 948 3277 Ἀυαγινοῖσκοον
962 3194 995 3259 δέ
1008 3196 1039 3258 ἐν
1053 3191 1183 3272 ταύταις,
1201 3191 1242 3269 είς
1254 3192 1313 3276 ήδη
1324 3196 1413 3276 ἐφην,

270 3291 304 3358 τό
324 3292 399 3359 κατά
414 3291 552 3377 Ἰωάννην
570 3291 736 3379 εύαγγέλιον
756 3292 815 3359 άπό
834 3291 974 3372 Ἑλλάδος
991 3297 1033 3371 είς
1047 3290 1187 3379 Ἑβραλδα
1203 3292 1309 3376 φωνήν
1327 3319 1413 3377 μετα-

271 3397 389 3479 ληφθέν
402 3395 527 3483 ηὕρετο,
549 3398 600 3462 καί
616 3393 670 3471 τάς
684 3403 743 3461 τοῖν
757 3394 941 3462 Ἀποστόλων
958 3396 1095 3483 Πράξεις.
1141 3394 1187 3462 Οό
1200 3393 1261 3478 μήν
1274 3393 1346 3460 dm}
1359 3398 1413 3463 καλ

271 3495 304 3562 τό
326 3496 401 3565 κατά
418 3506 585 3565 Ματθαῖον
599 3495 758 3583 Ἑβραϊκδν
777 3497 895 3580 ιφυτόν
912 3501 945 3565 ἐκ
961 3498 1075 3565 τούτων
1091 3496 1235 3585 άναχνοδς
1250 3495 1341 3564 πάλιν
1357 3497 1415 3582 τήν

272 3597 406 3666 διάνοιαν
422 3600 570 3686 ἐτρύχετο,
599 3598 746 3684 άσχάλλων
761 3601 814 3683 μέν
827 3628 893 3678 πως
907 3603 972 3688 περί
994 3608 1047 3684 τῆς
1064 3606 1187 3678 πίστεως
1198 3607 1254 3666 τοῦ
1270 3605 1414 3687 Χριστοῦ,

269 3696 328 3782 ήδη
341 3703 373 3765 δέ
385 3704 419 3768 ἐκ
432 3703 487 3769 δύο
501 3702 673 3770 ύποθέσεοιν
685 3701 930 3787 ύπουυττόμενος,
951 3710 1004 3786 τῆς
1017 3708 1077 3769 τοῖν
1090 3707 1210 3792 βιβλίων
1223 3698 1416 3790 άναγνύσιας

270 3803 392 3885 καὶτῆς
413 3813 468 3870 τοῦ
490 3805 671 3892 πατριάρχου
692 3811 909 3892 μυσταγωγίας,
937 3803 1019 3888 όμεος
1038 3811 1075 3895 τῇ
1095 3809 1203 3895 καρδίη
1223 3804 1414 3892 ἐσκληρύνιτο

270 3901 321 3970 οία
341 3907 458 3989 γίνεται.
1158 3970 1161 3975 .

136 4012 204 4082 Κεφ.
221 4012 251 4080 ξ.
358 4001 431 4081 ιὩς
447 4007 480 4072 δέ
496 4011 527 4074 ἐν
542 4008 657 4087 τούτοις
671 4013 868 4096 κατετρίβετο,
889 4005 1045 4093 άδρύνιται
1059 4005 1078 4075 ό
1092 4017 1165 4086 παῖς
1176 4006 1194 4076 6
1206 4009 1416 4090 καταλειφθείς

270 4107 330 4174 υπό
344 4105 447 4189 Ἐλλήλ
463 4111 505 4184 είς
522 4117 713 4196 πατριαρχίαν
724 4110 914 4196 τρεφόμενος·
937 4109 1035 4187 ούδελς
1050 4109 1106 4197 γάρ
1124 4102 1209 4187 άλλος
1223 4108 1345 4197 άρπάξει
1359 4108 1414 4186 τάς

271 4208 361 4296 άρχάς
377 4206 457 4292 παρά
472 4219 535 4286 τοῖς
547 4209 713 4293 Ἰουδαίοις,
734 4210 804 4279 άλλά
816 4213 881 4290 υΐός
894 4215 1005 4300 πατέρα
1019 4215 1188 4297 διαδέχεται.
1228 4211 1282 4291 Ὦς
1294 4204 1350 4279 οὖν
1362 4212 1415 4279 ἐπί

151 4345 201 4391 μς.
214 4326 258 4380 m.
270 4308 304 4376 ιδ
320 4309 446 4393 άκμαῖον
459 4317 512 4393 τῆς
528 4308 642 4393 ήλικίας
656 4310 674 4379 ό
689 4316 756 4391 νέος
767 4313 886 4402 ήρχετο,
907 4318 1158 4402 προςεφθείροντο
1171 4312 1251 4405 αύτῷ
1264 4338 1341 4391 τινες
1351 4311 1415 4398 ήλυ-

270 4437 320 4489 ιιες
335 4410 421 4499 άργολ
434 4417 485 4480 καί
498 4411 605 4489 ἐθάδες
620 4423 730 4482 κακοῖν·
751 4415 824 4500 τάχα
839 4418 872 4483 δέ
887 4414 972 4502 οἶμαι
985 4415 1099 4494 Ἰούδας
1112 4409 1200 4493 οὗτος
1214 4419 1355 4499 ίκαλεῖτο,
1375 4413 1416 4484 ού

305 4552 364 4605 cu.
377 4554 420 4606 Ἦ.
437 4581 471 4592 -
489 4555 512 4607 ¹.
528 4555 569 4606 Sic
580 4555 641 4605 λ’διλ
669 4558 775 4607 Forma
786 4558 943 4619 ιιιιιιιιιισιω
958 4551 1042 4609 τόποι.
