3046 5084
403 329 538 382 rnunutt
557 332 620 383 ΗΒ.
633 332 654 383 1.
670 332 751 385 T0bl.
765 334 798 385 ll.
816 334 914 385 flatu.
931 335 1034 385 xxxt.
1229 326 1291 387 357

144 451 213 537 guia
231 450 268 515 ab
286 449 436 515 universis
452 448 483 512 ia
497 448 592 514 lnocm
610 460 657 515 ast
671 452 783 531 editus,
813 462 847 516 nt
863 450 1044 532 Salvaturis,
1074 464 1104 517 et
1120 451 1288 541 Sapientiae

143 551 308 619 Aebnmotb
328 549 497 637 coniugium
512 550 692 617 instituatur.
736 550 827 637 idque
845 554 917 617 adeo
934 555 1027 618 saeris
1043 554 1073 617 in
1090 555 1182 621 literis
1200 577 1287 643 spon·

143 677 206 721 soor
219 676 258 721 ac
272 675 410 742 sponsam
425 650 611 738 siguificare,
634 653 846 739 thalamumque
862 652 998 719 Pleroma
1013 655 1107 741 ipsum
1123 676 1201 721 esse.
1244 659 1287 723 At

143 759 287 843 spiritales
303 757 448 834 bumines,
473 764 624 839 postquam
640 755 752 820 animas
767 756 915 834 exuerint,
939 767 968 819 et
982 757 1017 819 ad
1033 757 1184 842 spirituum
1199 780 1285 845 pura·

143 881 264 944 rumque
278 858 416 923 mentium
433 856 628 920 conditionem
644 857 805 937 evaserint,
828 880 862 921 ac
877 858 955 921 nullo
971 857 1118 923 detinente
1132 880 1187 923 uec
1203 880 1287 946 aspe-

143 961 265 1026 ctabiles
280 962 310 1024 in
324 958 460 1024 Pleroma
476 959 710 1044 penetraverint,
735 956 899 1025 Salvatoris
915 959 1067 1024 comitibus
1085 959 1208 1045 Angelis
1224 961 1285 1026 col·

142 1063 245 1128 locari.
291 1059 378 1145 Quod
393 1061 428 1125 ad
443 1056 632 1126 Conditorem
647 1071 770 1146 spectat,
791 1082 856 1125 eum
871 1082 984 1147 quoque
1000 1058 1168 1147 Sapientiae
1178 1061 1285 1129 Matris

143 1168 172 1230 in
185 1166 280 1229 lucum
295 1183 508 1241 successurum,
527 1160 707 1247 mediamque
720 1163 869 1248 regionem
883 1174 1088 1250 occupaturum
1101 1165 1282 1231 existimant.

143 1266 314 1351 Eodemque
334 1267 399 1330 loco
416 1264 557 1329 iustorum
575 1264 687 1329 animas
704 1265 764 1329 otio
783 1287 817 1329 ac
834 1266 929 1349 quiete
944 1269 1086 1350 potiturus
1101 1288 1185 1348 esse,
1209 1268 1284 1353 qood

143 1371 179 1434 ad
201 1366 337 1433 Pleroma
358 1367 429 1431 nibil
449 1366 573 1431 animala
595 1367 758 1452 perveniat.

225 1470 279 1535 llis
295 1470 419 1557 peractis
434 1469 531 1555 iguem
546 1468 643 1548 illurn,
666 1470 761 1554 quiin
779 1470 875 1533 mnndi
894 1470 1013 1534 latebris
1031 1470 1190 1551 delitescit,
1215 1491 1281 1535 eru·
1316 1494 1375 1560 cap,

143 1585 256 1661 pturum
272 1592 308 1637 ac
324 1572 568 1658 cundegratorum
585 1591 670 1651 esse,
694 1572 787 1635 donec
803 1573 880 1636 omni
897 1584 1065 1660 cousumpta
1081 1573 1200 1638 materia
1216 1594 1280 1638 cum
1297 1563 1391 1615 mv·

143 1678 242 1741 eadem
259 1686 289 1739 et
299 1672 362 1760 ipse
377 1683 566 1758 consumptus
579 1684 667 1758 atque
682 1673 711 1737 io
727 1675 846 1738 nibilum
863 1676 996 1739 redactus
1012 1675 1110 1739 luerit.
1149 1672 1281 1759 Quorum

142 1778 269 1843 omnium
291 1775 363 1841 nibil
383 1787 451 1841 ante
471 1772 634 1841 Salvatorin
656 1775 810 1839 adveutum
833 1773 987 1841 Conditori
1009 1776 1099 1840 luisse
1122 1779 1279 1863 cognitum.

140 1878 207 1946 Nec
226 1881 332 1945 desunt
349 1878 452 1965 quibus
469 1877 583 1962 placcat
599 1876 685 1940 etiam
701 1877 737 1940 ab
753 1878 803 1941 illo
821 1878 994 1963 peculiarem
1014 1879 1102 1943 blium
1119 1876 1279 1960 Christum,

140 1986 191 2049 sed
208 1982 380 2061 animalem,
403 1980 586 2066 productum,
609 1978 645 2041 de
662 1999 718 2063 quo
734 1999 786 2063 per
802 1980 955 2065 propbetas
971 1981 1084 2044 locutus
1101 1981 1150 2044 sit.
1195 1980 1281 2046 Hono

139 2085 219 2151 illum
235 2105 303 2149 esse
317 2083 366 2169 qni
383 2083 426 2146 sic
441 2092 574 2167 tanquam
591 2101 665 2165 aqua
680 2100 733 2165 per
748 2080 869 2158 listulas,
893 2081 933 2145 ita
950 2102 1002 2166 per
1015 2078 1139 2145 Mariam
1158 2083 1280 2147 transie-

139 2190 196 2269 rit;
225 2188 256 2252 in
278 2205 402 2270 eumque
423 2193 524 2270 postea
550 2204 616 2246 cum
635 2182 833 2268 baptizaretur
850 2183 903 2246 snb
923 2183 1072 2248 columbae
1092 2184 1281 2251 descendisse

140 2290 238 2377 specie
252 2289 376 2355 alterum
389 2287 469 2351 illum
484 2287 519 2350 de
534 2282 700 2349 Pleromate
714 2281 898 2350 Salvatoreor
913 2305 953 2349 ex
967 2285 1100 2349 omnibus
1112 2287 1279 2367 condatum,

139 2393 199 2457 imo
212 2392 299 2457 etiam
315 2401 346 2455 et
356 2390 451 2454 eidem
468 2386 657 2452 Achamotbis
671 2387 800 2473 spiritale
812 2408 912 2451 semen
928 2387 1046 2452 insitum
1061 2390 1163 2453 luisse.
1196 2386 1281 2454 Unde

141 2505 266 2581 quatuor
280 2514 320 2558 ex
332 2492 391 2557 illia
409 2490 598 2576 compositum
616 2510 683 2555 esse
698 2490 843 2554 dominum
861 2503 1050 2571 asseverant,
1082 2501 1114 2554 ot
1128 2484 1281 2577 primariae

140 2597 219 2662 illins
236 2617 270 2660 ac
287 2594 477 2682 primigeniae
495 2592 634 2657 Tetradis
651 2592 865 2657 similitudinem
884 2594 1078 2679 exprimeret,
1110 2593 1244 2657 nimirum
1264 2614 1281 2658 e

143 2698 284 2785 spiritali,
316 2699 392 2782 qood
411 2696 447 2762 ab
463 2695 645 2761 Achamotbe
665 2695 824 2760 derivatum
845 2706 909 2774 est,
940 2716 980 2760 ex
998 2696 1142 2775 seminali,
1173 2697 1283 2780 quoda

142 2798 320 2880 Conditore,
344 2821 383 2864 ex
401 2796 622 2876 incarnatione,
649 2798 724 2882 qood
744 2798 938 2885 inexplicabili
956 2800 1078 2884 quodam
1097 2811 1143 2864 est
1159 2799 1281 2864 artilicio

141 2914 330 2983 contextum,
352 2922 386 2967 ac
402 2903 516 2966 demum
535 2921 551 2965 e
567 2898 723 2967 Salvatore
738 2900 792 2963 boc
809 2912 854 2964 est
868 2902 998 2966 colomba
1016 2901 1066 2966 illa
1081 2902 1117 2967 de
1133 2902 1216 2966 coelo
1233 2902 1283 2966 de-

140 3006 233 3093 lapsa.
278 3005 376 3090 Atque
393 3004 469 3069 bunc
484 3004 598 3089 quidem
615 3002 762 3088 patibilem
780 3025 924 3088 nunquam
942 3004 1049 3083 luisse,
1073 3005 1206 3089 quoniam
1224 3004 1282 3090 pati

141 3109 260 3175 omnino
276 3116 418 3193 nequeat,
442 3108 518 3192 quod
535 3124 630 3190 neque
645 3105 788 3169 contineri
808 3126 902 3190 neque
920 3108 1011 3171 oculis
1028 3107 1162 3194 usurpari
1179 3106 1281 3193 possit.

139 3210 324 3296 Proindeque
339 3231 403 3274 cum
422 3210 457 3273 ad
471 3206 597 3273 Pilatum
611 3209 767 3294 perductus
785 3220 847 3288 eet,
872 3209 1026 3275 demissum
1044 3211 1073 3274 iu
1089 3230 1154 3275 eum
1172 3204 1283 3274 Christi

141 3312 282 3402 Spiritum
298 3312 445 3377 evolasse.
486 3307 545 3376 Sed
563 3330 657 3395 neque
672 3321 832 3375 maternum
846 3312 914 3377 illud
932 3332 1032 3376 semen
1048 3313 1198 3397 quicquam
1217 3331 1284 3374 esse

139 3438 327 3506 perpessum
349 3414 425 3500 qood
443 3412 533 3478 nibilo
550 3414 643 3498 magis
659 3413 778 3500 patibile
795 3414 852 3494 sit,
876 3426 973 3501 utpote
993 3415 1140 3501 spiritale,
1164 3434 1219 3477 neo
1236 3415 1283 3477 vel

138 3520 195 3607 ipsi
211 3515 365 3585 Conditori
383 3517 497 3603 quidem
513 3515 701 3603 aspectabile.
744 3514 851 3581 Restat
867 3517 955 3603 igitur
971 3528 1002 3581 ut
1016 3518 1130 3581 illorum
1148 3515 1284 3601 opinione

138 3621 285 3688 Animalia
300 3621 349 3685 illo
366 3616 504 3686 Cbristns
521 3619 560 3683 sit
576 3640 697 3706 passus,
720 3619 876 3704 itidemque
892 3631 923 3684 st
936 3621 1011 3684 alter
1026 3619 1072 3706 qui
1090 3640 1128 3683 ex
1145 3616 1283 3684 locarun-

140 3726 219 3790 tione
233 3722 376 3788 rundatos
389 3734 446 3787 est.
481 3719 568 3806 Quod
582 3743 640 3787 nou
654 3723 718 3787 sinc
733 3723 873 3809 mysterio
887 3724 1045 3808 perlectum
1059 3734 1116 3801 est,
1135 3732 1168 3786 ut
1180 3722 1285 3787 summi

137 3828 216 3892 illins
233 3822 346 3892 Cbristi
363 3846 417 3911 per
434 3846 499 3889 eum
515 3822 617 3890 Mater
633 3824 787 3911 imaginem
807 3824 977 3906 exbiberet,
1009 3825 1056 3910 qui
1074 3826 1103 3889 in
1122 3820 1221 3890 Crnee
1242 3825 1284 3888 di·

137 3939 252 3994 stentus
271 3927 482 3993 Anbamotbem
502 3928 679 3992 substantiae
698 3928 902 3991 iulormatione
922 3928 1091 4015 perpolivil3
1115 3928 1187 3993 baec
1206 3927 1283 3992 enim

138 4031 235 4097 omnia
261 4030 444 4117 superiorum
470 4029 584 4094 illorum
609 4031 729 4116 liguram
755 4029 918 4094 continere.
965 4030 1049 4115 Quae
1072 4051 1145 4095 vero
1170 4030 1283 4096 animae

137 4134 330 4203 Achamotbis
349 4133 461 4197 semine
480 4131 540 4197 sint
557 4151 714 4219 aspersae,
742 4152 793 4197 eas
811 4133 918 4196 ceteris
937 4154 1002 4197 esse
1020 4134 1175 4214 meliores,
1199 4144 1302 4220 atque·

137 4237 297 4324 impensius
313 4257 331 4301 a
345 4231 507 4301 Conditors
525 4235 623 4320 diligi3
647 4234 694 4319 qni
710 4234 774 4299 eius
790 4248 884 4299 tameo
900 4235 944 4301 rei
958 4257 1093 4301 caussam
1105 4258 1163 4301 non
1178 4237 1284 4301 intelli·

172 4374 196 4429 'l-
214 4373 255 4429 tva
270 4376 322 4426 eod.
340 4376 396 4427 len.
764 4371 789 4427 9.
806 4367 839 4428 δι’
856 4367 932 4429 αὐτοῦ
950 4375 1072 4426 emendum
1087 4376 1204 4435 Paretur,
1221 4376 1285 4426 llor-

168 4440 194 4495 8.
211 4440 330 4513 ἐπιδείξῃ
347 4444 384 4494 ed.
396 4443 482 4507 petae,
497 4440 560 4506 guod
571 4443 655 4491 omnus
669 4454 699 4491 en
731 4448 809 4496 metus
823 4445 915 4507 altune,
932 4445 1058 4495 anundum
1073 4443 1285 4506 vauterannus.

134 4513 187 4563 cod.
205 4514 315 4563 vortunt
329 4512 466 4563 nuctmm
479 4524 497 4560 o
510 4511 607 4562 rucco
620 4510 700 4561 suble·
768 4512 808 4563 10.
824 4507 1014 4571 ἐπεκτανθέντος
1030 4511 1081 4561 cod.
1098 4512 1152 4577 Van.

136 4584 186 4632 tna
202 4583 243 4632 uc
770 4578 808 4632 ll.
825 4579 915 4633 boando
931 4574 985 4639 trie.
1012 4576 1055 4633 uni
1071 4576 1193 4631 roc'vsn.
