3046 5084
407 347 542 399 rannnn
559 347 621 399 mn.
633 347 655 400 1.
671 349 753 401 ron.
766 351 808 400 nr.
824 350 922 401 narn.
934 351 1013 403 xnv.
1222 338 1282 404 705

143 477 285 551 tamquam
299 467 329 531 in
345 466 454 531 alveari
469 467 624 548 construit,
646 466 745 554 ibique
758 470 871 534 semine
884 470 1014 533 immisso
1031 470 1125 536 loetns
1139 472 1281 551 excludit,

142 571 194 636 aed
215 571 241 634 si
260 569 323 653 quis
340 568 436 635 vietor
455 568 557 634 baculo
574 570 621 634 vel
639 571 720 655 virga
738 571 838 650 lavos,
871 572 911 635 uti
928 573 1071 652 diximus,
1100 574 1282 653 demoliatur,

142 674 243 736 lurcos
256 671 334 735 illico
350 671 509 757 prorumpit
523 692 592 735 acer
605 672 655 736 ille
669 672 795 757 quidem,
819 675 870 737 sed
884 673 1045 739 imbecillus
1058 675 1174 739 crabro.
1208 675 1285 740 Turn

141 776 268 840 vicinum
288 774 403 859 aliquod
419 794 524 838 saxum
539 774 806 863 lignnmvenactus
828 775 872 841 ira
888 787 1065 841 exaestuans
1088 800 1123 843 eo
1145 801 1210 846 eum
1232 782 1285 844 im-

143 889 212 963 petu
228 880 337 955 lertnr,
360 898 394 959 ac
410 877 520 940 silicem
537 877 630 940 tundit
642 888 692 942 aut
706 878 827 963 lignum.
873 876 987 962 Quibus
1003 901 1066 943 eum
1083 893 1188 945 nocent
1202 882 1285 961 nibil,

143 1001 178 1044 ee
196 1001 234 1044 ne
252 980 360 1045 bomini
376 979 508 1064 quidem,
532 980 717 1063 quantumvis
734 991 858 1065 pungat,
884 981 960 1045 aliud
977 994 1093 1066 praeter
1107 983 1286 1048 levissimum

144 1083 272 1146 dolorem
297 1082 420 1160 inierat,
450 1102 552 1146 saxum
578 1102 650 1147 vero
674 1080 744 1145 nihil
764 1083 913 1164 oblaedat,
943 1085 1075 1148 aculeum
1095 1085 1149 1149 sibi
1171 1087 1286 1150 interim

145 1185 272 1262 excutit,
294 1184 392 1267 itaque
408 1183 540 1248 moritur.
586 1180 638 1247 sie
659 1184 708 1248 illa
727 1184 872 1250 simillima
894 1188 996 1272 zopyri
1014 1187 1165 1251 crabronis
1186 1187 1288 1252 baere-

144 1289 203 1367 sis,
236 1286 293 1350 levi
311 1287 411 1350 dolore
427 1286 535 1349 indicto
552 1287 580 1349 in
598 1297 725 1372 petram,
758 1287 1058 1370 boccstveritatem‚
1089 1290 1242 1355 incurrens
1260 1304 1290 1355 ct

144 1389 275 1453 aculeum
296 1388 459 1472 infringens
477 1389 657 1453 enecabitur.
704 1387 787 1454 Hanc
804 1389 894 1475 igitur
908 1402 1145 1477 praetergressus
1165 1395 1200 1458 ad
1217 1395 1290 1459 alins

146 1490 306 1555 orationem
332 1493 496 1569 conteram,
528 1503 609 1555 certa
632 1491 677 1555 dei
699 1492 804 1557 liducia
823 1495 931 1573 fretus,
963 1495 1125 1560 institutum
1148 1517 1194 1560 me
1218 1518 1289 1582 opus

144 1594 180 1657 ad
202 1595 313 1658 exitum
337 1615 403 1659 csse
423 1594 637 1679 perducturum.

305 2021 594 2099 contus
646 2020 1130 2117 strambos,

372 2166 454 2238 quae
481 2148 533 2216 est
557 2141 704 2216 haeresis
723 2141 851 2235 XXV„
878 2144 931 2218 rel
950 2143 1057 2219 XLV.

230 2296 288 2380 Qui
303 2294 502 2380 superioribus
519 2293 576 2358 illis
592 2293 725 2379 proxime
739 2315 756 2356 a
769 2316 816 2358 me
831 2296 1027 2360 subiiciendns
1044 2306 1101 2374 est,
1124 2297 1173 2361 vel
1187 2297 1287 2361 iisdem
1308 2316 1366 2385 cap.
1384 2320 1403 2369 r.

147 2399 323 2486 temporibus
344 2397 436 2477 vixit,
469 2397 517 2460 vel
535 2398 658 2461 salntem
677 2408 723 2461 est
739 2408 834 2462 aetate
853 2419 976 2484 suppar3
1011 2402 1200 2484 nequeenim
1220 2410 1291 2465 tem·

150 2523 203 2587 pus
218 2503 310 2587 ipsum
330 2512 465 2565 accurate
482 2520 709 2564 commemorare
725 2522 854 2586 possum,
878 2501 934 2564 nisi
951 2503 1027 2585 quod
1043 2502 1132 2566 vieini
1147 2503 1203 2566 sibi
1217 2505 1292 2569 invi-

147 2625 210 2669 cem
238 2603 411 2668 extiterunt.
461 2599 546 2685 Quae
573 2624 644 2668 vero
671 2605 900 2668 admemoriam
926 2615 1054 2668 nostram
1080 2620 1289 2690 pervenerunt,

147 2730 230 2792 qaam
254 2707 420 2771 fidelissime
442 2706 629 2791 complectar.

232 2807 363 2874 Severus
387 2809 518 2894 qnidam,
551 2829 567 2873 a
589 2830 654 2893 quo.
666 2805 836 2873 Severianis
861 2830 965 2874 nomen
987 2810 1108 2874 inditum
1132 2822 1194 2891 est,
1227 2824 1293 2898 post

59 2909 62 2914 ’
148 2912 281 2997 Apellem
297 2912 375 2977 illum
393 2913 510 2997 prodiit.
553 2907 649 2976 Cuius
666 2911 738 2975 baec
754 2923 824 2976 sunt
839 2912 942 2977 fabulis
960 2934 994 2977 ac
1010 2914 1167 2978 mendaciis
1183 2917 1292 2980 relenta

147 3018 292 3101 dogmata.
335 3012 439 3079 blondi
460 3014 601 3099 originem
622 3009 779 3099 Principiis
802 3015 901 3079 nescio
919 3016 1022 3099 quibus
1043 3038 1076 3081 ac
1093 3013 1293 3082 Potestatibus

147 3119 258 3191 tribuit.
303 3115 380 3181 Esse
395 3138 467 3183 vero
484 3127 637 3203 praeterea
654 3137 790 3202 supremo
806 3118 835 3181 in
855 3119 938 3183 coelo
953 3141 987 3183 no
1005 3120 1121 3198 seculo,
1146 3121 1222 3204 quod
1241 3141 1293 3183 no·

147 3223 250 3286 minari
270 3243 328 3284 non
347 3230 459 3305 potest,
491 3217 605 3284 Bonum
624 3221 765 3305 quendam
785 3221 880 3284 deum.
926 3219 1078 3285 Diabolum
1098 3224 1195 3306 magni
1214 3223 1293 3307 prin·

147 3324 218 3411 cipis
234 3324 319 3388 filium
335 3344 413 3401 esse,
438 3323 485 3406 qui
503 3320 702 3387 Potestatibns
717 3322 873 3407 praesidet,
898 3323 979 3386 cuius
995 3345 1098 3387 nomen
1117 3324 1219 3410 partim
1235 3321 1293 3387 lal-

149 3427 289 3505 dabnotb,
322 3425 425 3512 partim
444 3423 574 3489 Sabaoth
593 3424 728 3511 appellat.
773 3424 876 3509 Aqno
894 3427 1010 3509 genitus
1028 3426 1075 3490 ille
1094 3447 1217 3512 serpens
1234 3427 1293 3512 pri-

148 3552 223 3617 mum
244 3531 311 3606 luit,
342 3527 409 3591 inde
432 3526 467 3590 ab
487 3528 607 3592 coelesti
627 3525 742 3592 Virtute
760 3527 889 3591 deiectus
911 3527 1067 3591 interram
1090 3550 1125 3592 ac
1143 3529 1290 3614 delapsus,
1315 3557 1319 3564 ·

148 3632 292 3719 serpentis
317 3632 426 3709 torma,
457 3629 583 3694 libidinis
606 3630 729 3694 stimulis
752 3631 880 3715 percitus
905 3652 967 3693 cum
991 3641 1070 3694 terra
1092 3651 1146 3695 neu
1170 3632 1292 3695 muliere

147 3737 266 3820 quadam
284 3733 364 3797 coiit.
412 3729 479 3815 Quo
499 3753 539 3796 ex
555 3743 621 3797 satu
636 3732 704 3796 vitis
722 3732 881 3818 pullulavit.
926 3730 1011 3798 Unde
1030 3735 1065 3796 ad
1083 3734 1291 3798 conciliandam

147 3839 231 3922 nugis
254 3837 316 3901 suis
338 3837 421 3899 fidem
443 3835 579 3901 sinuosus
601 3834 703 3899 vitium
726 3835 819 3900 benus
841 3857 875 3898 nc
895 3838 1053 3914 rotundos,
1086 3849 1116 3902 et
1132 3836 1294 3903 cuiusmodi

146 3940 325 4028 serpentium
346 3940 442 4024 spirae
465 3949 550 4017 sunt,
583 3937 734 4023 obliquos,
765 3939 800 4001 ad
823 3938 1128 4022 illudsignibcandnm
1148 3943 1291 4005 referunt.

146 4131 233 4201 κιανῷ,
250 4132 287 4181 ort
302 4122 421 4182 ’Δπιλλεῖ
434 4123 477 4178 ael
495 4127 637 4195 donamini,
736 4123 836 4192 σπέρμα
849 4141 894 4189 pro
908 4127 952 4180 τοῦ
971 4127 1128 4196 σπέρματος,
1145 4131 1209 4194 qnod
1223 4133 1249 4181 tn
1263 4133 1293 4180 n·-

179 4199 204 4251 3.
223 4200 312 4260 Scripsi
331 4193 361 4250 nl
374 4209 420 4258 pro
436 4210 478 4257 rr,
504 4196 567 4258 quod
591 4198 616 4245 tn
639 4197 704 4246 tibris
736 4197 784 4245 bris
800 4197 1042 4259 conuncupatur.

147 4269 217 4330 culpo
232 4267 352 4328 renuitur.
769 4259 794 4314 6.
811 4265 990 4316 namuurum
1002 4268 1096 4318 mdetur
1107 4263 1137 4321 τὸ
1152 4260 1294 4336 emetirent-

179 4335 204 4388 l.
219 4329 371 4400 ὄφιείκιλλοε
382 4331 703 4396 ed.prtnc.,puomodoboer.
737 4331 779 4384 tau
796 4336 846 4382 cett.

147 4400 189 4466 51,
204 4400 245 4454 35.
262 4403 333 4450 etiem
349 4396 547 4466 μοκροείκελλος.
769 4397 794 4453 7.
813 4395 942 4454 σκαλιινόν
957 4401 1039 4466 legitor
1055 4405 1080 4455 ln
1096 4404 1171 4465 editis

179 4469 203 4522 5.
217 4470 334 4519 scatente
344 4469 479 4531 meetabet
490 4472 516 4519 ut
529 4469 665 4520 rmnbmdnr
674 4464 702 4522 ri

198 4548 286 4606 corpur
299 4547 432 4594 timescat.
445 4546 473 4593 tt.
674 4617 677 4624 Ι
1048 4561 1087 4625 45
