3046 5084
261 324 321 386 248
685 333 805 385 εκοιοτι
823 331 994 382 τοιοῦτον

260 453 486 532 ἓτοιμασθήναι,
509 447 550 524 οἱς
566 455 619 530 τῆς
635 447 725 513 νόσου
743 450 828 512 ἕνεκα
845 443 988 529 βοήθημά
1004 471 1032 508 τι
1049 446 1225 529 προςφέρειν
1242 445 1354 526 μέλλων
1370 443 1411 511 δι’

263 548 381 615 ῦδάτων
403 556 540 615 νοσοῦντι
562 551 676 634 βαρέως
699 556 740 636 τῷ
762 547 935 637 πατριάρχη.
982 550 1021 611 Οἰ
1041 547 1073 610 δέ
1095 549 1237 628 ἐποίησαν
1259 544 1296 610 τά
1316 548 1410 612 ἔπιτε·

262 653 398 736 ταγμίνα.
436 649 481 714 Οό
496 649 551 735 γάρ
569 649 750 736 ἐγυόκεισαν.
787 653 902 724 Αἰδοῦς
918 650 951 714 δέ
966 647 1050 733 χάριν
1067 646 1326 732 προφασισάμενος
1338 647 1412 726 τοῦς

262 752 374 826 πάντας
391 753 446 828 ἐξω
463 750 590 834 ποιήσας
611 750 628 816 ό
647 750 828 837 πατριάρχης
842 758 897 816 τοῦ
914 757 1041 835 λουτροῦ
1060 754 1264 829 καταξιοῦται,
1285 752 1338 815 κοιλ
1356 778 1413 833 μυ-

262 857 388 939 στηρίων
409 850 509 938 άγίων.

294 1003 300 1033 :
345 952 378 1019 Ὁ
401 955 433 1018 δὲ
455 951 595 1036 Ἰάσηπος
619 956 684 1036 ἐμολ
706 952 785 1042 αάτῷ
809 955 956 1036 δνηλέχθη.
998 950 1049 1018 Ἐκ
1074 950 1216 1033 στόματος
1237 951 1293 1039 γάρ
1317 950 1411 1020 αάτοῦ

262 1054 378 1138 άκήκοα
392 1054 611 1134 πάνταταῦτα,
639 1057 690 1119 καλ
707 1053 761 1119 οῦκ
779 1052 838 1120 άπό
855 1053 943 1119 άλλου
957 1051 1053 1133 τινός,
1075 1056 1107 1119 ἐν
1120 1061 1157 1142 τή
1173 1056 1300 1142 γηραλέμ
1317 1053 1411 1121 αὐτοῦ

262 1156 376 1244 ήλικίηι,
399 1154 440 1231 ω’ς
453 1160 520 1240 περί
533 1182 592 1220 που
610 1158 682 1220 ἐτῶν
697 1154 898 1238 ἐβδομήκοντα
915 1154 1067 1240 γεγονότος
1082 1152 1189 1235 αάτοῦ,
1211 1154 1233 1238 ή
1247 1159 1298 1220 καλ
1314 1155 1410 1222 πλειό-

264 1285 331 1324 νων.
377 1255 454 1342 Παρ’
476 1255 555 1345 αὐτῷ
577 1255 631 1342 γάρ
649 1254 802 1339 κατήχθην
820 1260 852 1321 ἐν
869 1254 1067 1323 Σκυθοπόλει.
1111 1254 1269 1332 Μεταστάς
1285 1255 1341 1344 γάρ
1359 1266 1414 1341 τῆς

143 1376 147 1380 ’
268 1357 440 1443 Τιβεριάδος
458 1363 587 1434 1κτίσεις
600 1361 662 1423 ἐκεῖ
676 1361 707 1423 ἐν
723 1357 914 1424 Σκυθοπόλει
929 1362 1083 1438 διαφανεῖς
1100 1357 1248 1441 ἐκτήσατο.
1290 1357 1340 1423 Ἐν
1354 1359 1413 1446 γάρ

142 1499 192 1543 pag.
207 1486 251 1531 ιω.
264 1468 300 1550 τῇ
315 1464 394 1548 οἰκίᾳ
409 1458 501 1525 αότοῦ
515 1458 553 1525 20‘
567 1464 727 1544 μακαρίτης
740 1457 887 1541 Εὐσέβιος
901 1457 981 1542 ότής
992 1457 1112 1535 Ἰταλίας
1127 1462 1289 1535 ἐπίσκοπος
1305 1465 1412 1546 8Βριγ-

266 1565 364 1648 γέλλας
379 1561 502 1640 πόλεως,
524 1563 686 1646 ἐξορισθελς
700 1559 759 1626 όπό
778 1567 994 1640 Κωνσταντίου,
1017 1560 1065 1626 διά
1079 1559 1133 1643 τήν
1146 1565 1242 1626 πίστιν
1254 1568 1307 1643 τής
1321 1561 1415 1647 όρθο·

266 1667 365 1740 δοξίας
386 1666 528 1740 ἐξενίζετο.
573 1665 633 1727 Καί
656 1665 704 1727 ἐπλ
726 1660 780 1745 τήν
796 1666 951 1744 ἐπίσκεψιν
967 1661 1072 1728 τοῦτον
1095 1661 1151 1747 ἔχω’
1167 1688 1198 1726 τε
1216 1664 1267 1728 καὶ
1283 1666 1313 1727 οἱ
1330 1662 1415 1730 άλλοι

268 1763 391 1846 άδελφολ
415 1766 504 1829 ἐκεῖσε
525 1763 676 1849 γενόμενοι
696 1766 747 1828 καλ
768 1762 852 1830 αότολ
874 1762 940 1850 παρ’
960 1762 1039 1853 αὐτῷ
1056 1763 1254 1847 κατήχθημεν.
1297 1771 1416 1830 Συντα-

266 1867 364 1951 χόντες
385 1867 417 1930 δέ
438 1873 479 1954 τῷ
495 1863 626 1953 Ἰωσήπῳ
645 1867 694 1930 ἐπλ
710 1873 764 1948 της
782 1862 875 1930 αῦτοῦ
893 1869 1005 1945 οἰκίας,
1034 1868 1085 1931 καλ
1103 1864 1138 1930 τά
1155 1862 1218 1929 κατ’
1234 1861 1324 1930 αόιόν
1340 1867 1413 1949 ἐρω·

265 1976 384 2046 πάντες,
406 1969 457 2032 καλ
474 1965 588 2052 γνόντες
605 1967 650 2033 ότι
664 1974 723 2031 τῶν
740 1969 881 2048 ἐμφανῶν
895 1965 1005 2052 ῦπῆρχε
1019 1967 1100 2050 παρά
1116 1964 1288 2046 Ἰουδαίοις,
1310 1965 1414 2032 άνετά·

267 2077 362 2149 ζοντες
377 2070 429 2133 καὶ
444 2067 499 2150 τήν
513 2067 575 2133 κατ’
591 2067 680 2134 αὐτόν
694 2066 852 2150 όιιόθεσιν,
881 2071 933 2133 καλ
951 2075 1040 2144 ’λιτῶς
1055 2073 1097 2144 εἰς
1113 2067 1165 2134 τόν
1183 2068 1414 2151 Χριστιανισμόν

268 2179 425 2254 μετῆλθεν,
455 2168 623 2252 άκηκόαμεν
641 2178 734 2236 ταῦτα
755 2169 853 2235 πάντα
873 2176 992 2249 σαφοῦς,
1023 2168 1150 2236 καλοῦν
1173 2168 1233 2236 άπό
1253 2173 1415 2260 ένγηχήσεως

267 2275 367 2354 ἑτέρου
387 2269 475 2347 τινός.
508 2271 606 2336 Ὅθεν
627 2274 679 2336 καλ
697 2270 946 2354 άξιομνημόνευτα
967 2274 1009 2347 εἰς
1027 2270 1187 2354 οἰκοδομήν
1204 2279 1314 2339 πιστοῦν
1329 2277 1413 2354 νομί·

268 2397 368 2449 σαντες
386 2370 422 2438 τά
435 2371 509 2438 κατά
523 2371 575 2439 τόν
592 2371 685 2459 άνδρα
702 2373 973 2459 πραγματευθέντα,
995 2372 1045 2438 διά
1057 2371 1111 2455 τήν
1125 2376 1220 2438 αἰτίαν
1234 2381 1293 2440 τάν
1305 2374 1337 2439 ἐν
1349 2381 1414 2449 τοῖς

268 2461 492 2561 γαζοφυλαλίοις
516 2477 557 2550 εἰς
577 2471 718 2557 Ἑβραίδα
738 2475 969 2556 μετατεθέντων,
999 2472 1036 2539 οό
1060 2476 1213 2561 παρέργως
1238 2473 1293 2559 τήν
1314 2481 1414 2541 πᾶσαν

269 2581 365 2643 αἰτίαν
386 2582 439 2642 τοῦ
460 2578 675 2659 προειρημένου
693 2573 838 2657 Ἰωσήπου
856 2577 1056 2661 παρεθέμεθα.
1092 2568 1148 2641 Ἦν
1167 2575 1223 2663 γάρ
1245 2572 1263 2642 ό
1281 2574 1357 2662 άνήρ
1376 2574 1415 2643 οῦ

270 2678 363 2762 μόνον
381 2674 568 2760 Χριστιανός,
590 2675 694 2751 πιστός
709 2678 902 2753 καταξιωθελς
918 2680 1069 2761 γενέσθαι,
1091 2675 1163 2743 άλλά
1178 2680 1230 2743 καλ
1245 2675 1414 2765 Ἀρειανσός

270 2778 387 2862 σφόδρα
402 2776 581 2857 στηλιτεόων.
621 2775 671 2841 Ἐν
687 2776 741 2862 γάρ
756 2786 792 2867 τῇ
808 2777 891 2844 πόλει
906 2780 1017 2868 ἐκείνη,
1039 2779 1230 2846 Σκυθοπόλει
1244 2783 1339 2863 φημλ,
1361 2778 1414 2863 μό-

270 2906 322 2946 νον
336 2871 424 2953 οῦτος
439 2876 605 2963 όρθόδοξος
622 2877 748 2965 ῦπήρχε,
770 2878 875 2955 πάντες
890 2880 922 2943 δὲ
936 2877 1088 2964 ’Λρειανολ
1133 2884 1195 2946 Καλ
1208 2884 1235 2947 εἰ
1248 2881 1290 2965 μή
1304 2881 1350 2949 ότι
1363 2880 1416 2949 ιιό·

271 3007 328 3065 μης
339 2974 387 3063 ήν,
409 2981 460 3043 καλ
471 2978 504 3045 τό
519 2987 573 3045 τοῦ
586 2980 717 3064 κόμητος
732 2979 845 3062 άξίωμα
860 2979 987 3046 ἐκάλυεν
1001 2980 1052 3047 άπ’
1066 2981 1159 3049 αὐτοῦ
1170 2981 1223 3049 τόν
1236 2992 1295 3050 τῶν
1306 2983 1414 3070 Ἀρεια·

269 3089 330 3148 νῦν
347 3078 491 3164 διωγμόν,
521 3079 576 3147 οόκ
591 3082 629 3146 άν
644 3081 754 3164 άπέστη
769 3081 826 3147 κάν
842 3085 874 3149 ἐν
889 3090 925 3172 τῇ
940 3082 1021 3149 πόλει
1037 3088 1197 3171 διατρίβειν
1213 3083 1231 3150 ό
1246 3082 1338 3171 άνήρ,
1359 3083 1416 3168 μά-

269 3193 351 3251 λιστα
366 3185 415 3248 ἐπλ
432 3188 624 3267 Πατροφίλου
639 3193 692 3249 τοῦ
706 3182 858 3269 Ἀρειανοῦ
873 3184 1048 3265 ἐπισκόπου,
1069 3194 1123 3252 τοῦ
1138 3186 1228 3253 πολλά
1242 3185 1417 3269 ἰσχύσαντος

271 3285 388 3376 πλοότφ
404 3309 434 3350 τε
450 3287 501 3349 καλ
517 3283 675 3372 αάστηρίμ,
703 3288 754 3351 καλ
769 3294 805 3375 τῇ
822 3285 897 3373 πρός
912 3284 965 3352 τόν
981 3289 1100 3369 βασιλέα
1119 3287 1322 3354 Κωνστάντων
1338 3286 1414 3371 γνοί-

271 3410 315 3454 σει
336 3414 365 3454 τε
386 3390 436 3453 καί
453 3390 608 3475 παρρησίᾳ.
645 3381 701 3452 Ἦν
717 3389 749 3452 δὲ
768 3391 819 3453 καλ
835 3387 920 3464 άλλος
934 3415 978 3463 τις
994 3388 1133 3475 νεοότερος
1154 3393 1186 3455 ἐν
1201 3397 1238 3478 τῇ
1253 3387 1336 3454 πόλει
1352 3384 1413 3455 dno*

270 3488 413 3577 Ἐβραίων
428 3487 531 3574 όρθῦς
543 3488 703 3569 πιστεῦον,
724 3488 758 3566 δς
771 3488 826 3556 οῦκ
842 3489 946 3573 ἐτόλμα
959 3489 1035 3555 κατά
1047 3490 1080 3556 τό
1097 3490 1235 3578 φανερόν,
1259 3486 1349 3556 Ι’άλλά
1363 3491 1416 3557 καλ

272 3598 428 3674 κρυφαίως
442 3590 520 3675 ήμᾶς
535 3593 733 3657 ἐπεσκέπτετο.
773 3591 914 3658 Πιθανόν
928 3593 961 3657 δέ
974 3619 1001 3657 τι
1018 3589 1188 3675 όἸοίσηπος
1202 3595 1253 3659 καλ
1266 3595 1417 3679 γελοιῦδες

272 3687 424 3775 ῦφηγεῖτο,
447 3691 527 3776 οἰμαι
543 3694 682 3759 δὲταῦτα
697 3693 742 3759 ότι
756 3697 806 3759 καλ
818 3692 971 3777 ήλήθευεν.
1004 3692 1141 3775 Ἔφασκε
1156 3694 1212 3782 γάρ
1225 3695 1272 3761 ὅτι
1286 3703 1416 3778 τελευτή,

273 3789 367 3872 σάσης
386 3801 438 3874 τῆς
460 3793 551 3861 αὐτοῦ
570 3801 713 3880 συμβίου,
747 3794 851 3872 δεδιιός
872 3795 913 3879 μή
935 3823 976 3878 πη
999 3794 1057 3879 άρα
1081 3794 1250 3883 άρπάζωσιν
1273 3794 1365 3863 αῦτόν
1388 3799 1420 3863 οἰ

274 3891 414 3978 Ἀρειανολ
433 3897 484 3959 καλ
504 3898 705 3981 καταστήσωσι
722 3897 862 3982 κληρικόν
885 3937 929 3949 -
953 3897 1093 3974 πολλάκις
1112 3896 1168 3985 γάρ
1189 3898 1418 3975 κολακεῦσαντες

274 3991 366 4061 αότόν
377 4003 537 4079 πεισθῆναι
549 4006 586 4087 τῇ
598 4002 704 4086 αἰρέσει
715 3997 909 4083 άπισχνοῦντο
919 4004 1051 4082 μείζονας
1064 3999 1229 4087 προκοπάς,
1245 4003 1352 4067 εἰδέων
1365 4002 1418 4066 κοιλ

309 4252 507 4303 cml-1.
526 4257 565 4304 Sic
582 4257 657 4307 editus
669 4260 725 4309 liber
737 4263 830 4323 οεετφιι
861 4262 997 4324 υυλςαιοοι,
1020 4262 1158 4323 praesertim
1177 4274 1230 4309 ιυιιι
1249 4261 1320 4309 eiiam
1335 4270 1419 4321 τουτο,

274 4325 296 4370 ιι
307 4322 360 4377 ωδ.
371 4321 469 4384 nmio.
495 4324 665 4400 λιιθοτιιοοίυι
677 4329 748 4376 latine
760 4331 832 4377 ιἰιιετ-
863 4326 1026 4399 weram„
1039 4327 1134 4386 κτίσεις
1147 4328 1419 4390 novamviam

272 4392 379 4450 putatus
390 4395 608 4455 cupos-emona.
625 4397 651 4439 ut
663 4391 768 4458 κτήσεις
780 4410 831 4445 cor-
897 4396 921 4446 2
939 4392 952 4450 ὁ
969 4399 1093 4446 articulum
1114 4398 1191 4445 τουσι
1209 4410 1238 4444 ια
1257 4396 1324 4445 om
1345 4396 1419 4444 νυνι.

273 4457 396 4517 εἰςεοάαιιι
411 4461 524 4508 tumuisse
538 4459 660 4521 videatur,
684 4465 746 4522 quod
761 4466 831 4512 ιιλοοι
864 4469 885 4512 εἰ
902 4466 999 4526 θλισίρ.

273 4525 332 4573 πάλιν·
351 4527 476 4586 probatum
496 4530 537 4577 ιιί.
571 4526 726 4579 mimium
746 4532 833 4579 τελλπιιλ
