3046 5084
397 339 533 391 nnunnn
549 340 613 397 ura.
626 341 647 392 r.
662 341 745 393 rona
757 342 801 393 ιιι.
817 341 917 392 nana.
928 343 1010 392 xnn.
1220 331 1282 395 625

127 459 280 545 quiequam
302 479 402 523 eorum
423 479 498 543 quae
517 461 626 546 soripta
643 470 713 525 sont
729 461 916 546 praeteriisse
933 461 1094 526 videamur.
1141 458 1281 525 Ceterum

125 563 157 627 iu
176 561 322 647 superiori
340 561 518 627 refutatione
533 562 748 648 improbitatem
766 562 844 631 iilius
863 585 897 626 ao
918 563 1090 627 calumniam
1108 563 1221 628 abunde
1241 565 1283 626 di·

127 664 314 833 ιωωῃὲιλιολ.
333 763 449 832 LVIII.
483 763 556 832 Illud
570 767 677 832 ademit
695 776 867 853 praeterea:
894 772 1019 850 Capillus
1034 774 1068 831 de
1086 774 1177 850 eapite
1192 781 1436 842 sermonicatus.

128 893 185 933 non
200 871 318 952 peribit.

214 968 520 1038 fletur.1.vltt.*
605 972 624 1014 *
709 973 726 1012 *
811 974 830 1014 *
916 975 935 1014 *
1019 975 1038 1015 *
1120 977 1140 1015 ¹⁸
1225 974 1244 1013 *

129 1073 1196 1118 *********=t*

191 1177 1245 1222 *assessurae

211 1278 315 1346 Sahal.
333 1276 423 1343 LIX.
456 1276 565 1344 lterum
584 1279 656 1345 baec
673 1281 807 1346 abstulit:
837 1287 913 1344 Tune
928 1288 980 1364 qni
993 1289 1023 1344 r'n
1039 1288 1143 1346 Iudaeo
1159 1287 1286 1367 sontfu·
1301 1310 1356 1356 ιιιι,
1369 1314 1401 1358 21.

128 1391 215 1468 gabat
233 1389 272 1447 ad
291 1396 397 1447 montes
416 1395 491 1458 eta,
524 1382 561 1447 ob
585 1405 620 1448 ea
642 1405 717 1469 quae
739 1395 916 1469 sequuntur:
949 1391 1043 1448 Donec
1065 1399 1290 1450 consummentur

128 1493 219 1551 ommia
241 1509 314 1570 pane
331 1491 439 1568 sumpto
459 1497 535 1548 sant.

213 1589 317 1654 Relut.
334 1585 422 1653 th.
457 1585 629 1653 Obliviosus
645 1588 692 1652 hio
708 1590 794 1654 bomo
809 1602 925 1654 ceteros
940 1592 984 1654 sui
1002 1612 1069 1654 esse
1086 1592 1208 1668 similes,
1234 1593 1288 1655 hoc

131 1705 178 1759 est
191 1694 332 1770 stolidos,
357 1691 519 1757 existimat.
562 1688 630 1754 Nee
644 1691 792 1776 intelligit,
817 1694 842 1757 si
862 1693 907 1756 rol
926 1695 1073 1758 minimam
1091 1695 1224 1759 voculam
1242 1715 1288 1757 re-

130 1795 265 1882 liquerit,
297 1817 360 1859 eam
383 1794 418 1857 ad
442 1814 509 1857 sese
532 1792 763 1858 convincendum
789 1796 898 1858 faeere.
946 1793 1064 1877 Quanto
1087 1798 1176 1880 igitur
1196 1797 1288 1879 magis

130 1920 195 1964 uum
213 1899 336 1985 plurima
352 1897 444 1963 verba
461 1897 496 1960 de
515 1897 661 1960 sententia
679 1896 825 1961 detrabit‘.l
869 1894 1067 1978 Quamobrem
1088 1899 1157 1962 lieet
1175 1899 1289 1962 mutila-

130 2003 169 2067 tis
192 2002 228 2066 iis
252 2002 288 2065 ab
309 2001 358 2064 illo
379 1999 554 2063 testimoniis
578 1999 635 2062 alia
655 1999 797 2083 quaedam
820 2021 895 2082 qnae
915 2001 1037 2084 ipsemet
1056 2001 1183 2063 admittit
1200 2022 1289 2085 oppo-

132 2125 215 2168 nere.
262 2099 347 2185 Quae
371 2124 436 2166 curn
459 2100 581 2165 sublatis
603 2101 639 2163 ab
662 2121 697 2164 eo
718 2102 837 2186 reliquis
860 2103 978 2165 omnino
1002 2112 1201 2166 consentanea
1224 2125 1289 2166 esse

132 2205 288 2271 constabit.
335 2203 488 2269 Eiusmodi
509 2213 578 2267 sunt
600 2203 648 2266 illa
672 2204 701 2267 iu
719 2205 823 2289 quibos
841 2205 1007 2268 Abraamus
1027 2215 1231 2290 postmortem
1249 2206 1289 2268 ita

133 2311 256 2394 loquens
271 2307 435 2373 iuduoitur:
460 2308 573 2377 Habent
583 2311 701 2386 Moysen
717 2319 747 2370 et
754 2311 924 2389 prophetam
949 2313 1024 2388 ipsos
1038 2311 1166 2369 audibat.
1205 2305 1290 2389 Quae

133 2411 211 2477 onim
228 2412 386 2497 prophetae
404 2431 439 2473 ao
454 2406 579 2495 Moyses
597 2408 753 2487 dixerunt,
785 2431 801 2473 a
821 2411 876 2474 deo
895 2421 965 2473 sunt
984 2421 1065 2495 patre
1082 2412 1230 2496 prolecta,
1262 2422 1292 2473 ot

133 2513 169 2583 ab
185 2515 311 2601 ipsomet
328 2513 374 2576 dei
392 2513 453 2576 lilio
470 2513 588 2577 domino
607 2521 725 2591 nostru,
752 2533 806 2576 neo
824 2535 881 2576 non
899 2523 930 2577 et
942 2513 1045 2597 spiritu
1063 2524 1183 2594 saneto,
1215 2533 1290 2597 quae

134 2616 250 2703 quidem
273 2617 406 2680 mandata
430 2614 547 2700 seriptis
568 2614 682 2700 impleri
706 2615 821 2700 penitus
845 2617 982 2700 oportuit.

219 2717 321 2785 Sohol.
338 2715 410 2783 LX.
444 2723 569 2781 Locutus
582 2730 627 2780 est
640 2740 702 2780 enm
716 2721 947 2799 mngr'rtrntr'dus,
972 2723 1198 2801 quemadmodum
1211 2722 1291 2780 allam
1305 2739 1400 2796 capta,
1412 2744 1430 2785 ι.

137 2827 264 2886 traderet
283 2827 333 2884 eie.

218 2923 323 2990 liciat.
341 2921 415 2987 LX.
449 2920 660 2988 OMaroionis
678 2923 878 2989 inoredibilem
898 2925 1071 2988 amentiam!
1119 2922 1193 3007 Quis
1214 2924 1290 2989 enirn

134 3027 210 3095 alius
232 3037 349 3114 praeter
372 3024 474 3091 ludam
498 3027 613 3092 locutus
639 3027 706 3091 est?
736 3038 788 3091 aut
813 3027 880 3112 quid
906 3029 1021 3091 tandem
1047 3029 1176 3092 fauturus
1200 3027 1290 3106 aliud,

134 3132 191 3197 nisi
207 3131 386 3196 salvatorem
403 3130 581 3194 traditurus?
625 3126 686 3193 lam
705 3151 777 3194 vero
796 3131 821 3194 si
840 3130 970 3194 salvator
989 3131 1127 3208 traditur,
1160 3132 1292 3215 prolecto

136 3256 195 3301 uon
214 3235 302 3298 inane
317 3232 458 3318 quoddam
476 3242 622 3318 spectrum
639 3243 716 3309 erat,
740 3233 791 3297 sed
806 3232 898 3296 solida
917 3233 1041 3296 bominis
1057 3244 1159 3296 natura
1176 3243 1290 3296 consta·

135 3337 196 3403 bat.
241 3335 319 3401 Nam
343 3336 368 3401 si
391 3335 461 3432 nibil
485 3346 602 3421 praeter
624 3333 757 3421 spiritum
779 3339 873 3414 toret,
907 3358 995 3399 earne
1015 3335 1153 3420 praeditis
1171 3335 1293 3399 homini-

133 3441 190 3506 bus
208 3440 281 3505 tradi
300 3439 466 3523 neutiquam
488 3450 599 3524 posset.
644 3435 725 3502 ldem
747 3459 819 3523 ergo
842 3440 913 3503 deus
931 3460 995 3502 eum
1015 3448 1111 3515 esset,
1145 3449 1293 3523 assumpta

136 3563 225 3608 rarue
244 3542 483 3607 contrectandum
505 3562 538 3605 se
557 3540 709 3626 praebuit,
733 3541 937 3626 bominumque
959 3541 1091 3605 manibus
1107 3551 1211 3626 sponte
1229 3562 1295 3625 per·

137 3646 228 3711 misit.
254 3642 334 3717 ‚Sat
358 3645 400 3708 illi
425 3644 498 3708 adeo
524 3644 603 3708 stulti
628 3654 712 3723 sunt,
744 3666 842 3709 seonrn
868 3655 899 3708 ut
921 3644 1053 3708 oratione
1077 3664 1131 3707 sua
1150 3654 1290 3730 pugnent.

135 3749 183 3814 Ao
202 3747 319 3813 memini
342 3767 389 3810 ma
407 3747 562 3832 aliquando
580 3769 644 3811 oum
662 3745 825 3812 Marcionis
844 3748 966 3832 quodam
986 3746 1127 3830 discipulo
1144 3747 1293 3832 disputan-

136 3863 213 3930 tem,
245 3872 310 3917 oum
333 3871 374 3914 ex
389 3850 545 3935 evangelio
564 3850 658 3914 l'oaunr
677 3851 756 3914 illum
774 3851 949 3929 obiicerem,
985 3871 1041 3933 quo
1061 3849 1089 3912 in
1108 3850 1173 3913 loco
1191 3851 1293 3914 duetus

136 3954 167 4019 in
184 3955 333 4020 desertum
352 3975 367 4017 a
387 3953 491 4039 spirito
511 3952 633 4030 dioitur,
665 3964 698 4017 ut
716 3964 879 4018 tentaretur
896 3975 912 4015 a
930 3952 1061 4031 diabolo,
1098 3951 1240 4015 eiusmodi
1258 3952 1293 4014 de

137 4056 187 4121 illo
204 4056 362 4121 abstulisse
379 4077 570 4141 responsum:
595 4053 653 4137 Qui
676 4056 741 4120 deri
760 4067 857 4142 potest
879 4067 910 4119 ut
931 4053 1089 4119 Satanasd
1074 4057 1158 4118 deum
1174 4076 1289 4136 verum,
1305 4081 1389 4131 mam
1396 4085 1416 4141 t
1428 4086 1445 4128 ι,

137 4251 158 4298 ιι
171 4248 227 4298 rdtt.
239 4250 316 4310 prino
350 4248 461 4298 Petooior
473 4235 595 4310 ιιιιιιιιη,
613 4248 697 4297 omisso
730 4247 785 4297 edit.
806 4247 881 4308 prino.
924 4248 1034 4297 Petuntur
1056 4247 1129 4297 edidit
1154 4240 1205 4298 ant
1245 4247 1294 4297 Sed

138 4308 201 4368 ἄλλ.
732 4316 920 4379 lroeoperorum,
932 4317 1046 4377 nitnttor,
1064 4328 1140 4365 errore
1152 4315 1294 4378 [adomari.

169 4382 212 4436 36.
230 4380 269 4437 Τὸ
286 4382 312 4436 τι
328 4399 434 4450 ποιησαι
450 4383 518 4433 codd.
535 4385 608 4434 lotio.
622 4389 644 4434 et
656 4385 699 4433 t'e
766 4383 808 4435 38.
828 4379 1000 4468 διαλεγόμενοι
1017 4385 1068 4433 cod.
1083 4385 1158 4434 Vertat.

136 4457 181 4503 aet.
215 4401 387 4516 τιιτοιῆσιιι,η
401 4455 485 4503 omisso
505 4453 545 4501 ttto
565 4447 621 4513 Ta,
647 4454 698 4502 rod
765 4448 854 4504 3915
875 4455 975 4519 πνεῦμα
999 4451 1036 4512 εἰς
1057 4450 1105 4518 τηι
1126 4449 1218 4519 ἔρημοι
1242 4455 1293 4503 cod.

137 4510 425 4585 summitatatem.
735 4523 810 4573 Vrnrt.

171 4585 439 4642 atticotorum.
461 4591 537 4640 Vener.
560 4590 658 4654 ltbrdip.
679 4595 700 4641 rt

190 4671 279 4727 Corpus
292 4669 427 4717 Ruermeol.
441 4670 471 4715 ll.
529 4715 532 4722 .
1049 4683 1089 4744 40
