3046 5084
403 354 537 408 Psttsntt
552 355 617 411 bib.
627 356 649 409 l.
666 356 750 411 Ml.
760 358 794 410 n.
809 358 908 410 naun.
922 359 1011 410 XXX.
1212 348 1272 410 275
1400 397 1404 403 .

135 477 162 542 ia
177 476 226 563 qui
242 476 320 542 illius
334 485 382 541 eat
394 493 500 539 oaussn
516 473 673 558 predantes
690 472 819 539 loannes
833 496 875 539 ex
889 475 986 540 divina
1000 475 1194 561 promissione
1211 475 1274 541 Eli·

135 578 260 643 nabetbr
276 584 436 663 prognatus
452 575 508 652 sit,
531 574 602 637 lieet
616 574 697 638 illum
717 584 871 658 autequam
891 588 1008 660 pareret
1024 587 1118 640 mater
1131 579 1274 662 parturie-

135 680 194 743 ritt
229 677 364 762 Quianam
380 697 453 760 ergo
470 677 567 738 [route
582 669 692 738 nutum
709 673 854 738 bominem
873 675 964 739 lubre
980 678 1154 741 salvatorem
1169 679 1276 741 audant

135 783 291 845 asserere?
313 778 400 863 Quod
416 777 442 840 si
456 794 559 839 verum
576 784 668 856 meat,
692 796 790 840 uouue
807 776 972 860 cognitione
992 778 1195 858 eomprehendi
1210 801 1277 864 poa—

135 894 199 960 set‚
223 891 426 963 contraquam
446 877 483 940 de
499 897 535 940 eo
551 875 716 940 Hieremias
732 879 875 942 testetur?
902 882 1006 951 Hono,
1030 877 1142 963 iuquit,
1164 892 1223 955 ear,
1246 893 1348 952 erm„⁴
1361 908 1424 962 1²2⁹-

135 990 201 1066 quir
217 991 367 1061 cognoscet
380 985 491 1060 prun?
518 975 636 1042 Etenim
652 978 690 1041 de
705 997 742 1042 eo
757 979 879 1063 loquens
894 978 1032 1064 propbeta
1049 979 1124 1043 istud
1138 992 1274 1067 usurpat:

138 1090 211 1165 (λᾶε
222 1093 374 1162 cognoscet
384 1085 497 1161 abiem
515 1078 607 1163 Atqui
622 1078 781 1165 eimplieoru
794 1080 820 1144 si
833 1079 978 1144 bominem
992 1081 1146 1166 intelligat,
1160 1083 1278 1147 omuino

137 1186 188 1249 vel
213 1204 279 1247 eum
301 1181 476 1268 pateripee,
505 1179 554 1244 rel
576 1188 670 1244 nater
691 1181 863 1266 cognatique
884 1202 1003 1261 omues,
1032 1203 1069 1247 ae
1087 1184 1193 1261 sinim,
1216 1193 1277 1248 tum

137 1284 364 1351 ooutuberunles
378 1303 413 1347 ao
431 1282 512 1347 eives
529 1292 753 1365 eoguosoereut.
788 1280 850 1346 lam
866 1302 938 1347 vero
954 1285 1090 1368 quoniam
1104 1286 1146 1348 ita
1160 1283 1277 1350 Mariae

141 1389 189 1452 ille
206 1389 282 1450 letus
296 1383 409 1463 extitit,
430 1383 508 1447 idem
522 1394 554 1447 ut
567 1384 614 1447 dei
630 1383 751 1447 verbum
767 1383 784 1448 e
803 1384 886 1448 ooelo
903 1385 1061 1470 prodierit,
1084 1407 1178 1470 ueque
1200 1388 1276 1451 virili

137 1488 319 1567 desemine,
340 1486 393 1549 ned
408 1485 528 1549 eoelesti
546 1495 628 1570 patre
647 1484 780 1568 genitus,
805 1485 869 1549 siue
890 1497 1020 1570 tempore
1041 1487 1182 1573 initioque
1204 1489 1274 1567 ullo,

139 1589 295 1676 postremis
308 1586 484 1672 temporibus
506 1587 535 1649 in
561 1599 673 1650 uterum
689 1585 837 1651 insinuare
854 1608 887 1650 ee
905 1587 1044 1670 virginis,
1068 1591 1277 1674 formatumque

137 1715 178 1756 ex
193 1711 228 1754 ea
242 1709 358 1753 caruem
375 1689 497 1751 iuduere
509 1686 618 1764 voluit,
642 1699 811 1772 propterea,
835 1694 922 1750 Homo
940 1694 1048 1770 quiden
1063 1703 1121 1765 est,
1145 1693 1206 1770 ait,
1228 1697 1280 1753 sed

134 1798 200 1875 qm's
216 1795 483 1872 eognoseetr’psnn5
506 1789 736 1872 quandoquidem
752 1790 854 1853 deuse
871 1791 953 1852 eoelo
971 1792 1132 1871 deseendit,
1151 1793 1278 1877 unigena

136 1894 232 1971 lilius,
261 1913 297 1956 uo
318 1891 390 1955 deus
412 1890 547 1954 verbum.
592 1885 652 1953 Sed
669 1889 846 1952 incredibilis
863 1891 1000 1973 quaedam
1020 1903 1068 1955 est
1083 1892 1277 1957 oberrantium

135 2019 156 2061 a
173 1995 296 2060 veritate
316 1995 438 2056 istorum
455 1989 612 2054 infelicitas
630 1989 680 2074 qui
696 1991 916 2074 prophetarum,
948 1992 1175 2077 angelorumque
1196 1994 1279 2059 testi·

138 2096 245 2161 mouiis
266 2094 376 2158 reliotis
394 2093 431 2158 ad
448 2091 626 2156 haeredem
642 2088 786 2155 Ebiouem
800 2090 1012 2155 adhaerescere
1026 2093 1206 2173 maluerunt,
1230 2096 1279 2178 qui

137 2220 179 2262 ex
198 2196 286 2261 animi
303 2196 348 2258 sui
370 2194 488 2257 libidine
507 2191 625 2256 ludaiea
642 2192 773 2255 instituta
796 2192 967 2276 complexus
983 2212 1051 2256 sese
1076 2203 1173 2258 tumen
1196 2193 1279 2258 alu·

138 2299 219 2363 danis
238 2296 426 2362 abalienavit.
469 2292 584 2380 Quippe
602 2291 724 2358 Gabriel
747 2315 811 2357 eum
827 2293 964 2357 *nuntium
986 2315 1071 2358 suum
1087 2296 1122 2358 ad
1137 2296 1278 2380 virginem

139 2403 300 2489 perferret,
323 2406 499 2461 oecurrente
518 2396 584 2476 illa,
615 2399 753 2474 Quomodo
771 2397 829 2475 fiet
845 2399 937 2469 otuu,
968 2401 1097 2477 qnonaiun
1114 2403 1203 2460 orbum
1223 2422 1279 2461 non

137 2524 294 2584 augensem
318 2519 375 2583 quo
391 2496 542 2562 nnnurituli
557 2497 725 2562 consuleret
741 2498 863 2574 adiecit,
887 2500 1012 2578 Spiritus
1029 2502 1136 2560 domrira‘
1147 2522 1277 2580 superue-
1290 2512 1344 2556 bue.
1359 2513 1418 2566 use.

138 2610 199 2668 niet
212 2610 242 2666 in
259 2615 302 2676 ta,
333 2612 363 2663 et
376 2604 467 2662 urbm
484 2600 805 2661 marmoreamque
816 2610 859 2673 te,
883 2603 998 2680 adeeqm
1015 2613 1045 2662 et
1058 2605 1133 2682 quod
1149 2614 1281 2664 noscetur

137 2715 376 2777 externearum,
401 2703 638 2782 eoonbt'turstd'us
655 2705 710 2763 dei.
756 2697 814 2764 Ubi
832 2720 884 2785 per
900 2700 972 2766 baec
988 2701 1094 2781 verba,
1128 2706 1209 2781 Oenei
1227 2726 1280 2766 ntev

139 2819 251 2879 menen,
276 2805 391 2890 abipsa
415 2821 549 2882 oaruem,
577 2813 609 2867 et
626 2801 761 2887 quioquid
784 2801 819 2865 ad
845 2803 998 2867 bumauam
1019 2815 1152 2869 naturam
1175 2804 1280 2869 attinet

139 2908 261 2972 duxisse
282 2906 445 2990 siguificat,
477 2914 538 2968 tum
554 2904 691 2968 virtutem
716 2903 869 2983 altissimi,
899 2926 934 2967 ue
954 2904 1086 2990 spiritum
1107 2918 1238 2971 sanetum
1262 2928 1279 2971 e

139 3009 223 3073 eoelo
254 3019 384 3072 sanetum
406 3006 551 3091 virginem
578 3004 785 3084 obumbrasse,
817 3004 1029 3091 unigenamque
1053 3008 1100 3072 dei
1127 3009 1216 3072 lilium
1246 3030 1280 3071 ne

140 3111 224 3173 deum
238 3108 360 3173 verbum
378 3107 408 3171 iu
424 3118 520 3171 terras
537 3107 687 3191 delapsum
704 3106 849 3169 bominem
866 3127 933 3171 esse
950 3109 1069 3188 laetum,
1092 3131 1127 3173 ae
1144 3111 1180 3173 de
1196 3109 1280 3172 beata

139 3211 254 3296 virgine
269 3230 375 3275 revera
389 3219 584 3295 proereatum.
616 3206 711 3291 Quam
727 3208 818 3272 multa
833 3221 902 3272 suut
917 3210 1081 3274 istiusmodi
1097 3210 1277 3275 testimonia!

139 3310 206 3398 Ego
221 3333 296 3376 vero
318 3311 555 3397 quemadmodum
579 3310 722 3396 pollicitus
747 3330 829 3390 oum,
861 3331 898 3375 ue
922 3310 1038 3396 longior
1061 3313 1116 3376 boo
1138 3312 1168 3376 iu
1192 3332 1284 3396 opere

138 3434 206 3479 ease
228 3435 333 3498 eugas,
357 3413 444 3478 latius
464 3413 584 3497 evagari
606 3433 664 3475 uou
686 3411 779 3477 soleo.

222 3513 320 3581 Venio
343 3534 421 3579 uuue
447 3515 484 3580 ad
506 3535 543 3579 ea
571 3533 646 3599 quae
666 3514 704 3578 de
726 3511 816 3578 Petro
840 3535 875 3578 ae
900 3513 1007 3578 noteris
1032 3513 1172 3599 apostolis
1196 3532 1432 3599 mancaputxl.

137 3617 260 3683 demur.
303 3622 419 3692 Petrus,
443 3616 592 3702 inquiunt,
616 3617 879 3698 habetquoteilr‘e,
898 3621 1064 3697 prinsquam
1080 3618 1171 3678 cibun
1189 3638 1281 3682 sunte-

137 3730 192 3782 rer.
237 3716 271 3784 lu
290 3740 348 3804 quo
367 3719 571 3784 oireuletorum
591 3717 734 3782 eiusmodi
748 3718 946 3782 iuoredibilem
965 3717 1155 3798 calumniam,
1178 3741 1213 3783 ae
1229 3743 1280 3785 va-

137 3820 287 3885 ferrimam
301 3822 331 3885 iu
349 3841 384 3886 ea
403 3821 543 3885 tradenda
561 3820 713 3906 diseipliua
726 3819 878 3884 eonsilium
893 3819 1020 3882 intuere.
1064 3817 1183 3885 Etenim
1204 3826 1281 3908 quod

137 3920 326 4007 inquinantur
347 3922 465 4009 saepius
486 3944 521 3986 ao
544 3942 598 4008 per
612 3922 761 3987 lasciviam
782 3924 919 4006 pleraque
935 3921 965 3983 iu
982 3920 1042 3985 vita
1059 3936 1198 4009 poeeuut,
1222 3948 1282 4010 que

138 4023 195 4088 sibi
213 4035 323 4090 eertum
343 4045 424 4111 spem
439 4045 475 4088 ne
495 4024 627 4089 lidueiam
650 4023 824 4103 ooneilient,
854 4044 926 4107 aqua
950 4022 1059 4108 largius
1081 4035 1220 4107 utuntur,
1248 4041 1282 4092 u

138 4124 252 4212 seipsos
273 4126 436 4212 decipiant,
468 4128 536 4190 dum
559 4125 692 4211 repetitis
721 4125 801 4188 bisce
826 4124 1019 4190 lavationibus
1043 4149 1132 4213 puros
1155 4150 1189 4193 se
1212 4150 1280 4194 esse

138 4247 225 4312 ponne
241 4229 400 4293 eoullduut.
434 4227 532 4313 Atque
548 4227 621 4291 bueo
637 4247 691 4313 pes
708 4247 847 4291 summam
866 4229 1067 4294 contumeliam
1085 4231 1115 4294 iu
1130 4234 1282 4318 apostolos

169 4477 196 4533 d.
215 4484 297 4536 Vm
313 4485 374 4539 baud
390 4501 437 4537 non
453 4487 521 4535 babet
537 4485 588 4535 eod.
601 4486 673 4534 Μία.
725 4489 747 4533 et
759 4485 796 4534 ed
811 4486 892 4537 Pelor-
918 4481 1022 4541 duriter
1037 4489 1195 4554 coetuum.
1209 4495 1230 4540 et
1244 4493 1283 4541 td

172 4549 234 4602 (lun.
249 4552 324 4604 xxt
337 4578 373 4595 ·-
398 4556 423 4606 l.
439 4547 542 4608 ὕπουλον
556 4553 690 4604 eod.l'utr‘o.
723 4555 799 4616 pune.
998 4629 1036 4690 18
1053 4624 1067 4653 *
