3046 5084
209 332 270 396 468
632 344 752 395 εισοοι
770 344 939 395 τοιειιιαιι

209 464 364 546 Αἴγυπτον
385 463 583 542 πεμφθέντες,
614 462 665 525 καί
682 464 713 525 οί
727 461 799 525 δέκα
818 457 991 539 άπόστολοι,
1022 458 1068 537 οἰς
1084 467 1270 548 φανεροῦται
1287 465 1361 547 μετά

208 561 260 645 τήν
277 565 387 648 ίγερσιν
403 560 536 647 όκύρισς
553 569 605 628 τοῦ
624 567 715 643 Θωμᾶ
732 560 773 645 μή
789 560 950 647 παρόντος,
979 560 1033 645 τήν
1049 561 1180 649 άόρατον
1195 565 1359 635 διετύπσυν

206 662 268 729 κατ’
290 663 398 740 αύτούς
419 666 546 730 Δεκάδα.

72 770 137 839 Κεφ.
153 767 191 832 ιζ’.
298 766 358 851 Τήν
373 766 549 833 Δνοδεκάδοι
569 768 615 846 δέ,
646 770 712 852 περὶ
732 767 770 849 ἣν
790 769 842 833 καί
862 765 895 832 τό
913 769 1075 853 μυστήριον
1089 775 1144 835 τοῦ
1160 768 1287 847 πάθους
1302 779 1356 839 τοῦ

206 867 401 955 ὑστερήματος
415 871 572 955 γεγονέναι,
595 872 624 946 έξ
639 862 677 934 οὗ
690 867 812 945 πάθους
827 867 863 932 τά
877 868 1038 951 βλεπόμενα
1051 870 1292 939 κατεσκευάσθαι
1302 876 1353 940 θέ-

204 980 313 1052 λουσιν,
337 971 486 1055 ἐπισήμως
500 974 550 1036 καὶ
566 979 702 1056 φανερῶς
715 976 847 1055 πανταχῆ
859 980 976 1037 κεῖσθαι
990 973 1131 1057 λέγουσιν,
1153 970 1196 1050 ῶς
1210 973 1285 1053 τούς
1298 974 1354 1043 δῶ-

204 1078 276 1139 δεκα
291 1074 375 1150 υἱούς
396 1081 469 1139 ιτοῦ
485 1072 606 1157 Ἰακῶβ,
635 1077 663 1150 έξ
680 1066 722 1139 ῶν
738 1076 789 1139 καί
806 1075 931 1139 δεκαδύο
948 1076 1054 1155 φυλαί,
1076 1077 1126 1139 καί
1144 1074 1177 1140 τδ
1195 1078 1301 1161 λόγιον
1319 1076 1352 1143 εδ

203 1175 354 1242 ποικιλτδν
373 1176 486 1242 διόδεκοι
503 1181 607 1252 λίθους
622 1179 703 1260 έχον,
734 1179 784 1241 καί
806 1175 874 1252 τούς
892 1179 1007 1242 δοίδεκα
1022 1178 1179 1258 κοίδοενας,
1209 1180 1263 1245 καί
1282 1178 1352 1257 τούς

202 1276 261 1344 ύπδ
282 1282 438 1355 Μωϋσέως
454 1281 592 1354 τεθέντας
608 1276 667 1343 ύπδ
684 1278 717 1344 τδ
734 1277 804 1364 δρος
819 1277 933 1344 δῶδεκα
948 1284 1071 1359 λίθους,
1093 1277 1235 1357 ῶςαύτως
1251 1282 1285 1349 δί
1301 1285 1350 1347 καλ

203 1380 272 1457 τούς
288 1379 347 1447 ύπό
361 1381 457 1463 Ἰησοῦ
472 1384 502 1446 έν
518 1387 557 1470 τῷ
571 1389 707 1469 ποταμῷ,
730 1384 780 1445 καί
795 1379 899 1458 άλλους
914 1384 955 1458 εἰς
969 1379 1001 1447 τδ
1015 1382 1122 1466 πέραν,
1144 1384 1197 1447 καί
1210 1381 1286 1459 τούς
1298 1388 1348 1469 βα-

202 1483 355 1561 στάζοντος
371 1482 425 1566 τήν
438 1482 565 1567 κιβωτόν
578 1491 630 1566 τῆς
647 1482 808 1567 διαθήκης,
830 1486 881 1549 καὶ
899 1483 968 1560 τούς
984 1481 1043 1549 ύπδ
1059 1481 1141 1573 Ἠλίᾳ
1156 1488 1350 1567 τεθειμένους

202 1588 233 1651 έν
254 1594 289 1675 τή
308 1584 501 1652 όλσκαντῶσει
522 1595 576 1651 τοῦ
597 1584 724 1668 μόσχου,
753 1588 803 1651 καὶ
820 1584 870 1650 τόν
889 1583 1020 1668 άριθμδν
1038 1586 1070 1651 δέ
1087 1593 1146 1652 τῶν
1162 1584 1348 1671 άποστόλυν,

200 1691 251 1754 καὶ
267 1692 362 1753 πάντα
377 1686 477 1764 άπλῶς
494 1688 549 1753 ὅσα
565 1687 614 1754 τόν
631 1690 797 1753 δωδέκατον
814 1686 944 1772 άριθμδν
961 1688 1094 1768 διασώζει
1107 1687 1162 1772 τήν
1180 1691 1347 1759 Δωδεκάδο

200 1788 297 1856 αὐτῶν
313 1797 529 1876 χαρακτηρίζειν
548 1792 669 1875 λέγουσι.
718 1790 778 1874 Τήν
798 1791 829 1855 δέ
850 1788 963 1856 τούτων
980 1791 1099 1857 πάντων
1114 1794 1221 1859 ένοοσιν
1239 1792 1345 1879 ὄνομα·

199 1897 322 1977 ζομένην
343 1896 544 1978 Τριακοντάδα
563 1892 611 1959 διά
629 1901 681 1975 τῆς
697 1892 851 1979 τριάκοντα
869 1901 970 1975 πηχῶν
991 1891 1024 1959 τδ
1042 1892 1123 1975 ὕψος
1141 1896 1191 1960 ἰπί
1210 1902 1285 1963 Νῶε
1303 1924 1344 1965 κε·

198 2001 310 2080 βωτοῦ,
343 2000 393 2062 καί
413 1995 461 2061 διδ
477 1995 619 2079 Σαμονήλ
637 2001 860 2072 κατακλίναντος
876 1994 928 2061 τόν
942 1994 1042 2061 Σαούλ
1059 1998 1091 2062 έν
1106 2005 1170 2073 τοῖς
1186 1998 1346 2083 τριάκοντα

196 2107 312 2181 κλητοῖς
328 2105 459 2185 πρῶτον,
488 2100 538 2165 καί
556 2097 605 2163 διά
621 2101 733 2181 Δαβὶδ,
761 2097 808 2163 ότε
826 2100 875 2164 έπί
891 2097 1047 2183 τριάκοντα
1062 2095 1188 2185 ἡμέραις
1204 2100 1343 2187 έκρύβεεο

198 2205 229 2268 έν
243 2208 282 2291 τῷ
297 2200 392 2291 άγρῷ,
413 2205 463 2267 καί
482 2201 529 2267 διά
545 2209 603 2266 τῶν
619 2200 862 2276 συνειςελθόντων
876 2200 955 2290 αὐτῶ
971 2204 1013 2277 εἰς
1027 2198 1061 2267 τδ
1075 2202 1222 2285 σπήλαιον
1239 2206 1342 2291 ’τριά-

194 2331 297 2384 κοντα,
325 2308 375 2370 καί
398 2305 446 2370 διά
467 2312 555 2370 τοῦτο
573 2302 606 2369 τό
626 2309 719 2387 μήκος
737 2307 873 2389 γίνεσθαι
888 2311 941 2386 τῆς
958 2301 1043 2389 άγίας
1057 2309 1168 2387 σκηνῆς
1182 2308 1343 2389 τριάκοντα

194 2413 308 2491 πηχῶν·
337 2409 388 2473 καί
407 2412 435 2473 εἰ
448 2434 512 2473 τινα
530 2405 599 2471 άλλα
617 2404 761 2491 ἰσάριθμα
778 2405 895 2481 τούτοις
911 2402 1094 2490 εύρίσκουσι,
1122 2404 1179 2490 τήν
1199 2414 1340 2494 Toum

192 2510 268 2575 τάδο
290 2507 387 2577 αύτῶν
407 2509 457 2576 διά
478 2516 538 2575 τῶν
559 2507 700 2575 τοιούτων
721 2507 919 2575 ἐπιδεικνύναι
939 2513 1159 2595 φιλεριστοῦσιν.

60 2809 128 2878 Κεφ.
143 2807 185 2876 ιη’.
282 2797 477 2885 1Ἀναγκαῖον
489 2798 644 2885 ήγησάμην
657 2807 829 2886 προςθεῖναι
843 2797 959 2875 τούτοις
971 2801 1020 2864 καί
1036 2798 1092 2865 δσο
1105 2801 1176 2885 περί
1187 2808 1245 2867 τοῦ
1259 2806 1337 2889 Προ-

191 2899 318 2988 πάτορος
336 2901 447 2981 αὐτῶν,
478 2901 512 2979 δς
528 2902 677 2987 άγνωστσς
692 2895 732 2985 ήν
747 2910 809 2978 τοῖς
825 2909 897 2967 πάσι
916 2898 975 2986 πρό
992 2907 1045 2985 τῆς
1061 2907 1115 2967 τοῦ
1135 2908 1269 2989 Χριστοῦ
1282 2930 1336 2971 πει·

190 3009 326 3089 ρονσίας,
357 3006 520 3090 ἐκλέγοντες
538 3008 570 3070 έκ
589 3012 647 3070 τῶν
663 3011 786 3089 γραφῶν
802 3008 917 3070 πείθειν
933 3006 1139 3089 έπιχειροῦσιν,
1171 3000 1212 3071 ἵν’
1229 3008 1334 3073 ἰντιδιί·

189 3111 259 3182 ξωσι
281 3105 333 3172 τόν
348 3106 453 3192 κύριον
468 3106 551 3190 ήμῶν
568 3106 653 3173 άλλον
668 3108 893 3193 καταγγέλλοντα
908 3108 1019 3193 πατέρα
1038 3103 1119 3192 παρά
1138 3104 1192 3173 τόν
1209 3104 1337 3193 ποιητήν

189 3213 274 3275 τοῦδε
295 3217 347 3274 τοῦ
369 3208 495 3289 παντός,
527 3210 577 3289 δν,
608 3208 712 3285 καθῶς
732 3211 917 3295 προέφαμεν,
946 3206 1119 3293 άσεβοῦντες
1134 3204 1336 3297 άστερήματος

69 3344 119 3391 μσς.
131 3332 176 3378 ²⁵³.
189 3311 304 3399 καρπόν
321 3310 396 3378 εἰναι
414 3315 537 3397 λέγουσι.
585 3312 643 3378 Τόν
661 3319 732 3398 γοῦν
748 3312 904 3396 προφήτην
919 3310 1040 3377 Ἡσαΐαν
1060 3309 1196 3393 εἰπόντα,
1223 3308 1335 3401 Ἰσραήλ

187 3418 220 3480 δέ
242 3441 277 3499 με
298 3413 353 3481 ούκ
373 3419 461 3499 ἔγνω,
491 3417 541 3479 καὶ
561 3412 579 3479 δ
594 3413 665 3491 λαός
681 3441 716 3497 με
734 3413 771 3480 ού
787 3423 911 3498 συνήκε,
939 3413 994 3497 τήν
1010 3421 1063 3481 τοῦ
1080 3410 1214 3501 άοράτου
1229 3418 1335 3483 Mo&

187 3517 333 3603 άγνωσίαν
352 3519 497 3603 εἰρηκέναι
513 3516 739 3603 μεθαρμόζουσι.
783 3519 844 3581 Καὶ
859 3515 908 3582 διά
922 3514 1009 3599 Ὠσηέ
1025 3516 1058 3583 τό
1073 3518 1246 3601 εἰρημένον,
1270 3514 1332 3585 Ούε

186 3623 263 3685 ἔστιν
285 3624 316 3687 έν
334 3618 434 3696 αὐτοῖς
451 3618 577 3702 άλήθεια
594 3618 663 3686 οὐδὲ
681 3622 836 3705 ἐπίγνωσις
853 3625 944 3699 θεοῦ,
974 3622 1016 3696 εἰς
1032 3616 1066 3685 τδ
1084 3616 1158 3686 αύτδ
1174 3626 1333 3689 συντείνων

185 3722 346 3805 βιάζονται·
378 3725 445 3800 καί,
478 3720 541 3787 Ούκ
558 3725 636 3787 έστιν
653 3719 672 3787 ό
684 3722 794 3787 σονιῶν
809 3721 830 3804 ἢ
844 3725 970 3805 ἐκζητῶν
982 3720 1034 3788 τόν
1050 3718 1137 3787 θεόν·
1168 3721 1331 3803 πάντεςίξ·

185 3827 314 3903 έκλιναν,
343 3823 404 3906 άμα
420 3822 640 3909 ι’γγρειῶθησαν,
671 3826 721 3890 έπί
743 3832 795 3907 τής
816 3832 870 3890 τοῦ
889 3831 995 3891 Βυθοῦ
1016 3822 1164 3911 άγνωσίας
1186 3824 1330 3895 τάττουσι

186 3929 245 3991 Καλ
267 3924 300 3991 τό
323 3925 372 3991 διά
389 3930 545 4003 Μωϋσέως
567 3928 624 3991 2δέ
641 3929 808 4011 εἰρημένον,
842 3925 949 4005 Ούδείς
969 3926 1078 4010 ὄψεται
1094 3925 1145 3995 τόν
1159 3926 1255 4011 θεῶν,
1281 3930 1330 3997 ul

183 4030 312 4113 ζήσεται,
335 4031 375 4103 εἰς
388 4032 500 4096 ἐκεῖνον
514 4034 588 4112 έχειν
601 4034 741 4096 πείθουσι
756 4028 809 4113 τήν
824 4027 988 4112 άναφοράν.
1036 4029 1096 4096 Τδν
1108 4030 1162 4115 μέν
1176 4029 1233 4119 γάρ
1247 4058 1327 4117 ποις·

181 4131 235 4213 τήν
249 4131 478 4214 έπεψευδόμενοι
493 4129 550 4198 ύπδ
565 4140 623 4198 τῶν
636 4140 798 4218 προφητῶν
811 4135 963 4217 ἑωρᾶσθαι
975 4135 1100 4219 λέγουσι,
1113 4130 1147 4199 τά
1160 4134 1206 4215 δί,
1223 4132 1329 4213 Ούδείς

182 4232 288 4314 δψεται
305 4232 357 4299 τόν
373 4233 461 4314 θεόν,
491 4236 542 4299 καί
557 4235 683 4318 ζήσεται,
711 4237 778 4321 περὶ
792 4240 847 4301 τοῦ
861 4232 991 4321 άοράτον
1005 4236 1152 4321 μεγέθους
1166 4238 1219 4303 καί
1235 4234 1327 4327 ‹ip-'-

216 4372 273 4423 Cn’.
288 4375 349 4424 XVI
354 4377 370 4425 λ.
383 4403 414 4412 -
435 4374 526 4435 1.τοῦ,
543 4377 737 4438 ςιασοτιιστιο-
768 4379 871 4427 τιτνσνίλ
885 4379 937 4426 cod.
955 4378 1067 4438 Υτπτλοε,
1090 4377 1117 4425 {a
1135 4388 1183 4439 ρειο
1201 4380 1255 4429 du
1267 4376 1329 4443 qd

179 4447 218 4491 tur
231 4445 255 4491 ι’τι
272 4445 325 4492 εδει..
338 4447 428 4505 μῶσα,
443 4446 548 4504 primum
563 4458 592 4494 τε
609 4446 682 4496 Vatia.
698 4458 737 4495 ιο·
768 4448 839 4509 νιελγο
851 4448 934 4509 tegitur
947 4446 1069 4495 commenti
1080 4436 1190 4511 Ἰσραήλ
1201 4446 1328 4511 διετεκμ-

180 4512 230 4560 dice
247 4513 331 4561 adiecit
348 4513 467 4563 Ριλονίιιι.
767 4534 828 4580 ,μω
841 4514 987 4581 nummi:
1017 4530 1122 4581 mm
1134 4528 1167 4593 μγ,
1179 4530 1326 4585 du*

212 4596 237 4647 ⁸2.
253 4597 354 4658 λιμοεαε
365 4599 492 4658 omninum
501 4598 652 4661 scripturam,
664 4612 736 4661 ροαιο
767 4602 873 4661 lemme·
887 4598 986 4650 ίττεεοελ
