3046 5084
371 373 508 428 PANARH
525 374 588 426 m.
603 375 623 427 1.
638 375 719 429 ΤΟΜ.
733 375 778 429 nt.
794 375 892 427 HAER.
906 376 1035 427 XXXIX.
1217 363 1278 425 533

133 495 355 561 couversionem
374 516 391 557 a
405 490 526 559 Christo
544 493 688 580 repudiari
704 494 808 560 iniciix
824 494 1043 572 animadvertit,
1068 517 1102 559 os
1116 496 1193 560 illico
1209 518 1278 561 con-

133 609 176 661 tra
192 597 337 661 dominum
355 596 484 682 aperuit,
509 617 543 659 ac
558 597 789 660 maledicentiam
806 617 919 660 omnem
934 597 1073 659 evomuit.
1118 595 1197 680 Quin
1213 620 1277 661 eam

131 710 256 762 mentem
275 699 438 762 bominibus
455 698 571 775 iniecit,
597 709 628 761 ut
644 719 716 762 vero
733 709 897 782 contempto
913 699 967 760 deo
983 699 1068 760 alium
1085 699 1131 782 qui
1149 701 1279 783 nuspiam

131 812 210 865 esset
228 803 419 885 inquirerent.
466 799 531 864 Hoc
550 799 639 885 igitur
656 801 742 864 modo
761 797 917 863 Setirianos
939 800 968 862 in
990 799 1118 862 fraudem
1141 802 1279 887 impulsos

132 925 198 968 esse
213 905 403 988 undequaque
419 902 575 966 constabit.
609 899 758 987 Siquidem
773 899 881 966 Setbus
897 902 963 964 oiim
979 915 1109 965 mortuus
1124 913 1181 980 est,
1198 915 1279 967 snut-

131 1028 186 1091 que
203 1007 265 1068 eius
281 1006 385 1068 aetatis
401 1004 468 1067 anni
485 1003 650 1089 perscripti.
695 1001 772 1067 Nam
787 1025 851 1066 cum
866 1025 957 1066 annos
977 1003 1101 1067 vixisset
1115 1002 1174 1068 Xil
1191 1028 1279 1090 supra

130 1103 289 1185 DCCCC,
322 1127 361 1169 ex
380 1106 433 1169 bac
452 1105 512 1169 vita
530 1105 681 1183 discessit,
712 1105 760 1169 ubi
776 1126 867 1169 sexus
884 1106 1033 1188 utriusque
1053 1106 1159 1170 iiberos
1178 1130 1279 1172 susce·

130 1211 188 1296 pit,
211 1221 241 1273 ut
259 1208 365 1271 divinis
383 1208 475 1270 diteris
493 1207 635 1293 proditum
652 1217 709 1270 est.
755 1204 905 1272 Successit
921 1207 995 1291 patri
1011 1209 1102 1286 fitius,
1127 1208 1209 1274 [dnos
1226 1232 1278 1274 uo·

130 1312 222 1389 mine,
247 1311 294 1395 qui
313 1331 405 1374 annos
423 1309 498 1372 vixit
515 1304 701 1387 dccccv,
725 1321 755 1372 et
772 1310 852 1394 prode
869 1330 961 1371 sexus
978 1310 1128 1394 utriusque
1145 1312 1279 1376 similiter

129 1426 230 1478 anctus
245 1413 363 1478 vivendi
379 1413 464 1474 finem
481 1412 568 1491 iecit3
593 1422 624 1475 nt
641 1412 740 1475 eadem
759 1411 808 1474 idn
825 1410 979 1474 verissima
996 1413 1104 1498 scripta
1121 1423 1274 1477 testantur.

161 1595 166 1603 ι
213 1514 365 1599 Quaenam
383 1535 455 1597 ergo
472 1514 547 1576 ratio
565 1514 673 1598 patitur
690 1510 810 1578 Setbnm
829 1514 932 1592 istum,
964 1514 1059 1598 quiet
1077 1516 1127 1578 ἰΙΙο
1145 1526 1275 1601 tempore
1295 1525 1354 1595 cap.
1369 1529 1403 1580 X

129 1629 260 1682 mortuus
283 1628 329 1681 est
351 1628 380 1680 et
401 1616 475 1679 filios
496 1616 629 1700 reliquit,
662 1616 709 1700 qui
730 1638 812 1679 suum
834 1638 946 1700 quoque
967 1617 1045 1679 ritae
1067 1628 1179 1703 tempus
1197 1621 1277 1682 obic-

129 1730 213 1798 runt,
237 1716 386 1785 Christum
403 1738 471 1780 esse
490 1718 652 1795 dominnm,
685 1719 732 1802 qui
750 1719 1013 1804 repraesentandae
1033 1718 1179 1782 bominum
1199 1722 1277 1784 vitae

130 1845 164 1887 ac
180 1821 282 1886 salutis
298 1821 444 1884 desiderio
460 1821 496 1883 de
513 1821 626 1903 virgine
642 1821 680 1883 sit
695 1817 792 1882 Maria
808 1831 911 1898 natus,
934 1821 1088 1883 cumidem
1104 1836 1171 1886 aute
1191 1845 1276 1886 omne

131 1937 242 2010 tempus
256 1934 337 1986 esset
351 1944 368 1986 e
384 1934 466 2007 patre
483 1922 611 2006 genitus,
634 1922 707 2006 apud
723 1941 806 2004 quem
824 1932 962 2005 perpetuo
980 1934 1087 2000 manet,
1112 1924 1182 1986 deus
1200 1926 1273 2009 ipse,

129 2025 319 2109 Verbumqne
335 2026 519 2088 subsistens?
548 2021 606 2107 Qui
623 2024 778 2108 postremis
794 2024 971 2107 temporibus
987 2024 1110 2086 venitin
1127 2026 1273 2103 mundum,

130 2141 220 2193 etex
243 2128 366 2211 virginis
388 2127 490 2190 matris
512 2139 596 2190 ntero
615 2127 707 2190 efficta
727 2125 782 2188 sibi
803 2146 891 2187 carne
913 2136 999 2209 atque
1019 2126 1193 2190 circumfusa
1216 2139 1274 2191 turn

128 2242 276 2317 assumpta
298 2229 384 2294 simul
399 2229 501 2292 'anima
523 2228 651 2291 numeris
674 2229 807 2291 omnibus
827 2229 975 2291 absolutus
999 2228 1084 2293 bomo
1106 2232 1198 2292 iactus
1217 2241 1273 2310 est,

129 2345 232 2421 postea
254 2354 326 2396 vero
353 2352 438 2415 quam
464 2331 542 2394 vitae
567 2330 650 2393 nubis
675 2330 816 2414 mysteria
843 2332 1056 2416 praedicasset,
1092 2331 1217 2394 iustitiae
1245 2333 1275 2395 in

129 2437 242 2521 agendo
256 2435 384 2498 cultores
401 2434 558 2519 discipulos
574 2431 740 2512 constitnit,
767 2453 801 2495 ac
817 2443 875 2495 tum
893 2454 944 2518 per
958 2455 1041 2511 sese,
1067 2444 1126 2496 tum
1144 2454 1195 2518 per
1208 2434 1274 2499 illos

129 2539 283 2602 bumannm
303 2557 397 2620 genus
416 2535 584 2621 discipliuae
603 2556 674 2598 suae
693 2536 874 2598 documentis
891 2537 1007 2599 erudiit.
1052 2535 1159 2621 Neque
1178 2548 1272 2600 tamen

130 2650 179 2705 aut
194 2638 401 2704 Setbicuorum
418 2639 469 2702 itta
483 2641 617 2724 dogmata
634 2638 765 2716 tradidit,
790 2647 839 2701 ant
856 2639 910 2700 sibi
926 2638 981 2723 ipsi
999 2636 1083 2703 Setbi
1098 2661 1202 2702 ruomen
1220 2639 1274 2702 im·

129 2743 242 2829 posnit;
264 2742 292 2804 id
309 2743 384 2824 quod
402 2742 514 2805 suenni
534 2741 573 2804 iili
591 2751 767 2825 nugatores,
792 2761 825 2804 ac
844 2742 923 2804 velot
938 2742 1028 2819 ebrii,
1053 2742 1274 2807 merulaeissimc

128 2843 307 2930 praedicant.

213 2943 323 3010 Verum
344 2967 408 3009 cnm
426 2946 511 3009 hodie
529 2966 669 3010 sommam
688 2945 723 3008 ad
741 2945 914 3031 paucitatem
933 2946 1064 3009 haeresis
1081 2947 1137 3010 ista
1156 2947 1274 3012 redacta

127 3051 182 3128 sit,
206 3070 264 3112 non
282 3068 405 3112 necesse
423 3048 508 3111 babui
526 3047 654 3112 uberiori
670 3048 747 3111 iilam
767 3052 899 3111 oratione
918 3050 1070 3130 resedere,
1095 3051 1273 3134 proindeque

128 3172 202 3238 qnae
218 3152 358 3214 bactenus
372 3160 441 3213 sunt
454 3151 529 3214 dieta
543 3151 696 3214 sufficiunt.
734 3147 912 3214 Praesertim
927 3153 1001 3235 quod
1017 3152 1131 3216 itionum
1147 3153 1273 3216 amentia

128 3253 290 3340 expugnari
308 3252 391 3315 iaciie
409 3262 521 3336 potest,
546 3273 637 3338 seque
651 3254 725 3317 adeo
740 3253 831 3338 ipsam
849 3254 996 3317 convincit
1012 3275 1046 3316 ac
1065 3254 1190 3337 detegit3
1215 3277 1273 3319 uon

128 3358 220 3422 solum
243 3356 318 3440 quod
341 3355 375 3418 ad
396 3356 536 3418 educendi
553 3351 664 3420 Cbristi
686 3356 829 3418 rationem
848 3355 951 3418 attinet
967 3356 1222 3441 plenissimamque
1240 3359 1273 3421 il-

127 3461 183 3524 lam
199 3458 360 3522 calumniae
377 3457 550 3538 doctrinam,
575 3479 630 3542 qna
644 3455 766 3522 Sethum
781 3459 903 3522 eundem
919 3479 984 3521 esse
999 3481 1064 3522 cum
1081 3454 1200 3523 Christo
1214 3471 1273 3523 sta-

126 3573 212 3626 tuunt
232 3583 266 3623 ac
285 3560 517 3646 pertinacissime
536 3571 669 3640 tuentur,
699 3562 906 3625 verumetiam
930 3561 1004 3644 quod
1028 3562 1063 3622 de
1082 3561 1194 3628 duobus
1215 3564 1272 3628 iliis

127 3664 291 3728 bominibus
308 3672 491 3728 asseverant.
536 3659 613 3726 Nam
628 3663 653 3726 si
671 3664 876 3743 montesilice,
900 3685 972 3747 quus
987 3658 1136 3742 Δυνάμεις
1153 3678 1270 3747 vocant,

125 3766 306 3854 superiorem
333 3767 456 3851 aliquam
483 3765 624 3850 originem
650 3777 828 3850 agnoscunt,
862 3768 992 3851 proiecto
1016 3787 1090 3849 quae
1121 3789 1136 3829 a
1161 3771 1271 3834 duabus

126 3882 195 3936 snnt
211 3881 312 3955 gesta,
337 3891 395 3933 raon
411 3869 476 3932 sine
492 3871 577 3932 nnius
595 3869 723 3950 anxilio,
747 3890 831 3954 quarn
849 3869 974 3932 omnium
990 3867 1118 3933 Matrem
1135 3892 1202 3935 esse
1222 3873 1272 3934 de-

125 3973 240 4053 finiunt,
258 3973 320 4036 beri
335 3972 490 4056 perficique
505 3982 671 4057 potnerunt.
714 3972 761 4035 Ab
777 3992 833 4035 uua
849 3972 952 4056 quippe
967 3993 1070 4035 caussa
1086 3974 1187 4037 ambae
1205 3975 1270 4038 iiiuc

126 4086 238 4140 mentes
255 4077 404 4161 proiectae
420 4085 505 4153 aunt,
537 4075 602 4137 sine
621 4095 678 4158 qua
695 4074 764 4137 nihii
782 4075 899 4137 omuino
917 4095 956 4138 ex
974 4073 1010 4137 iis
1029 4087 1187 4159 quaesunt
1205 4099 1270 4162 pro-

126 4178 191 4241 duci
207 4179 311 4263 potuit.
358 4174 400 4240 ita
417 4176 530 4240 tandem
550 4197 585 4240 eo
602 4176 771 4265 necessario
785 4187 948 4257 recurrent,
974 4199 1060 4241 uuum
1078 4190 1109 4242 ut
1125 4180 1270 4244 domiuum

126 4301 223 4345 rernm
239 4281 365 4344 omnium
382 4290 412 4342 et
423 4289 570 4342 auctorem
584 4301 618 4344 ac
633 4279 811 4344 conditorem
825 4279 1203 4360 universorumadmittaut,
1222 4283 1269 4346 ubi

126 4384 216 4447 semei
240 4383 410 4469 principium
434 4381 548 4445 unicum
572 4402 638 4446 esse
661 4381 874 4468 comprobatum
903 4383 1001 4446 fuerit.
1053 4383 1106 4447 His
1128 4385 1269 4449 adversus

126 4486 200 4550 banc
218 4485 353 4550 haeresin
372 4484 542 4570 disputatis,
571 4504 605 4548 ac
624 4486 763 4570 pestifero
780 4485 894 4549 iliorum
910 4487 992 4552 velut
1008 4487 1135 4571 aspidum
1154 4509 1268 4552 veneno
