3046 5084
380 358 724 424 consulisconsuls.
739 372 770 422 n.
788 370 886 423 naon.
901 372 1029 424 xxxtrr.
1221 361 1283 424 415

135 509 228 575 nugas
250 487 316 552 illss
339 487 513 551 decidendas
536 487 666 574 putabit,
699 498 785 574 atquc
807 510 846 554 ex
870 491 928 555 illis
949 491 1021 577 ipsis
1043 512 1119 577 qnae
1139 492 1287 577 disputant

134 590 374 677 quemadmodum
393 589 516 653 relutsri
533 589 648 675 possint
662 590 811 676 perspicit.
856 588 891 655 Si
908 591 1022 676 quidem
1038 593 1100 656 suis
1117 593 1171 679 ipsi
1189 594 1288 657 vanis-

133 693 216 757 simis
231 691 390 757 mendaciis
407 703 511 756 contrs
525 712 558 755 se
575 680 678 756 armati
694 712 762 756 esse
779 692 892 777 penitus
909 704 1081 778 arguuntur.
1116 693 1193 758 Volo
1209 694 1286 758 enim

133 795 202 859 mihi
225 793 446 880 respondeatis,
478 815 497 858 o
517 791 679 858 Ptolemaei
702 815 804 859 omnes
827 816 862 859 ac
883 792 1090 876 Ptolemaeae,
1123 798 1199 860 unde
1220 797 1288 860 illae

133 896 217 963 vobis
233 895 323 983 Bytbi
338 917 510 977 mensurae,
534 917 570 961 ac
584 907 718 982 partuum
735 896 1007 977 obstetricationes‚
1031 910 1061 963 et
1076 898 1222 963 variarum
1237 918 1288 983 ge·

134 1001 319 1065 necationum
336 1000 475 1085 cognitio.
521 994 573 1063 Sic
590 998 667 1062 enirn
685 1009 820 1083 tauquam
835 1013 1008 1084 praesentes
1025 1000 1229 1078 interfueritis,
1253 1021 1287 1064 sc

134 1102 305 1167 coelestium
334 1113 467 1167 naturam
492 1100 678 1186 contemplati
702 1101 783 1179 sitis,
818 1101 876 1166 imo
899 1100 1130 1188 Bythnm{]illum
1156 1113 1286 1167 vestrum

135 1204 372 1285 antecesseritis,
395 1224 496 1269 esrom
515 1204 601 1268 nobis
617 1224 715 1267 rerum
733 1203 884 1268 scientiam
903 1205 1070 1269 ostenditis.
1113 1205 1204 1289 Atqui
1223 1205 1285 1269 nnl-

134 1305 180 1370 lus
201 1304 231 1370 id
247 1328 370 1392 unqusm
386 1328 404 1371 e
420 1306 625 1393 prophetarunt
645 1327 768 1370 numero
784 1306 876 1387 dixit,
900 1329 959 1371 non
978 1304 1103 1393 Moyses
1119 1307 1202 1394 ipsc,
1226 1329 1285 1372 non

134 1406 242 1495 Moyse
259 1409 339 1497 prior
355 1409 459 1493 aliquis
476 1410 522 1473 vel
537 1407 702 1498 posterior,
727 1430 784 1472 non
802 1410 1066 1493 evangelistarum,
1092 1431 1150 1474 non
1167 1420 1285 1496 aposto-

134 1512 227 1575 lorum
243 1511 366 1599 deniqne
381 1512 534 1597 quispiam.
578 1509 647 1576 Nisi
662 1513 739 1575 iorte
754 1513 789 1576 ad
805 1512 955 1597 gentilium
972 1520 1106 1598 poemata
1118 1513 1283 1598 confugias,

134 1615 229 1698 qualia
244 1625 313 1678 sunt
327 1610 456 1700 Orphei,
480 1612 620 1692 Hesiodi,
645 1611 825 1694 Stesichori,
849 1615 924 1701 apud
942 1636 1016 1700 quos
1032 1616 1178 1680 hominum
1194 1636 1284 1701 gene·

132 1717 263 1780 rationes
283 1716 319 1780 ad
341 1716 463 1781 deorum
482 1716 691 1800 appellationes
710 1717 867 1781 translatae
887 1729 971 1796 sunt,
1001 1738 1094 1803 esque
1113 1740 1188 1803 quae
1207 1718 1285 1784 inter

132 1819 271 1883 mortales
285 1829 370 1904 gesta
386 1821 503 1883 lucrant
516 1819 631 1903 podtico
645 1839 728 1882 more
744 1821 936 1882 conformata.
973 1817 1044 1884 Fuit
1058 1822 1134 1885 enim
1151 1821 1284 1887 huiusce·

132 1922 209 1984 modi
230 1920 346 1985 illorum
368 1921 486 2007 opinio,
512 1942 577 1985 cnm
600 1917 719 2000 lovem,
744 1943 777 1984 ac
798 1919 930 2001 Rbeam,
954 1932 986 1984 et
1007 1920 1165 2003 lunonem,
1189 1921 1284 1989 Palla·

132 2025 209 2101 dem,
226 2023 393 2110 Apollinem
410 2021 618 2108 Veneremque
634 2023 741 2088 divinis
757 2023 916 2087 honoribus
931 2037 1151 2105 consecrantes,
1169 2047 1285 2091 eorum·

131 2147 187 2210 qne
206 2127 361 2213 pessimum
381 2125 513 2191 sobolem
533 2127 683 2206 venerati,
714 2136 806 2189 totum
826 2126 926 2190 orbem
944 2127 1092 2190 variorum
1111 2129 1230 2192 deorum
1249 2150 1284 2194 ac

131 2229 353 2294 simulacrorum
372 2229 502 2293 inanium
522 2228 672 2293 erroribus
690 2228 867 2292 imbuerunt.
912 2226 987 2292 Mihi
1003 2250 1075 2294 vero
1093 2230 1128 2293 ad
1145 2241 1242 2310 tuam,
1265 2252 1283 2293 o

131 2328 317 2413 Ptolomaee,
341 2344 515 2417 tuorumque
533 2331 760 2395 confutationem
779 2331 849 2395 nihil
865 2331 975 2395 idcirco
992 2353 1169 2417 magnopere
1187 2332 1283 2415 requi-

129 2435 252 2499 rendum
272 2446 334 2516 est,
359 2437 435 2521 quod
452 2434 578 2500 maiores
596 2445 663 2499 tuos
678 2435 794 2499 abunde
808 2435 865 2498 iam
884 2434 1054 2498 refellimus.
1100 2431 1201 2518 Quare
1218 2455 1283 2499 cum

130 2557 170 2602 ex
186 2537 224 2602 iis
239 2559 314 2623 quae
329 2538 406 2603 dicta
422 2550 491 2603 sunt
503 2559 587 2625 qusm
605 2538 737 2623 pudenda
752 2538 812 2603 sint
828 2549 876 2601 tua
892 2537 940 2602 illa
954 2537 1088 2622 dogmata
1103 2537 1281 2602 declaratum

130 2641 234 2720 luerit,
259 2640 413 2727 implorata
431 2640 512 2727 prius
529 2662 583 2727 ope
601 2640 728 2707 numinis
745 2639 786 2705 uti
803 2662 886 2704 meae
903 2641 1035 2705 tenuitati
1050 2653 1220 2722 succurrat,
1244 2645 1279 2707 nd

130 2740 253 2808 aliorum
276 2744 473 2809 discutiendos
495 2765 614 2809 errores
637 2764 684 2809 me
706 2745 875 2822 conteram,
908 2757 941 2807 nt
962 2765 1036 2828 qnae
1058 2745 1087 2808 iu
1111 2766 1282 2831 unaquaque

129 2856 218 2928 gente
236 2848 395 2933 pestilerae
411 2847 564 2932 opiniones
581 2848 718 2912 inventae
733 2858 817 2928 snut,
840 2867 893 2911 eas
909 2847 1061 2931 detegam,
1085 2869 1120 2912 ac
1136 2850 1172 2913 dc
1189 2850 1282 2913 omni·

128 2946 184 3013 hus
200 2951 412 3034 quodammodo
429 2948 615 3036 triumphem.
661 2948 748 3035 Quod
764 2949 927 3014 institutum
946 2972 963 3013 s
979 2971 1026 3015 me
1044 2951 1281 3037 propositumque

128 3050 255 3116 studium
276 3064 308 3118 ut
327 3074 460 3140 exequor
479 3054 637 3118 coelestem
656 3052 727 3117 mihi
745 3054 875 3118 favorem
894 3055 1076 3138 gratiamque
1094 3055 1258 3141 postulabo.

213 3153 325 3220 Verum
346 3168 377 3221 ut
397 3179 488 3243 pauca
506 3156 555 3221 illa
573 3155 666 3220 verba
680 3156 798 3220 interim
815 3157 1034 3242 expendamus,
1065 3179 1140 3242 quae
1158 3160 1193 3223 ad
1211 3156 1281 3221 Flo·
1300 3161 1359 3230 cap.
1370 3164 1415 3214 tx.

127 3278 190 3322 ram
210 3257 324 3343 ingenti
348 3281 413 3324 cnm
438 3262 515 3325 lustu
532 3258 756 3345 arrogantisque
773 3259 915 3346 scripsisti
938 3260 1051 3340 (solent
1066 3259 1144 3323 enim
1159 3271 1282 3325 onustae

127 3361 255 3445 peccatis
270 3362 477 3443 mulierculae,
494 3373 534 3428 'nt
548 3363 589 3426 ait
605 3362 773 3448 apostolos,
796 3363 923 3449 vipereis
938 3362 1081 3426 eiusmodi
1097 3362 1280 3447 dogmatibus
1292 3382 1432 3440 sumat.

128 3463 254 3549 decipi),
282 3476 348 3530 toas
370 3466 466 3552 ipsas,
489 3463 677 3545 Ptolemaeo,
701 3485 791 3530 voces
813 3466 951 3529 hocloco
970 3485 1145 3551 proponam,
1172 3485 1280 3550 easque

127 3567 305 3634 necessitate
329 3580 465 3649 coactus,
498 3590 536 3634 ne
558 3590 615 3655 qns
636 3568 761 3632 inlelicis
783 3568 843 3632 lolii
866 3568 949 3632 radix
972 3565 1118 3653 supersit,
1150 3588 1279 3652 congruo

126 3670 229 3735 ordine
250 3672 394 3738 refellam.
439 3671 552 3760 Legem
571 3670 683 3737 asseris
704 3671 848 3736 trilariam
865 3691 932 3735 csse
951 3670 1092 3750 divisam,
1125 3681 1156 3734 ut
1174 3671 1278 3756 partim

126 3793 144 3836 a
162 3774 236 3854 deo,
260 3777 365 3862 partim
383 3797 400 3840 a
417 3773 543 3863 Moyse,
567 3777 670 3863 partim
689 3796 708 3840 a
726 3773 893 3840 senioribus
910 3773 1045 3837 manarit.
1090 3771 1137 3838 lle
1153 3773 1280 3838 seniori·

125 3872 181 3940 bos
195 3896 283 3963 porro
298 3899 350 3942 cur
365 3879 405 3943 ita
421 3880 545 3960 sentias,
568 3878 657 3959 nihil,
681 3889 713 3944 nt
727 3887 865 3964 apparet,
889 3876 997 3941 afferre
1011 3887 1095 3963 potes
1109 3877 1139 3940 in
1155 3877 1279 3963 scriptu·

125 3976 168 4043 tis
184 4000 371 4066 expressum.
415 3979 569 4068 Nusquam
588 3982 665 4048 enim
686 3982 716 4046 io
735 3982 802 4066 lege
818 3979 924 4043 tradita
941 3980 991 4044 illa
1007 4001 1024 4044 a
1042 3979 1209 4044 senioribus
1228 3980 1278 4042 de·

126 4092 206 4147 creta
230 4093 440 4148 memorantur.
489 4085 550 4150 Sed
576 4104 727 4150 sacrorum
750 4082 890 4147 librorum
914 4103 1060 4168 peraeque
1088 4081 1278 4147 severitatis

124 4184 246 4271 ignum
261 4186 432 4251 calumniari
449 4186 549 4252 sciens
562 4186 709 4266 instituis,
733 4196 946 4271 accurataeque
960 4186 1140 4272 singulorum
1156 4183 1278 4250 notitiae

125 4291 364 4376 consequentiam
383 4311 440 4353 nnn
458 4288 553 4354 vides.
597 4287 675 4353 Nam
693 4286 842 4353 seniorum
858 4288 1030 4354 traditiones
1047 4283 1277 4372 Asocspnicuoa

155 4442 180 4497 2.
197 4446 299 4509 ιιιροιιιι
320 4441 470 4512 capessam
491 4458 522 4496 aa
536 4409 592 4496 ¹caat.
610 4446 681 4495 raus.
713 4457 768 4496 rum
779 4446 852 4509 paon
866 4446 938 4508 sapa.
975 4447 1010 4509 cs.
1024 4442 1067 4508 ue,
1079 4443 1104 4495 u.
1120 4442 1163 4506 30,
1179 4441 1217 4495 13.
1236 4440 1278 4505 su,

123 4518 193 4566 amnt
205 4514 354 4578 Epiphanius
369 4515 411 4565 boc
424 4506 494 4565 celto
507 4516 549 4564 ott
584 4513 625 4564 Sto
640 4514 681 4564 tte-
714 4508 740 4563 l.
756 4511 799 4574 69,
813 4511 856 4566 61.
890 4515 963 4578 Vutpo
980 4519 1045 4565 estet
1062 4511 1215 4583 ἐκφέρονται.
