3046 5084
407 349 543 402 rambert
561 350 624 402 cte.
638 352 657 401 l.
674 350 755 402 Tota.
769 351 813 402 lli.
829 351 929 402 HAER.
944 306 1013 402 itur.
1226 341 1287 402 549

131 469 250 550 scribit3
282 469 330 554 qni
350 469 465 555 quidem
485 480 515 532 et
531 470 587 556 ipsi
609 471 638 533 in
655 469 792 534 haeresin
806 470 934 556 prolapsi
952 481 1036 548 sunt,
1068 472 1154 534 alium
1174 472 1287 555 praedi-

130 585 232 636 cantes
254 573 357 651 deum,
390 594 424 634 ac
442 572 631 657 genealogias
648 572 896 648 interminabiles,
929 593 1120 664 erroremque
1137 573 1214 636 inter
1237 574 1288 636 bo·

132 675 226 738 mines
246 674 489 753 disseminantes,
515 696 579 738 cum
598 696 614 739 a
634 677 689 738 deo
706 685 848 758 negarent
868 673 1035 737 lubricatum
1054 696 1121 738 esse
1138 677 1285 753 rutundum,

130 779 181 842 sed
196 799 212 839 a
230 775 446 863 principatibus
462 798 496 840 ne
511 775 712 840 Potestatibus
729 778 875 840 conditum
892 789 1072 855 assererent,
1094 778 1286 840 resurreetio-

131 902 198 944 nem
222 881 336 944 demum
363 881 505 944 accidisse
529 880 585 943 iam
612 881 761 957 dicerent,
795 878 852 942 illis
874 878 946 964 ipsis
971 879 1164 964 producendis
1188 880 1287 943 liberis

130 1005 203 1067 quos
227 993 377 1068 parentum
401 983 522 1067 quisque
545 983 713 1066 genuisset,
749 1002 803 1044 nec
825 981 909 1044 aliam
930 993 1108 1044 mortuorum
1128 993 1287 1066 expectau-

130 1088 194 1149 dam
215 1106 282 1148 esse
300 1086 560 1148 resurrectionem.
609 1085 671 1149 Vos
689 1096 785 1147 antem
805 1106 932 1167 quaeso,
958 1086 1080 1162 iratres,
1104 1082 1287 1147 animadver-

130 1188 184 1251 tite
200 1188 360 1251 cuinsmodi
378 1189 493 1272 propria
511 1188 550 1251 sit
567 1188 701 1252 veritatis
718 1200 804 1264 uota,
829 1198 859 1248 et
875 1187 910 1249 ad
928 1187 1040 1248 illorum
1057 1187 1287 1250 convincendam

131 1291 343 1375 improbitatem
366 1300 447 1353 certa
471 1291 557 1354 ratio.

215 1391 358 1477 Eqrridem
384 1391 457 1456 satis
481 1414 625 1479 superque
652 1393 795 1456 adversus
820 1391 885 1454 illos
908 1392 1082 1474 disputatum
1107 1413 1124 1454 a
1149 1412 1196 1454 me
1221 1413 1287 1455 esse

129 1496 238 1560 iudico.
286 1493 387 1578 erare
405 1496 458 1558 boc
473 1496 581 1560 omissa
599 1496 725 1579 reliquas
742 1515 918 1580 persequar,
944 1505 971 1556 et
989 1493 1015 1555 id
1034 1515 1121 1556 unum
1141 1505 1284 1572 attexam,

128 1598 207 1662 illam
226 1598 295 1661 mibi
315 1598 451 1661 haeresin
471 1599 507 1661 ob
529 1598 714 1683 multiplicem
732 1597 978 1660 Archonticorum
996 1596 1217 1680 appellationem
1236 1619 1287 1660 va·

128 1701 191 1763 riae
221 1721 255 1763 ac
282 1702 441 1785 perplexae
464 1712 632 1785 serpentum
656 1699 834 1784 improbitati
863 1721 947 1782 quarn
975 1699 1149 1760 simillimam
1179 1700 1284 1762 videri.

128 1802 242 1867 Nescio
266 1803 342 1866 enim
366 1825 422 1887 qua
448 1814 532 1888 pacto
558 1804 600 1865 sic
618 1815 754 1885 tanquam
776 1801 872 1865 multis
893 1823 932 1863 ex
949 1801 1090 1884 anguibus
1108 1802 1238 1865 contusis
1258 1803 1286 1865 iu

129 1928 217 1968 rruum
235 1926 269 1968 ac
288 1907 460 1991 promiscuis
479 1905 608 1990 pestiferi
626 1904 703 1967 illius
720 1905 831 1966 erroris
848 1924 962 1966 verteua
980 1905 1104 1965 eonllata
1123 1915 1202 1966 sunt.
1248 1901 1287 1967 Ut

128 2009 157 2070 in
178 2009 235 2071 illis
256 2009 359 2093 partim
378 2008 514 2071 draconis
533 2008 601 2070 lusit
621 2006 759 2085 audacia,
785 2006 887 2091 partim
908 2005 1018 2089 physali
1037 2004 1195 2083 calliditas,
1221 2027 1286 2089 par·

128 2111 177 2174 tim
194 2111 313 2196 spiritus
331 2131 405 2194 quae
424 2121 469 2172 est
482 2110 512 2171 ia
531 2108 656 2172 baelone
674 2108 860 2194 suppressio,
886 2108 989 2191 partim
1007 2107 1140 2170 aconitae
1157 2107 1284 2190 agilitas,

128 2215 232 2299 partim
255 2213 412 2276 ostracitae
432 2234 524 2297 prona
544 2211 705 2274 lubricitas.
752 2208 885 2293 Quorum
904 2211 1031 2272 omnnium
1051 2209 1123 2272 eliso
1141 2210 1234 2292 capite
1251 2232 1285 2272 ac

127 2302 260 2378 veritatis
277 2315 408 2378 doctrina
427 2315 553 2377 contrito
568 2316 602 2376 ad
620 2314 748 2398 reliquas
763 2313 962 2390 transibimus,
987 2333 1020 2373 ac
1036 2311 1216 2394 singularum
1234 2312 1285 2374 lal-

128 2417 245 2482 sitatcm
269 2403 393 2502 arguere
416 2419 470 2480 deo
494 2416 654 2502 opitulante
677 2415 858 2480 conabimur.

277 2657 619 2734 ADVERSUS
666 2655 1136 2750 cERDONIANOS,

366 2803 448 2874 quae
475 2787 527 2854 est
551 2779 700 2855 haeresis
719 2777 835 2871 XXI.,
862 2779 932 2852 sire
951 2777 1045 2852 XLI.

210 2928 286 2993 Tam
310 2930 354 2994 his
377 2953 461 3015 quam
485 2930 663 2994 Heracleoni
684 2931 799 3015 quidam
820 2927 919 2992 Cerdo
940 2931 1101 3010 successit,
1126 2932 1162 2994 ab
1183 2931 1284 2994 eadem
1304 2941 1362 3009 cap.
1380 2943 1399 2991 t.

127 3032 226 3095 scbola
251 3033 414 3116 proiectus,
449 3047 476 3096 et
505 3055 522 3097 a
545 3031 666 3097 Simone
690 3057 725 3096 ac
749 3031 900 3096 Saturuilo
926 3035 1036 3097 erroris
1062 3045 1164 3097 nactus
1190 3034 1284 3096 initia.

129 3131 266 3216 Quicum
286 3156 302 3197 e
322 3132 411 3220 Syria
431 3134 553 3198 Ruinam
573 3135 778 3221 peregrinandi
794 3157 898 3198 caussa
918 3137 1006 3199 misor
1024 3139 1216 3211 accessisset,
1241 3137 1287 3198 sui

128 3236 209 3299 iuxta
223 3258 258 3299 ae
274 3247 451 3301 sectatorum
466 3259 585 3302 snorum
603 3238 683 3301 labes
699 3238 838 3322 quaedam
854 3260 889 3299 ao
906 3241 1050 3324 pernicies
1068 3240 1132 3302 luit.
1176 3236 1286 3301 llliser·

127 3338 198 3401 rima
214 3338 317 3425 quippe
334 3352 402 3402 tunc
419 3351 465 3403 est
482 3341 628 3404 bominum
648 3354 771 3419 natura,
796 3363 859 3405 cum
880 3342 924 3404 dei
943 3343 1020 3404 viam
1039 3341 1225 3423 relinquens,
1257 3351 1286 3402 et

127 3463 145 3503 a
165 3441 262 3503 diviua
282 3463 315 3504 se
335 3435 490 3506 vocatione
508 3465 688 3526 segregans,
721 3444 836 3528 longius
855 3445 984 3506 aberrat.
1032 3441 1146 3525 Quibus
1161 3442 1230 3504 illud
1251 3444 1286 3506 de

127 3543 208 3606 canis
228 3545 338 3607 tabulas
355 3546 515 3629 contingit,
541 3547 588 3630 qui
609 3546 637 3609 in
655 3546 718 3610 eius
737 3547 811 3630 quod
832 3546 860 3609 in
879 3568 930 3609 ore
945 3545 1080 3631 gestabat
1095 3545 1224 3608 umbram
1243 3546 1286 3608 in·

127 3657 244 3723 tentus,
268 3657 298 3709 et
314 3645 343 3708 iu
361 3669 464 3730 aquam
480 3649 663 3733 despiciens,
688 3649 754 3712 duro
772 3649 873 3712 eodem
891 3649 955 3711 cibo
975 3670 1059 3731 quern
1078 3647 1224 3714 mordicus
1245 3650 1286 3712 le·

127 3749 210 3812 rebat
233 3749 372 3812 maiorem
396 3750 525 3813 umbram
548 3773 615 3816 esse
637 3733 819 3838 suspicatur,
853 3752 968 3814 diducto
992 3750 1066 3813 rictu
1090 3750 1168 3814 illum
1191 3752 1284 3837 ipsum

128 3849 175 3935 qni
195 3872 282 3914 rcrus
300 3863 364 3914 erat
380 3853 515 3937 perdidit.
563 3852 614 3919 Sic
630 3855 671 3918 illi
688 3854 878 3939 repertorio,
904 3854 969 3916 dum
988 3853 1051 3917 eius
1067 3854 1186 3918 umbrae
1201 3876 1285 3937 quam

127 3953 156 4016 in
176 3952 250 4017 falsa
268 3953 405 4038 opinione
423 3956 633 4020 circumferant
649 3968 798 4042 compotes
817 3956 879 4018 lieri
898 3958 1031 4034 student,
1064 3979 1121 4020 non
1141 3958 1227 4020 modo
1243 3957 1285 4019 di-

127 4055 237 4118 vinitus
253 4076 425 4120 concessum
443 4058 510 4122 illud
527 4060 603 4144 qrrod
622 4080 685 4137 ore,
710 4070 742 4120 ut
756 4059 794 4120 ita
812 4058 953 4136 dixerim,
980 4063 1093 4139 lerunt,
1118 4061 1285 4124 alimentum

128 4157 307 4236 amiserunt,
331 4160 382 4223 sed
406 4161 527 4247 insuper
549 4161 672 4224 exitium
695 4160 749 4223 sibi
773 4159 844 4245 ipsis
868 4161 1039 4225 attulerunt.

1326 4008 1340 4041 d

215 4358 309 4444 lgitur
326 4359 425 4427 Cerdo
444 4363 555 4451 Hygini
574 4387 664 4451 papae
684 4366 863 4452 temporibus
882 4367 953 4447 luit,
977 4368 1025 4453 qun
1042 4368 1072 4430 in
1088 4371 1284 4454 apostolorum

162 4588 186 4641 3.
205 4584 298 4656 βαῑτων
314 4589 377 4638 idem
393 4590 485 4641 videtur
501 4605 549 4642 eece
564 4595 605 4655 qui
622 4594 755 4656 appellatur
772 4589 836 4660 βίων
853 4594 917 4642 toa.
932 4591 973 4654 50,
991 4590 1015 4643 3.
