3046 5084
122 3289 187 3352 Κεφ.
205 3289 236 3342 ι’.

248 327 305 388 164
662 333 783 384 οεΝοΤι
800 331 968 383 εεινιιιειιι

248 451 418 535 προςδέχου.
465 447 516 525 Ὡς
538 450 588 514 καλ
613 446 687 511 αύτά
709 446 744 511 τά
764 444 906 530 Ἑβραϊκά
931 443 1047 527 ῥύματα
1070 441 1231 509 τελειόταται
1257 445 1390 509 ἐνταῦθα

250 549 462 634 παραθήσομαι
476 549 578 626 αῦταῖς
592 552 715 626 λέξεσιν,
738 547 778 623 άίς
795 550 855 612 ἐστι
869 549 1075 631 γεγραμμένον.
1124 543 1164 610 Τό
1180 544 1236 631 γάρ
1255 551 1389 610 6Σαυλα-

250 659 306 718 σαῦ
321 658 479 716 Σαυλασαῦ
494 650 678 735 ἑρμηνεύεται
694 633 799 727 θλίψις
814 649 863 713 έπὶ
876 652 999 728 θλίψιν,
1027 645 1208 711 Καυλακαύκ
1225 646 1388 712 Καυλακάιι

249 755 330 828 ἐλπίς
346 749 389 818 ἐπ’
406 755 513 831 έλπίδι,
537 749 671 836 Ζιηρσάμ
691 749 825 834 Ζιηρσάμ
841 753 883 815 ἔτι
897 747 1017 833 μικρόν,
1039 752 1080 812 έτι
1096 747 1200 832 μικρόν
1215 749 1386 830 προςδέχου.

251 858 319 919 Ποῦ
339 846 394 919 οὖν
412 852 434 936 ἦ
452 854 563 920 τούτων
585 855 764 937 μυθολογίας
792 859 852 916 ποῦ
874 849 1041 931 ἡκίσσησις
1061 855 1112 931 τῆς
1131 854 1391 934 φαντασιολογίαςς·

249 953 345 1021 πόθεν
363 960 403 1042 τῷ
423 954 523 1043 κόσμῳ
544 953 579 1018 τά
599 953 719 1031 ζιζάνια;
746 958 789 1027 τίς
811 950 828 1017 ό
847 950 1012 1037 ἀναγκάσας
1031 955 1072 1027 είς
1089 948 1211 1026 ἑαυτούς
1229 949 1389 1016 ἐπισπάσα-

249 1065 321 1121 σθαι
338 1054 463 1140 ὄλεθρον
479 1053 549 1131 τοῦς
567 1052 759 1137 ἀνθρώπους;
791 1056 834 1115 Εἰ
849 1054 900 1134 μέν
918 1052 973 1136 γάρ
991 1054 1181 1137 γινώσκοντες
1197 1056 1390 1134 μεταποίησον

249 1155 302 1231 τάς
317 1154 475 1238 ὀνομασίας
491 1158 531 1231 είς
544 1158 707 1236 φαντασίαν
722 1152 880 1231 ἀπωλείας,
903 1157 1019 1229 ἑαυτοῖς
1031 1158 1192 1237 προφανῶς
1205 1157 1293 1219 αίτιοι
1309 1151 1389 1238 γεγό-

249 1278 347 1323 νασιν·
364 1257 433 1320 εἰδὲ
446 1254 619 1341 ἀγνοοῦντες
632 1255 651 1319 ἀ
666 1255 705 1338 μὴ
716 1254 835 1344 ᾔδεισαν
850 1258 974 1336 έφασαν,
991 1253 1076 1321 οῦδὲν
1089 1253 1186 1319 αύτῦν
1200 1253 1388 1337 ἀθλιώτερον.

250 1356 350 1441 Μωρά
362 1355 419 1442 γάρ
432 1364 522 1421 ταῦτα
537 1355 576 1433 ώς
592 1355 725 1438 άληθῶς,
747 1359 798 1421 καί
813 1360 901 1421 παντὶ
916 1363 956 1447 τῷ
971 1356 1085 1421 σύνεσιν
1099 1357 1264 1445 κεκτημένῳ
1280 1359 1312 1421 έν
1325 1362 1389 1443 θεῷ

250 1461 358 1524 ἔνεστιν
372 1461 452 1522 ἰδεῖν.
482 1455 681 1533 Ἡδυπαθείας
695 1457 750 1544 γάρ
766 1457 850 1543 χάριν
865 1458 988 1533 ἑαυτούς
1001 1483 1031 1523 τε
1046 1460 1096 1522 καί
1111 1457 1180 1534 τούς
1194 1458 1390 1540 πειθομένους

251 1557 400 1624 ἀπώλεσαν
420 1561 471 1624 καλ
492 1556 677 1624 ἀπολλύουσι.
722 1566 845 1642 Πνεῦμα
865 1558 920 1645 γάρ
943 1562 1001 1624 έστι
1022 1559 1133 1641 πλάνης
1154 1559 1248 1644 ώςπερ
1266 1557 1390 1641 φύσημα

251 1663 283 1726 έν
308 1658 385 1749 αύλῷ
402 1657 558 1753 διαφόροις
578 1659 734 1742 κινήμασιν
752 1663 873 1726 ἕκαστον
892 1667 949 1725 τών
965 1659 1104 1745 ἀφρόνων
1123 1666 1226 1726 κινοῦν
1246 1659 1321 1724 κατά
1338 1665 1392 1742 τῆς

250 1759 397 1844 ἀληθείας.
441 1764 501 1826 Καί
513 1759 569 1848 γάρ
584 1765 635 1828 καὶ
650 1760 738 1837 αύτός
754 1759 771 1827 ό
787 1760 875 1837 αύλός
891 1762 1006 1845 μίμημά
1020 1765 1079 1828 ἐστι
1094 1769 1147 1828 τοῦ
1161 1761 1329 1849 δράκοντος,
1352 1758 1390 1826 δι’

251 1855 288 1929 ού
309 1862 443 1944 ἐλάλησεν
462 1860 481 1929 ό
497 1863 629 1948 πονηρός
646 1866 697 1928 καλ
712 1861 842 1946 ἀπάτησε
857 1861 911 1945 τήν
928 1862 1021 1927 Εῦαν.
1063 1861 1134 1928 ’And
1152 1871 1204 1929 τοῦ
1220 1861 1315 1927 τύπου
1332 1860 1389 1947 γάρ

252 1968 363 2030 ἐκείνου
376 1962 449 2029 κατά
461 1970 581 2048 μίμησιν
593 1963 611 2031 ό
625 1963 712 2041 αύλδς
724 1974 787 2039 τοῖς
800 1963 973 2049 ἀνθρώποις
985 1968 1025 2040 είς
1037 1961 1152 2047 ἀπύτην
1161 1962 1389 2045 κατεσκευάσθη.

253 2067 313 2130 Καί
332 2065 388 2152 όρα
408 2065 459 2132 τόν
480 2065 575 2132 τύπον
595 2066 630 2133 δν
651 2065 738 2142 αύτός
760 2064 777 2131 ό
795 2065 891 2131 αάλιῦν
909 2070 939 2132 έν
956 2075 997 2154 τῷ
1016 2065 1093 2155 αύλῷ
1110 2076 1242 2132 ποιεῖται.
1283 2063 1391 2136 Αῦλοῑν

250 2166 306 2253 γάρ
327 2158 389 2233 ἀνω
406 2165 540 2234 ἀνανεύει
559 2173 635 2234 7καί
651 2168 729 2233 κάτω
746 2167 910 2248 κατανεύει,
942 2168 1021 2245 δεξιά
1037 2194 1068 2232 τε
1083 2173 1172 2233 κλίνει
1188 2170 1240 2233 καλ
1254 2165 1391 2249 εῦώννμα

251 2266 360 2351 όμοίως
380 2273 487 2358 ἐκείνῳ.
536 2268 657 2346 Τούτοις
677 2269 732 2354 γάρ
756 2272 806 2334 καὶ
825 2267 843 2335 ό
864 2269 1000 2351 διάβολος
1019 2279 1081 2346 τοῖς
1102 2269 1226 2352 σχήμασι
1245 2271 1392 2354 κέχρηται,

251 2373 301 2434 ίνα
316 2371 389 2435 κατά
406 2377 462 2437 τών
480 2374 663 2456 ἐπουρανίων
680 2374 839 2453 ἐνδείξηται
853 2370 906 2453 τὴν
924 2376 1124 2453 βλασφημίαν,
1152 2373 1202 2435 καί
1219 2370 1255 2436 τά
1274 2373 1323 2437 έπλ
1340 2375 1393 2453 τῆς

250 2478 305 2556 γῆς
326 2470 478 2561 ἀφανισμῷ
498 2471 644 2562 ἀφανίση,
674 2475 724 2537 καλ
742 2472 817 2554 ὁμοῦ
836 2472 1039 2562 συμπεριλάβη
1059 2472 1112 2556 τὴν
1127 2475 1318 2557 οἰκουμένην,
1346 2474 1391 2536 δε-

251 2571 298 2649 ξιά
319 2599 348 2639 τε
369 2577 418 2638 καλ
437 2573 572 2656 εάώνυμα
589 2573 801 2657 λυμαινόμενος
820 2572 890 2649 τούς
910 2579 945 2663 τῇ
962 2573 1057 2665 πλάνη
1074 2577 1269 2659 πειθομένους
1287 2599 1318 2638 τε
1338 2574 1390 2637 καί

141 2706 191 2752 pag.
203 2694 237 2737 εο.
250 2675 458 2758 θελγομένους,
480 2674 574 2761 ώςπερ
593 2675 641 2740 διά
657 2681 800 2758 μουσικοῦ
816 2674 944 2761 σ’ργάνον
962 2685 1025 2752 ταῖς
1039 2687 1153 2759 φωναῖς
1169 2686 1232 2754 ταῖς
1246 2682 1390 2756 πεπλανη-

251 2799 359 2854 μεναις.

325 3287 425 3356 ’Ἇλλοι
440 3293 473 3356 δέ
487 3317 562 3368 τινες
578 3295 607 3370 ἐξ
625 3290 720 3358 αῦτών
735 3292 805 3358 κενά
818 3319 883 3358 τινα
901 3289 1030 3376 ὀνόματα
1046 3288 1273 3369 ἀναπλάττουσι,
1294 3290 1391 3374 λέγον-

249 3415 294 3464 τες
308 3390 364 3473 ὅτι,
387 3391 502 3469 Σκότος
515 3385 553 3476 ἦν
567 3397 617 3459 καί
631 3393 729 3476 βυθός
745 3397 796 3460 καλ
812 3394 904 3480 ὕδωρ,
926 3393 959 3460 τό
977 3396 1009 3458 δέ
1022 3398 1135 3476 πνεῦμα
1150 3389 1207 3456 ἀνά
1221 3392 1310 3473 μέσον
1321 3390 1390 3455 τοῦ·

248 3516 305 3556 των
324 3493 474 3580 διορισμδν
494 3496 650 3580 ἐποιήσατο
672 3495 783 3562 αύτών·
813 3495 846 3562 τό
868 3498 900 3562 δέ
921 3495 1026 3573 σκότος
1047 3488 1085 3579 ἦν
1102 3490 1274 3578 χαλεπαῖνόν
1295 3517 1326 3556 τε
1341 3492 1393 3555 καλ

248 3594 385 3676 έγκοτοῦν
406 3605 447 3687 τῷ
466 3597 624 3682 πνεύματι,
655 3597 728 3684 ὅπερ
747 3598 851 3675 σκότος
868 3596 1038 3683 άναδραμδν
1054 3593 1231 3682 περιεπλάκη
1246 3599 1288 3684 τῷ
1305 3591 1393 3659 πνεύ-

247 3719 328 3773 ματι·
349 3701 399 3763 καί
414 3702 558 3785 ἐγέννησε,
583 3703 685 3780 Ιφασί,
707 3701 771 3766 τινά
786 3701 916 3787 Μήτραν
929 3702 1119 3783 καλουμένην,
1141 3697 1205 3782 ἥτις
1219 3707 1395 3784 γεννηθεῖσα

247 3797 427 3878 ένεκίσσησεν
444 3804 475 3865 έν
493 3800 572 3889 αύτῷ
589 3806 629 3891 τῷ
647 3801 797 3885 πνεύματι.
838 3801 888 3867 Ἐκ
907 3804 938 3868 δέ
953 3806 1006 3884 της
1022 3801 1151 3887 Μήτρας
1166 3797 1395 3887 προεβλήθησάν

245 3917 320 3971 τινες
334 3898 469 3984 τέσσαρες
486 3906 614 3981 Αίῦνες,
646 3908 678 3970 ἐκ
698 3905 730 3969 δέ
746 3910 805 3968 τών
821 3902 969 3988 τεσσάρων
984 3902 1112 3969 Αίώνων
1128 3901 1208 3969 ἀλλοι
1226 3905 1394 3969 δεκατέσσα·

245 4020 309 4080 ρες,
332 4000 388 4061 ’καί
403 4000 502 4084 γέγονε
521 4003 609 4080 Δεξιά
627 4031 657 4070 τε
674 4007 725 4070 καὶ
742 4003 908 4090 Ἀριστερδ,
941 4012 1013 4080 Φῶς
1028 4007 1078 4070 καί
1095 4005 1218 4081 Σκότος.
1251 4004 1394 4086 Ὕστερον

245 4099 277 4163 δέ
295 4097 366 4181 μετά
383 4099 495 4178 πάντας
512 4104 637 4182 τούτους
652 4109 875 4192 προβεβλῆσθαί
891 4131 956 4171 τινα
973 4105 1093 4190 αἰσχρόν
1110 4110 1228 4186 Αίώνα,
1255 4108 1393 4188 μεμίχθαι

244 4201 276 4264 δὲ
291 4207 395 4267 τοῦτον
407 4209 442 4290 τῇ
455 4202 569 4292 Μήτρμ
582 4214 617 4294 τῇ
631 4206 692 4273 άνω
707 4209 961 4296 προδεδηλωμένη,
979 4210 1030 4272 καλ
1043 4210 1076 4274 έν
1088 4206 1195 4273 τούτου
1209 4213 1262 4271 τοῦ
1274 4207 1393 4278 Αίοῦνος

143 4354 147 4360 .
242 4309 295 4367 τοῦ
311 4305 431 4388 αἰσχροῦ
445 4305 496 4368 καί
511 4311 563 4386 τῆς
577 4307 704 4392 Μήτρας
717 4311 864 4394 γεγονέναι
879 4308 972 4385 θεούς
985 4311 1078 4374 τεκαὶ
1094 4307 1253 4393 ’ἀγγέλους
1265 4305 1316 4370 καί
1328 4308 1391 4369 δαί-

262 4456 354 4541 ‚⁶:¹¹⁰
369 4462 418 4509 ιοιλ
433 4462 506 4510 Vatia.
520 4465 541 4509 ιι
554 4462 685 4513 emetat).
720 4466 800 4516 σαολᾶ
867 4466 893 4517 7.
908 4466 951 4519 καὶ
965 4463 1036 4519 κάτω
1046 4459 1177 4518 κατανεύει
1186 4460 1327 4532 (aaronem
1342 4463 1393 4513 ωδ.

240 4542 270 4579 ον
280 4543 311 4579 αν
325 4528 456 4581 σαυλασαῦ
464 4530 510 4581 νσδ
527 4529 623 4593 Mu.
633 4534 800 4594 mammo.
836 4536 921 4603 λὀλιι.)
935 4548 947 4585 ι
961 4536 1012 4586 ωδ.
1024 4534 1135 4585 Vaticano
1146 4531 1265 4593 σεμιιλσσίι
1275 4532 1393 4584 Petam.
