3046 5084
380 326 514 378 rennuit
531 327 593 379 Llfl.
604 330 623 379 Ι.
639 330 720 383 ΤΟΜ.
730 333 762 383 ll.
781 334 878 385 HAER.
889 336 985 387 XXVI.
1190 330 1247 391 ¹93

111 453 205 507 numm
226 443 355 509 sobolem
373 465 549 531 propagasse
569 448 731 530 reperitur,
758 453 865 515 tamdiu
880 454 955 518 intra
972 454 1133 534 detinetur,
1155 457 1249 522 donec

109 544 183 609 lilios
206 566 275 609 suos
294 548 426 630 recipere
445 546 573 629 potnerit
592 557 624 609 et
639 549 675 610 nd
692 550 876 635 semetipsam
893 555 1050 618 attrahere.
1095 554 1159 619 Hae
1180 571 1249 622 sunt

109 668 202 730 nugae
223 648 338 712 illorum
361 669 396 710 ac
420 648 545 710 somnio.
590 645 682 709 Velut
703 652 790 712 etiam
817 652 864 713 illa
883 665 950 716 sunt
975 656 1095 737 quaein
1117 670 1247 722 sanctum

107 746 202 811 Elium
226 750 412 813 execrandae
437 748 587 812 cniusdam
606 749 689 833 plens
715 752 908 815 contumeliae
926 756 1090 838 praedicare
1116 778 1173 819 non
1197 779 1249 819 ve-

106 861 223 914 rentur:
256 872 321 914 eum
339 870 403 911 cnm
420 848 450 911 in
471 849 584 913 coelum
603 861 723 914 evectos
739 864 820 914 esset
843 874 946 917 rursns
969 856 997 918 in
1015 855 1090 919 bunc
1112 859 1248 921 mnndum

107 952 198 1016 luisse
216 952 374 1015 deiectum.
417 948 509 1013 Venit
527 951 621 1028 enim,
643 951 797 1035 inquiunt,
822 973 838 1016 e
855 975 976 1018 numero
991 957 1161 1021 feminarum
1180 960 1250 1023 dae-

107 1075 223 1117 monum
248 1072 306 1114 una
324 1070 398 1133 qnae
420 1050 499 1114 illum
516 1052 674 1135 superavit.
721 1051 760 1116 Et
779 1076 835 1136 quo
862 1067 892 1118 tu
911 1057 1024 1119 tandem
1045 1059 1139 1122 dixit?
1180 1059 1248 1144 Ego

106 1155 183 1216 enim
201 1174 218 1215 a
236 1163 264 1216 te
281 1151 389 1214 liberos
406 1150 515 1230 babeo,
539 1173 633 1235 neque
647 1174 763 1217 sursum
782 1156 899 1218 evolare
918 1168 1001 1241 potes
1018 1169 1104 1242 atque
1118 1160 1163 1223 bic
1180 1172 1246 1225 tuos

106 1236 285 1336 relinquere'.
330 1253 376 1317 Ad
397 1252 468 1315 baec
488 1255 682 1338 respondente
707 1253 790 1335 Elis,
821 1255 861 1319 Et
885 1261 1027 1323 undenam
1044 1261 1079 1323 de
1104 1262 1245 1327 metilius

106 1356 173 1418 illos
190 1354 331 1434 habuisti,
361 1375 423 1416 oum
446 1375 501 1437 ego
521 1355 720 1419 castimoniam
744 1368 884 1441 perpetuo
906 1362 1108 1424 servaverim?
1149 1361 1242 1443 Sane,

106 1457 201 1542 inquit
217 1457 284 1519 illas
313 1477 377 1518 cum
392 1456 468 1519 enim
488 1456 519 1519 in
536 1457 647 1521 somnis
664 1457 806 1521 effusione
823 1460 943 1523 seminis
958 1482 1047 1546 saepe
1063 1484 1169 1548 corpus
1190 1485 1244 1529 ex·

107 1558 250 1638 banrires,
273 1577 328 1641 ego
344 1557 396 1621 abs
411 1568 439 1620 te
455 1558 523 1621 illud
537 1559 659 1642 excepi,
684 1560 792 1643 tibique
808 1560 883 1623 lilios
897 1564 1005 1646 peperi.
1052 1561 1146 1647 Quam
1169 1587 1241 1631 vero

106 1659 212 1723 abillis
235 1660 331 1743 inepte
354 1658 410 1723 ista
426 1658 576 1721 dicuntur!
622 1657 776 1740 Quomodo
797 1663 872 1724 enim
895 1664 1015 1728 daemon
1040 1665 1167 1749 impurus
1189 1689 1243 1731 ex·

103 1781 228 1846 persque
246 1760 376 1845 corporis
393 1759 513 1844 spiritus
533 1760 568 1822 de
585 1760 756 1843 corporibus
772 1764 945 1847 participare
962 1765 1103 1851 quidpiam
1126 1773 1243 1853 potest?

100 1861 179 1927 Nam
193 1864 218 1926 si
234 1883 251 1924 a
269 1861 440 1946 corporibus
456 1861 484 1923 ei
500 1862 730 1924 communicatur
744 1863 849 1945 aliquid
868 1875 900 1925 nt
918 1867 1022 1948 pariat,
1047 1889 1151 1954 corpus
1173 1873 1240 1950 erit,

101 1986 158 2027 non
176 1965 307 2048 spiritus.
353 1960 386 2027 Si
408 1982 513 2045 corpus
534 1971 591 2041 est,
615 1963 759 2044 quomodo
777 1964 877 2044 lugere
892 1967 1040 2028 oculorum
1056 1982 1241 2055 conspectum

101 2066 283 2150 autspiritus
307 2085 375 2128 esse
390 2063 516 2147 poterit?
559 2060 618 2126 Sed
641 2074 671 2125 et
688 2061 803 2125 illorum
828 2061 951 2126 absurda
975 2069 1140 2151 cumprimis
1161 2073 1242 2134 stoli·

101 2169 176 2232 ditas
191 2179 254 2244 est,
278 2188 343 2230 oum
360 2165 427 2228 illud
446 2185 485 2226 ex
502 2163 622 2247 epistola
637 2161 724 2226 Iudae
742 2164 948 2242 testimoninm,
971 2188 1027 2249 quo
1042 2190 1141 2232 eorum
1158 2192 1242 2234 error

100 2270 300 2347 convincitur,
324 2269 359 2330 ad
377 2266 461 2328 buius
479 2265 569 2350 ipsius
586 2265 774 2350 patrocinium
799 2269 1034 2331 accommodant:
1067 2275 1101 2330 ln
1121 2278 1386 2350 somnaenpnanvs.

100 2373 209 2455 inquil,
242 2391 354 2431 curnem
378 2371 534 2441 maculant,
558 2373 768 2429 domcnotrbnem
790 2381 880 2428 nutem
897 2382 1049 2449 spernunt,
1074 2377 1240 2435 maiestatem

100 2485 190 2534 nutem
211 2475 411 2552 blasphement.
460 2467 569 2532 Verum
592 2469 693 2532 beatus
721 2467 806 2532 ludas
830 2471 935 2533 domini
960 2473 1047 2534 irater
1071 2494 1128 2535 nou
1148 2474 1182 2537 de
1203 2476 1239 2539 iis

100 2574 226 2659 loquitur
238 2574 285 2657 qui
302 2592 355 2657 per
370 2570 544 2634 insomnium
564 2571 693 2634 fluxione
709 2592 836 2634 venereo
853 2573 1098 2637 contaminantur.
1134 2571 1238 2639 Statim

101 2677 204 2762 qnippe
222 2673 370 2758 subiungit
391 2672 574 2756 ostenditque
592 2674 627 2735 de
644 2673 784 2736 eiusmodi
808 2694 841 2736 se
862 2675 1071 2739 somniantibus
1092 2676 1168 2761 loqui
1192 2679 1239 2763 qui

100 2797 252 2841 sermones
271 2798 341 2840 suos
359 2775 485 2839 velutin
507 2775 634 2851 somnis,
659 2795 715 2837 nnn
733 2775 946 2859 experrectior
962 2777 1132 2860 vigilantes,
1155 2780 1239 2843 insti·

99 2888 196 2942 tnunt.
241 2874 388 2961 Siquidem
404 2890 433 2940 et
452 2878 487 2939 de
502 2875 778 2961 Hierosolymitauis
796 2878 962 2941 doctoribus
976 2877 1081 2944 Esaias
1095 2882 1133 2944 ita
1146 2883 1237 2966 loqui-

99 2990 164 3043 tur:
197 2984 295 3040 Omnes
309 3000 391 3041 onnes
403 2985 476 3041 nauti
495 3002 550 3041 non
567 2982 689 3039 nolenter
706 2982 826 3052 lamere,
851 2985 1017 3041 somniantes
1033 2987 1062 3043 in
1079 2985 1179 3058 ended,
1204 2996 1383 3057 elusissent.

98 3092 228 3144 caetera.
273 3075 358 3161 Quod
382 3081 456 3143 idem
482 3081 511 3143 in
537 3081 590 3143 bac
614 3077 702 3142 ludae
727 3081 847 3164 epistola
870 3082 1033 3145 declaratur
1057 3084 1100 3146 bis
1123 3085 1233 3161 verbis,

97 3187 274 3245 Semneirnteo
296 3183 401 3256 eubule,
432 3204 504 3263 pure
521 3187 650 3242 nesciunt
665 3186 795 3243 dieentes.
842 3182 896 3247 Ubi
915 3184 949 3247 de
968 3185 1168 3248 dormientium
1191 3187 1235 3247 iu·

97 3285 216 3348 somniis
235 3283 352 3346 minime
374 3304 407 3346 se
425 3283 502 3368 loqui
519 3282 594 3345 velle
612 3285 805 3360 demonstrat,
830 3286 880 3347 sed
898 3286 933 3348 de
950 3286 1030 3349 lalsis
1045 3288 1159 3349 illorum
1177 3297 1235 3348 tra-

96 3387 207 3471 goediis
227 3406 261 3449 ac
279 3385 382 3470 nugis,
412 3406 483 3469 quas
504 3385 548 3448 sio
566 3398 701 3467 tanquam
720 3385 750 3446 in
769 3387 895 3464 somnis,
927 3408 981 3449 neo
1004 3390 1086 3450 firmo
1111 3398 1141 3449 et
1164 3408 1234 3450 con·

96 3487 182 3551 stanti
205 3487 302 3551 animo
324 3487 527 3570 pronunciant.

163 3586 324 3652 Enimvero
340 3590 427 3674 pudet
440 3609 488 3652 me
502 3587 599 3652 omnia
615 3587 727 3651 illorum
741 3609 847 3653 arcana
862 3590 1020 3672 detegere?
1041 3586 1140 3652 Solius
1155 3590 1231 3654 enim
1241 3607 1377 3674 captttv.

96 3703 142 3755 est
168 3691 214 3755 dei
242 3691 495 3775 profundissimam
524 3691 598 3753 bano
627 3689 698 3754 tanti
728 3692 849 3753 foetoris
873 3691 1040 3773 voraginem
1067 3689 1229 3757 obstruere.

96 3792 292 3878 Qua-obrem
309 3792 346 3856 ab
363 3813 400 3855 eo
412 3793 479 3856 loeo
498 3793 653 3876 digrediar,
678 3792 733 3854 boo
751 3813 838 3854 unum
854 3793 889 3853 ab
906 3792 1031 3853 omnium
1049 3793 1230 3858 moderatore

95 3897 150 3958 deo
171 3895 338 3980 postulans,
368 3914 405 3957 ne
424 3893 488 3977 quis
508 3894 538 3956 in
556 3894 623 3957 illud
642 3877 764 3957 coenum
782 3894 980 3976 demergatur,
1012 3915 1087 3957 neve
1105 3896 1229 3961 animum

92 4017 188 4061 meum
205 3996 373 4061 foedissime
388 3995 460 4058 baec
475 3995 647 4079 impuritatis
664 3995 744 4058 labes
760 3995 879 4056 inliciat.
926 3991 1053 4060 Primum
1070 3998 1144 4061 euim
1161 4020 1230 4082 apo-

91 4099 183 4165 stolus
199 4095 309 4163 Paulus
325 4118 427 4161 omnes
442 4096 603 4159 istiusmodi
620 4096 766 4179 nequitiae
781 4097 894 4159 radices
911 4098 1030 4177 excidit,
1054 4122 1117 4163 cnm
1134 4101 1169 4162 de
1186 4101 1230 4160 in-

92 4200 222 4265 nioribnr
238 4199 332 4264 viduis
351 4200 408 4262 iste
427 4198 608 4283 praescribit.
655 4202 774 4270 lidum,
799 4197 908 4281 inquit,
931 4205 1160 4264 adolescentiores
1181 4206 1378 4271 ‹le-numen.

92 4307 166 4364 orbo.-
189 4324 251 4365 curn
264 4307 337 4364 enim
354 4306 516 4363 luaurrutce
523 4302 639 4383 nerino
655 4304 684 4359 in
701 4302 829 4373 curura,
854 4305 957 4364 nubere
970 4308 1074 4377 uolunt,
1099 4307 1230 4366 lubenter

93 4453 324 4520 postcommun.
342 4450 473 4508 ribcoodon
488 4454 540 4504 eod.
550 4454 646 4515 utrum.
712 4446 736 4501 4.
754 4449 832 4505 invect
851 4458 900 4506 eod.
920 4459 1017 4520 amoq.
1040 4462 1061 4507 et
1085 4459 1137 4507 edit.
1157 4461 1229 4519 prino.

91 4528 113 4574 et
127 4524 271 4584 edmprlne
297 4525 332 4584 cl.
347 4538 420 4586 repro
435 4524 537 4586 oopll.
679 4517 741 4574 dvsol
757 4523 811 4571 edit.
827 4525 905 4575 Petne.

143 4603 231 4659 eorpus
243 4600 377 4647 limmat.
391 4604 418 4647 tt.
990 4614 1028 4674 13
