3046 5084
175 739 242 806 Κεφ.
259 735 288 791 ε’.

209 1375 259 1419 m·
272 1364 291 1407 ί·

304 309 343 370 34
723 317 843 368 ειαστι
861 317 1027 368 nummu

306 443 342 481 ²⁶
356 433 428 499 Κατ’
451 432 632 500 ἀκολουθίαν
657 433 690 499 δέ
711 440 764 498 τοῦ
793 432 906 509 ’ίὲνδς
929 436 998 498 υίοῦ
1022 434 1142 514 διέξειμι
1170 431 1223 516 τήν
1250 436 1452 518 γενεαλογίαν.

304 535 374 620 Σήμ
394 541 495 602 τοίνυν
514 543 598 624 γενεᾷ
618 532 669 600 τδν
688 532 901 620 ΜἈρφαξάδ,
921 533 1071 621 ’Λρφαξάδ
1090 535 1142 600 τδν
1163 541 1265 617 Κηνᾶ,
1289 542 1375 617 ίίηυᾶ
1397 535 1456 602 τδν

305 646 403 720 Σαλά,
425 645 509 703 Σαλά
527 636 693 721 τδνἝβερ,
716 635 825 721 εάλαβή
841 640 892 702 καί
905 645 1051 725 θεοσεβῆ,
1064 635 1154 723 Ἔβερ
1172 635 1224 702 τδν
1244 640 1351 702 Φαλέιι.

388 742 450 805 Καί
478 737 565 805 οὐδέν
592 732 630 822 ήν
658 741 707 805 ἐπί
735 746 789 821 τής
816 747 888 823 γῆς,
922 737 976 821 οάγ
1007 742 1135 824 αἵρεσις,
1172 737 1208 804 οὔ
1235 737 1339 824 γνοίμη
1366 740 1456 824 ἑτέρα

303 846 353 909 καλ
376 844 475 927 έτέρα,
504 839 562 906 ἀλλ’
584 841 605 924 ή
628 841 722 924 μόνον
747 839 904 924 ἅνθρωποι
932 843 1106 919 ἐκαλοῦντο,
1138 839 1205 916 ἐνδς
1231 845 1343 923 χείλους
1374 844 1457 909 ιειαλ

303 953 371 1029 μιᾶς
385 943 519 1030 γλοίττης.
552 936 608 1009 Ἦν
623 944 655 1008 δέ
670 941 762 1025 μόνον
776 940 894 1023 ἀσέβεια
908 944 958 1006 καί
974 939 1137 1023 εείσέβειαδ
1153 940 1228 1008 κατά
1242 941 1334 1022 φύσιν
1345 941 1456 1024 νόμος,

304 1050 353 1114 καί
374 1045 395 1130 ή
414 1043 513 1110 λκατά
534 1043 627 1124 φύσιν
644 1042 711 1120 ένδς
726 1042 850 1144 ἓκρίστου
865 1047 1035 1129 προαίρεσις
1050 1051 1103 1109 τοῦ
1120 1044 1303 1127 θελήματος,
1323 1046 1375 1109 καλ
1392 1043 1456 1111 σείει

303 1146 363 1214 ἀπδ
384 1149 584 1223 διδασκαλίας,
607 1144 673 1211 οὔτε
698 1142 757 1211 ἀπδ
780 1126 1015 1230 δυγγραμμάτων
1033 1148 1226 1229 συγγραφέων
1247 1144 1361 1229 πλάνη,
1391 1144 1456 1214 σείει

302 1246 500 1331 Ἱουδαϊσμδς,
531 1245 609 1330 3οιίχ
631 1252 741 1331 αἵρεσίς
761 1273 805 1321 τις
827 1248 925 1330 έτέρα,
948 1243 1016 1324 ἀλλ’,
1044 1243 1084 1321 οίς
1103 1250 1208 1326 εἰπεῖν,
1236 1245 1331 1330 ήυῦν
1352 1253 1457 1326 πίστις

306 1352 551 1436 ἐμπολιτευομένη
569 1352 600 1414 έν
616 1357 653 1438 τῇ
667 1348 734 1436 ἀρτι
751 1345 820 1436 ἀγίγι
834 1355 889 1412 τοῦ
905 1356 982 1412 θεοῦ
996 1355 1143 1437 καθολική
1158 1351 1309 1437 ἐκκλησίᾳ,
1331 1346 1382 1413 ἀπ’
1397 1347 1454 1436 ἀρ-

302 1462 356 1538 χῆς
379 1446 468 1530 οὖσα,
497 1453 547 1516 καί
570 1450 692 1534 ὕστερον
715 1449 803 1516 πάλιν
826 1447 1081 1528 ἀποκαλυφθεῖσα.
1129 1457 1177 1538 Τῷ
1199 1449 1253 1535 γάρ
1276 1452 1454 1540 βουλομένῳ

303 1555 475 1638 φιλαλήθως
488 1556 562 1617 ἰδεῖν
578 1549 651 1637 ἀρχή
666 1549 786 1617 πάντων
801 1552 879 1616 ἐστίν
891 1549 912 1633 ή
927 1549 1074 1632 καθολική
1091 1553 1142 1615 καί
1158 1549 1227 1636 ἀγία
1244 1555 1396 1635 ἐκκλησία,
1419 1556 1455 1632 ἐξ

303 1656 459 1723 αὐτοῦτοῦ
475 1661 596 1720 σκοποῦ.
639 1650 733 1735 Ἀδάμ
749 1651 804 1738 γάρ
820 1651 1047 1738 πρωτόπλαστος
1060 1655 1235 1732 πέπλασται,
1256 1653 1312 1719 οὐκ
1330 1657 1453 1740 ἐμπερί-

302 1785 404 1841 εομος,
428 1754 485 1821 ἀλλ’
503 1753 688 1840 ἀκροβείστης
709 1756 761 1836 μὲν
781 1762 817 1843 τή
835 1759 936 1839 σαρκί·
960 1752 1015 1820 οάκ
1035 1755 1245 1840 εἰδωλολάτρης
1267 1757 1298 1821 δέ
1320 1749 1374 1838 ήν,
1398 1760 1454 1825 καλ

301 1860 365 1943 ήδιι
382 1860 493 1942 πατέρα
508 1855 583 1923 θεδν
596 1859 645 1922 καί
663 1856 731 1923 υίδν
747 1859 797 1922 καλ
813 1856 897 1941 δίγιον
913 1864 1039 1939 πνεῦμα,
1061 1855 1220 1942 προφήτης
1234 1857 1290 1942 γάρ
1306 1849 1350 1939 ἦν.
1384 1856 1454 1927 Οάιε

302 1966 376 2045 έχων
392 1964 491 2026 τοίνυν
510 1957 671 2043 περιτομήν
687 1956 743 2024 οείκ
760 1951 797 2039 ήν
815 1956 973 2037 Ἰουδαῖος,
995 1957 1086 2034 ξόανα
1105 1960 1136 2022 δέ
1156 1957 1197 2040 μή
1214 1966 1407 2039 προςκυυάν,
1429 1959 1455 2044 ἢ

302 2064 369 2130 ἀλλο
387 2090 429 2141 τι,
453 2058 508 2127 σείει
529 2053 568 2143 ήν
590 2059 811 2145 εἰδωλολάτρης·
835 2059 990 2144 προφήτης
1009 2059 1063 2144 γάρ
1084 2057 1226 2142 δἈδδμ,
1250 2063 1302 2126 καὶ
1318 2060 1382 2150 ᾔδει
1404 2061 1454 2129 ὅτε

303 2164 320 2231 δ
336 2163 432 2248 πατήρ
452 2160 514 2227 εἰπε
530 2169 570 2251 τῷ
585 2166 656 2251 υἱῷ,
680 2162 858 2244 Ποιήσωμεν
879 2160 1050 2246 ἀνθρωπον.
1099 2167 1134 2226 Τί
1155 2155 1208 2228 οὗν
1224 2155 1263 2244 ήκ
1279 2162 1351 2245 μήτε
1366 2188 1453 2250 περι.

301 2264 394 2349 τομήν
416 2268 504 2347 έχων,
532 2263 603 2351 μήτε
624 2268 728 2330 είδωλα
749 2266 858 2345 σέβων;
883 2262 980 2328 έάλλά
999 2271 1052 2329 τοῦ
1072 2270 1304 2348 Χριστιανισμοῦ
1324 2262 1377 2329 τδν
1399 2292 1452 2348 γα.

302 2374 432 2453 ραιιτήρα
455 2365 664 2448 ι’ἀποφαίνων
705 2364 791 2429 Οίίτω
811 2368 862 2429 καλ
883 2368 932 2430 ἐπὶ
952 2373 1006 2431 τοῦ
1020 2365 1126 2451 Ἅβελ,
1148 2367 1199 2430 καὶ
1222 2368 1271 2431 ἰπί
1293 2373 1348 2431 τοῦ
1363 2364 1450 2449 Σήθ,

300 2574 350 2640 έπλ
364 2579 418 2638 τοῦ
433 2578 514 2649 Νῶε,
535 2571 587 2634 καί
601 2570 651 2634 έπλ
664 2574 718 2632 τοῦ
726 2565 827 2653 Ἔβερ,
849 2567 914 2653 ἀγρι
929 2576 983 2635 τοῦ
996 2567 1128 2654 Ἀβραάμ
1143 2572 1325 2653 διαληπτέον.
1345 2566 1451 2657 Ἐυήρ-

300 2699 343 2759 γει
361 2674 392 2737 δὲ
410 2669 475 2736 τότε
493 2666 624 2752 εάσέβειά
647 2693 677 2733 τε
696 2671 746 2733 καί
769 2667 901 2751 ἀσέβεια,
927 2680 1025 2747 πίστις
1048 2673 1099 2735 καί
1119 2669 1251 2737 ἀπιστία·
1272 2675 1370 2747 πίστις
1391 2675 1449 2753 μέν

301 2775 445 2855 ἐπέχουσα
468 2778 521 2837 τοῦ
544 2777 773 2855 Χριστιανισμοῦ
796 2771 850 2854 τήν
874 2772 991 2850 εἰκόνα,
1019 2770 1137 2837 ἀπιστία
1162 2774 1194 2837 δέ
1216 2775 1359 2855 ἐπέχουσα
1381 2770 1451 2841 ἀσε·

302 2879 383 2955 βείας
397 2871 449 2938 τδν
462 2881 630 2960 χαρακτῆρα
646 2876 697 2938 καί
713 2879 914 2958 παρανομίας,
937 2877 1051 2940 ἐναντία
1067 2881 1120 2940 τοῦ
1135 2874 1210 2939 κατά
1225 2875 1316 2956 φύσιν
1336 2874 1448 2957 νόμου,

301 2978 357 3050 ίως
385 2973 588 3048 θτούτουτοῦ
610 2979 871 3060 προδεδηλωμένου
898 2975 1015 3061 χρόνου.
1061 2979 1219 3066 7Πέμπτη
1240 2982 1340 3042 τοίνυν
1361 2985 1449 3067 γενεᾷ

301 3074 372 3161 μετδ
389 3074 441 3143 τδν
461 3077 676 3161 κατακλυσμὸν,
704 3078 918 3161 πληθυνόντων
943 3076 1008 3163 ἀρτι
1028 3085 1088 3142 τῶν
1111 3076 1283 3160 ἀνθρώπων
1304 3076 1364 3143 ἀπδ
1385 3086 1450 3145 τῶν

300 3186 390 3267 τρισίν
409 3181 484 3244 υἱῶν
506 3185 558 3244 τοῦ
584 3186 671 3258 Νοίε,
699 3179 772 3245 κατά
795 3180 937 3263 διαδοχήν
967 3185 1105 3244 8παίδων
1129 3183 1233 3254 παῖδες
1254 3183 1305 3244 καί
1332 3178 1449 3247 τούτων

300 3285 403 3357 παῖδες
427 3279 602 3366 9γεγόνασιν
624 3281 882 3365 ἑβδομηκονταδύο
905 3280 955 3347 τδν
972 3279 1105 3365 ἀρνθμδν
1122 3284 1155 3347 ἐν
1171 3279 1272 3368 κόσμῳ
1290 3279 1449 3365 ἀρχηγέται

299 3386 350 3451 καί
368 3390 573 3465 κεφαλαιοῖται.
613 3381 863 3467 Ἐπεκτεινόμενοι
883 3384 915 3447 δέ
936 3385 987 3448 καλ
1011 3381 1113 3467 πρόσω
1136 3386 1287 3465 βαίνοντες
1309 3379 1368 3445 ἀπδ
1391 3393 1450 3450 τοῦ

304 3483 473 3571 10’Λουβδρ
497 3483 588 3572 ὅρους
613 3488 664 3551 καί
687 3482 777 3569 δρίαν
799 3494 852 3567 τής
873 3483 1038 3567 Ἀρμενίας,
1066 3486 1215 3549 τουτέστιν
1239 3480 1366 3564 Ἀραράτ
1393 3493 1451 3568 τῆς

299 3586 410 3672 χώρας,
432 3593 562 3673 γίνονται
582 3589 614 3653 έν
629 3591 721 3675 πεδίῳ
738 3585 873 3671 Σεναάρ,
900 3589 974 3650 ἔνθα
991 3611 1051 3650 που
1069 3587 1244 3661 ἐπελέξαντο.
1289 3590 1391 3649 Κεῑται
1413 3591 1450 3656 δὲ

300 3687 374 3770 αὕτη
397 3687 417 3772 ή
438 3688 555 3776 Σεναάρ
579 3692 648 3756 νυνί
672 3691 703 3754 έν
726 3687 808 3777 χοίργι
831 3695 866 3776 τῇ
897 3695 931 3735 ¹¹
945 3694 1093 3775 Περσική·
1124 3679 1162 3769 ήν
1189 3687 1221 3751 δὲ
1244 3693 1331 3751 τοῦτο
1354 3684 1448 3756 πάλαε

299 3787 466 3872 Ἀσσυρίαν.
511 3790 620 3858 Ἐκεῖσε
641 3796 741 3857 τοίνυν
768 3787 1036 3863 ησυνδοιιίσαντες
1058 3786 1237 3870 συμβούλιον
1262 3787 1449 3872 λαμβάνουσι

333 3926 373 3979 26.
392 3925 457 3980 κατὰ
473 3931 524 3978 cod.
540 3934 592 3980 Vm
887 3925 1003 3994 γραφέων
1020 3925 1109 3992 πλάνη.

334 3994 375 4048 27.
392 3993 447 4054 ἑνὸς
469 3996 522 4048 υἱοῦ
545 3997 650 4063 διέξειμι
672 3995 718 4063 τήν
740 3999 853 4062 γενεαλο-
921 3999 944 4047 3.
964 4002 1037 4059 λιιςιλ
1062 3998 1112 4045 cod.
1140 4000 1233 4047 Venetus
1258 3993 1304 4065 οὐχ
1327 3992 1447 4060 Ἑλληνι-

300 4062 356 4131 γίαν
373 4066 423 4113 τοδ.
444 4066 496 4113 Ven.
530 4058 618 4129 λόγου,
645 4062 724 4130 ἔξειμι
743 4061 790 4129 τήν
812 4081 853 4129 γε·
888 4061 967 4129 σμός,
987 4060 1144 4147 ου’γναίρισις
1158 4062 1231 4130 ἑτέρα
1246 4082 1292 4124 τις.

300 4130 426 4197 νεαλογίαν
439 4130 483 4183 τοῦ
500 4128 554 4190 ἐνὸς
567 4131 622 4183 υἱοῦ
637 4135 735 4194 υυλγοισ
751 4138 783 4182 εει
795 4136 854 4182 scri-
920 4129 944 4181 ί.
961 4127 1013 4184 ἀλλ’
1029 4149 1068 4185 ατε
1083 4133 1126 4184 τοῦ
1144 4135 1195 4183 ινδ.
1213 4137 1266 4183 Ven.

299 4206 383 4261 μλυεσ,
399 4213 471 4280 ηαστε
486 4204 561 4248 tuetur
573 4203 644 4250 etiam
658 4202 708 4249 cod.
723 4201 819 4262 ίίίιαίίρ.
919 4201 943 4250 ὁ.
961 4196 1101 4266 ὑποφαίνων
1125 4198 1259 4253 ἐδείκνυτα
1300 4193 1366 4250 οίίτω
1390 4201 1445 4249 ενδ.

333 4267 374 4318 28.
392 4262 509 4332 αρφαδδιξ
526 4269 576 4316 ινδ.
590 4269 686 4329 λλιδίρ.
704 4271 746 4316 bis.
887 4272 941 4318 Ven.

334 4336 393 4384 (λιν.
405 4335 435 4383 V.
456 4361 485 4372 -
521 4335 542 4384 l.
560 4333 604 4385 καί
621 4350 665 4384 σαι.
680 4337 730 4385 cod.
747 4338 800 4385 νεα.
917 4336 942 4389 6.
958 4332 1045 4388 τούτου
1062 4351 1108 4386 σοι.
1126 4337 1177 4385 ωδ.
1198 4338 1272 4384 Venti.

332 4402 357 4451 2.
374 4405 453 4452 Placet
468 4405 582 4464 scriptura
597 4405 648 4452 ιοδ.
666 4406 754 4453 Veneti:
772 4399 790 4469 ή
805 4422 851 4456 κοι-
917 4404 940 4457 7.
960 4407 1020 4456 θελοι
1034 4408 1095 4455 λαστ
1109 4407 1185 4453 locum
1199 4406 1281 4450 ουσία·
1295 4402 1379 4450 Ολεοιι.
1393 4404 1445 4452 Pa·

298 4465 331 4522 τά
351 4467 425 4535 φύσιν
448 4464 554 4522 ἑκάστου
577 4465 718 4535 θελήματος
735 4467 781 4524 οιίκ
801 4467 850 4525 ἀπδ
884 4476 968 4524 scholis
982 4473 1090 4535 φαμλὸ.
1109 4473 1146 4520 εδ.
1159 4472 1233 4518 Rom

299 4535 477 4602 διδασκαλίας,
495 4530 553 4596 οὔτε
571 4534 772 4605 συγγραμμάτων
791 4555 851 4605 συγ·
918 4544 942 4591 ὅ.
963 4539 1059 4593 παίδων
1075 4541 1166 4596 παῖδες
1182 4530 1335 4588 καὶτούτων
1352 4538 1444 4599 παῖδας
