3046 5084
373 335 507 387 raanan
524 336 587 388 nra.
602 337 623 390 t.
640 337 721 391 nott.
734 338 767 391 tt.
782 337 882 390 naun.
896 339 1022 391 xxxin.
1207 327 1266 390 tta
1379 410 1383 419 ἡ

120 468 147 518 ιε
163 461 339 537 percusserit
360 460 390 518 ιε
411 459 557 519 amdan
573 459 681 539 praedo
699 460 748 520 dtr·
763 471 794 520 ει
813 462 941 520 altarum.
987 456 1074 541 Quod
1096 458 1212 544 quidem
1233 459 1269 522 ad

120 558 327 622 excellentium
347 578 447 623 rernm
466 557 693 623 adumbraudam
712 559 839 644 speciem
855 561 1061 637 coustitutum,
1085 571 1116 622 ει
1132 581 1150 624 a
1168 580 1270 644 corpo-

118 660 178 724 rcis
200 661 234 724 ad
257 660 399 746 spiritalia
420 659 592 724 translatum
616 682 652 724 ac
673 670 815 725 motatum
838 660 1079 746 perallegoriam
1101 663 1269 745 exponitur.

118 760 237 826 Etenim
255 763 365 848 effigies
384 784 419 826 ac
435 763 520 848 sigua
538 764 602 826 aliis
617 762 706 827 rebus
720 762 903 828 declarandis
920 762 1048 827 adbibita
1065 764 1206 849 tantisper
1221 786 1272 849 up·

122 865 330 951 portunitatem
346 865 521 944 habueruut,
546 865 640 950 quoad
655 866 781 930 nondum
796 865 907 930 veritas
922 865 1083 929 affulserat.
1123 863 1190 950 Qua
1206 886 1272 930 suc·

119 969 242 1032 cedente
260 989 318 1030 uon
336 987 411 1051 quae
428 967 566 1053 imagini,
589 969 640 1033 scd
658 989 733 1053 quac
747 967 864 1032 veritati
882 978 1064 1054 congruunt,
1090 969 1187 1033 lacere
1202 989 1272 1031 cou-

119 1070 213 1134 venit.
255 1066 345 1154 ldque
360 1071 453 1155 ipsum
470 1092 534 1134 cnm
550 1071 653 1157 reliqui
668 1090 770 1135 omnes
786 1070 930 1156 discipuli,
955 1080 1014 1135 tum
1031 1071 1181 1157 apostolus
1194 1067 1272 1134 Pan-

118 1173 163 1235 lns
179 1173 318 1235 ostendit.
365 1169 423 1254 Qui
439 1172 591 1257 figuratum
608 1172 677 1237 illud
693 1194 787 1257 genus
804 1183 922 1259 propter
939 1194 1005 1252 nos,
1029 1185 1059 1238 nt
1076 1173 1215 1250 diximus,
1240 1171 1270 1234 iu

119 1274 256 1358 paschate
274 1274 442 1360 azymisque
459 1276 651 1339 demonstrat.
696 1273 744 1340 tto
762 1277 856 1340 alteru
877 1297 966 1356 vero,
1000 1277 1076 1360 quod
1095 1276 1269 1361 implicatum

119 1377 260 1440 iniustitia
281 1387 345 1458 est,
376 1376 520 1463 loquitur,
551 1399 616 1442 cum
638 1378 732 1463 legem
756 1380 957 1442 mandatorum
977 1379 1019 1443 ait
1037 1379 1066 1442 in
1087 1377 1269 1462 dogmatibus
1284 1397 1368 1456 spus,
1379 1399 1409 1442 ts.

121 1480 302 1564 abrogatam.
350 1478 394 1544 [lc
417 1480 504 1544 tertio
522 1479 664 1565 denique,
694 1482 769 1566 quod
792 1481 948 1545 deterioris
971 1492 1016 1545 εει
1038 1502 1164 1567 expers,
1194 1485 1266 1554 tm,
1283 1502 1413 1557 namara

118 1583 228 1667 iuquit,
250 1594 349 1645 sanctu
370 1595 429 1657 est,
453 1595 483 1645 ει
502 1588 662 1646 mandatum
682 1596 826 1658 sunctum,
850 1597 880 1645 ct
899 1589 1002 1647 obstant
1024 1597 1053 1646 et
1073 1587 1183 1646 bonam.

201 1681 398 1768 Quamobrem
415 1685 487 1749 satis
506 1706 649 1771 superque
667 1685 736 1764 tibi,
760 1697 898 1770 qnantum
915 1686 1047 1751 breviter
1062 1684 1268 1772 comprehendi
1283 1697 1343 1764 cip.
1355 1695 1410 1744 t'tt.

117 1796 225 1873 potest,
245 1787 412 1852 declaratas
428 1807 480 1852 eas
495 1786 577 1872 leges
589 1786 718 1851 arbitror
732 1809 807 1872 quae
822 1809 860 1851 ex
875 1789 1049 1852 auctoritate
1066 1789 1212 1852 homiuum
1231 1787 1270 1849 ir·

117 1899 289 1974 repserunt,
313 1890 465 1975 ipsamque
483 1890 528 1953 dei
545 1890 639 1974 legem
655 1890 798 1954 trifariam
814 1911 881 1953 osse
900 1891 1033 1954 divisam.
1080 1887 1224 1975 Superest
1238 1899 1271 1951 ut

116 1994 180 2076 quis
197 1991 246 2055 illc
266 1991 305 2055 sit
318 1992 390 2057 dens
407 1992 482 2077 legis
498 2003 600 2057 auctor
615 1992 768 2055 dicendum
788 1992 932 2056 videatur.
977 1993 1068 2078 Atqui
1086 1993 1163 2056 istud
1183 1990 1270 2054 etiam

116 2116 155 2158 ex
172 2095 208 2158 iis
223 2114 297 2178 qnae
314 2095 455 2158 hactonus
474 2095 616 2179 disputata
635 2104 715 2173 suut,
740 2094 764 2158 si
782 2103 893 2157 attente
908 2093 1048 2174 audieris,
1072 2104 1141 2179 puto
1157 2092 1207 2155 tibi
1222 2094 1271 2155 de-

115 2206 318 2261 monstratum.
364 2195 440 2260 Nam
463 2197 488 2259 si
508 2202 641 2281 neque'a
659 2197 790 2282 perlecto
808 2196 857 2259 illo
877 2197 931 2260 deo
952 2195 1046 2281 posita
1066 2196 1114 2259 lex
1135 2207 1198 2272 εει,
1231 2194 1270 2257 nti
1365 2208 1368 2213 “

115 2299 283 2377 docuimus,
316 2320 411 2382 neque
430 2321 502 2363 reru
519 2321 536 2362 a
553 2299 686 2378 diabolo,
717 2300 792 2383 qnod
810 2299 887 2361 dictu
905 2297 992 2361 etiam
1012 2300 1092 2363 nolas
1109 2310 1171 2376 εει,
1198 2297 1271 2360 alius

115 2401 153 2466 sit
168 2411 296 2486 oportet,
315 2401 442 2484 quinam
460 2403 553 2487 legem
569 2401 736 2466 stabilierit.
771 2399 825 2464 llic
842 2411 888 2464 est
903 2401 992 2485 igitur
1008 2400 1097 2464 totius
1111 2401 1158 2465 ille
1172 2401 1269 2464 mundi

114 2523 274 2586 eorumque
292 2503 413 2588 quaein
430 2525 467 2567 eo
484 2503 672 2568 continentur
687 2505 796 2567 artilex
811 2515 840 2566 et
856 2504 1007 2580 conditor,
1032 2504 1067 2567 ab
1084 2503 1198 2567 illorum
1218 2524 1270 2566 na·

112 2618 178 2670 tura
195 2605 347 2683 diversus,
373 2617 403 2669 ει
419 2607 448 2670 in
463 2627 565 2670 curum
585 2607 681 2670 medio
697 2627 751 2672 suo
766 2607 831 2670 iure
847 2605 1053 2684 collocandus,
1078 2628 1134 2691 qna
1151 2627 1190 2669 ex
1210 2625 1270 2668 mc-

113 2707 267 2772 diocn'tato
285 2710 344 2794 peti
361 2710 426 2773 eius
444 2709 598 2795 appellatio
614 2720 722 2795 potest.
763 2706 850 2791 Quod
865 2709 890 2771 si
904 2710 1050 2792 perlectus
1066 2709 1114 2772 illc
1129 2709 1201 2772 dens
1219 2730 1270 2772 ua·

113 2823 180 2877 tura
197 2832 251 2876 sara
268 2811 362 2875 bonus
379 2822 443 2890 est,
469 2823 499 2876 nt
516 2823 563 2876 est
578 2833 683 2876 revera
701 2809 812 2896 (Unum
830 2812 907 2874 enim
927 2811 1034 2875 bonum
1052 2833 1119 2876 esse
1135 2813 1219 2877 deum
1235 2832 1269 2876 ae
1283 2827 1368 2875 marm

114 2925 264 3001 parentem
283 2935 366 2977 suum
384 2915 515 2978 salvator
532 2915 675 2993 asseruit,
700 2932 784 2999 qnam
803 2924 834 2977 et
849 2913 1015 2979 bominibus
1032 2916 1201 3000 patelecit),
1226 2927 1269 2979 est
1284 2884 1317 2938 ω’
1332 2882 1362 2925 '²‘

112 3028 209 3081 autem
229 3026 259 3079 ει
276 3016 422 3080 contraria
441 3028 545 3080 natura
564 3017 729 3103 praeditus,
754 3018 846 3081 malus
864 3017 1000 3082 videlicet
1018 3040 1053 3081 ac
1072 3040 1197 3103 pravus,
1221 3019 1269 3102 qni

111 3118 252 3184 iniustitia
277 3119 358 3182 velut
381 3120 498 3206 propria
521 3128 589 3184 nota
613 3120 878 3196 circumscribitur,
913 3120 961 3204 qui
984 3119 1061 3183 inter
1080 3120 1181 3184 ambos
1204 3119 1270 3184 illos

112 3222 284 3287 interiectus
302 3230 364 3300 est,
389 3233 421 3285 nt
439 3242 534 3306 neque
549 3222 656 3300 bonus,
681 3243 776 3307 neque
794 3223 886 3286 malus
901 3222 940 3286 sit
954 3233 1004 3286 ant
1018 3223 1157 3300 iniustos,
1182 3243 1267 3307 pecu·

113 3324 175 3390 liari
192 3325 314 3409 quadam
334 3326 448 3388 rationo
463 3325 558 3389 iustus
576 3323 716 3411 appellari
737 3335 851 3410 potest,
875 3335 1019 3409 quatenus
1037 3326 1166 3390 iustitiae
1183 3346 1269 3409 quam

112 3427 199 3492 babet
220 3428 423 3491 moderatione
449 3427 588 3512 lungitnr.
635 3427 734 3512 Atque
754 3438 784 3489 et
802 3429 930 3512 perlecto
952 3429 1006 3490 deo
1027 3429 1170 3490 minoret
1188 3428 1270 3491 iusti-

113 3531 172 3596 tiae
193 3529 272 3594 illius
298 3531 390 3616 impar
410 3531 545 3595 nitidem
568 3529 618 3593 ille
641 3529 713 3594 dens
736 3542 869 3614 oportet,
903 3541 1002 3615 utpote
1025 3551 1083 3594 nou
1106 3530 1266 3615 ingenitus,

112 3635 163 3699 sed
180 3633 374 3718 generatione
395 3634 564 3718 productus.
610 3629 694 3698 Unus
713 3631 789 3697 enim
811 3644 856 3698 est
877 3633 1025 3718 ingenitus
1040 3639 1143 3718 pater,
1175 3655 1268 3719 aquo

112 3736 230 3823 proprie
248 3746 317 3800 sunt
334 3735 484 3814 universa,
509 3758 572 3801 cnm
588 3735 625 3799 ab
643 3756 679 3801 eo
694 3745 761 3822 apta
776 3735 835 3799 siut
851 3748 881 3799 et
896 3756 1050 3821 suspensa.
1091 3733 1156 3799 Erit
1170 3747 1268 3801 tamen

110 3839 283 3904 adversario
299 3839 350 3902 illu
366 3838 460 3902 altero
478 3838 573 3902 maior
589 3860 623 3903 ao
640 3838 853 3926 praestantior,
880 3840 995 3902 tametsi
1012 3840 1159 3904 diversam
1177 3841 1215 3905 sit
1232 3841 1268 3906 ab

112 3953 235 4027 utruque
261 3953 394 4006 naturam
419 3940 670 4027 substantiamque
694 3942 829 4005 sortitus.
875 3939 953 4005 Nam
980 3942 1141 4006 adversarii
1165 3954 1268 4008 natura

111 4045 260 4131 corruptio
283 4055 329 4109 est
354 4065 390 4107 ac
417 4043 575 4124 tenebrao3
605 4066 670 4108 cnm
690 4044 812 4108 matoria
834 4044 939 4129 quippe
962 4057 1118 4110 concretus
1140 4058 1202 4126 est,
1234 4069 1267 4111 ao

111 4147 275 4234 multiplex.
321 4147 364 4210 Αι
383 4146 511 4233 parentis
528 4146 655 4210 oninium
676 4146 798 4231 ingeniti
817 4157 919 4210 tratura
936 4149 1131 4234 corruptionis
1150 4161 1197 4215 est
1214 4172 1268 4215 ex·

111 4272 198 4338 pers,
222 4251 331 4336 luxque
350 4251 413 4336 ipsa
433 4270 484 4335 pcr
503 4261 597 4314 semet
614 4250 766 4328 existens,
791 4250 916 4336 simplex
933 4263 963 4314 et
983 4253 1158 4318 uniusmodi.
1205 4252 1267 4318 Hc·

109 4433 403 4525 sipupnttrriptcrm'qood
416 4439 589 4492 mandandum
603 4443 636 4490 cst
647 4441 673 4489 ia
739 4438 765 4494 fc
781 4442 842 4494 nelo
878 4439 937 4508 edric
951 4445 1042 4506 placuit
1058 4446 1152 4494 Grobta

110 4524 344 4578 αχερεκτηριαστα.
739 4508 763 4562 7.
780 4504 843 4564 αὐτὸ
873 4513 1055 4564 rouddl'uttc.
1070 4512 1146 4564 leuet
1176 4505 1266 4568 adroic

144 4573 417 4643 spumantem.
448 4576 525 4646 ploos
539 4580 596 4630 rdtd
608 4579 671 4630 libri.
704 4580 758 4631 tibrt
774 4580 837 4630 cddt.
