3046 5084
355 339 489 392 osunen
506 340 567 394 ιιι.
582 342 602 394 ι.
619 340 702 395 rou.
716 341 760 392 ιιι.
778 341 875 393 naen.
887 342 968 393 xtu.
1175 330 1236 394 553

81 469 162 538 stus,
186 460 234 543 qui
254 460 289 524 ad
305 460 429 526 altarum
446 461 678 546 extinguendum
695 463 839 539 necessit,
863 463 1050 548 tyrannicum
1067 461 1131 526 eius
1145 461 1237 526 domi·

80 571 180 626 uatum
199 573 352 640 evertere,
383 573 482 648 utpote
500 563 577 648 quod
593 564 703 628 aeriter
719 563 843 628 obsistat
861 575 891 626 et
909 565 1052 628 adversus
1071 585 1236 650 supremum

80 663 162 742 illud,
186 667 261 748 quod
279 687 333 729 nee
348 665 441 729 videri
461 687 515 729 nee
532 665 676 730 nominari
693 677 801 751 potest,
825 666 867 729 sie
884 676 994 751 pugnet
1010 688 1043 730 ao
1059 671 1235 752 refragetur,

80 767 158 831 nulla
182 777 213 830 ut
236 767 264 830 vi
287 767 371 831 deiiei
395 788 461 831 sese
485 768 621 854 patiatur.

166 867 252 952 Quod
277 881 375 934 antem
398 872 520 935 insanus
543 871 591 934 ille
611 872 705 954 legem
725 893 759 934 ut·-
779 871 934 957 prophetas
954 873 1104 935 existimat
1122 895 1138 934 u
1156 873 1237 934 dete·
1258 880 1316 946 Gap.
1332 879 1375 930 ttt.

35 1031 38 1035 ,
80 973 152 1037 riori
175 994 210 1035 ao
232 973 381 1036 contrario
404 993 471 1037 esse
490 969 656 1057 Prinaipio,
688 973 848 1037 ameliore
871 995 943 1037 vero
964 971 1132 1053 Christum,
1161 974 1185 1037 si
1209 974 1236 1037 id

43 1122 47 1133 .
79 1092 181 1139 rerum
206 1085 268 1154 eat,
299 1076 446 1159 quomodo
468 1097 542 1160 quae
566 1076 602 1139 ad
622 1071 771 1138 Christum
790 1075 953 1139 attinebant
971 1078 1129 1161 prophetae
1147 1077 1237 1139 certis

79 1178 236 1262 ngurarum
253 1176 414 1243 irtvoluoris
430 1178 547 1241 obtentu
561 1165 711 1241 vaticinati
727 1189 796 1242 aurat
810 1178 865 1240 uisi
881 1199 937 1240 nna
954 1179 1113 1262 eademque
1129 1179 1173 1241 uis
1190 1199 1236 1241 es·

78 1291 126 1344 aet
148 1302 222 1365 quae
248 1281 278 1343 in
303 1281 367 1365 lege
393 1279 503 1364 pariter
526 1303 561 1344 au
587 1280 735 1365 prophetis
761 1291 847 1364 atque
873 1280 1035 1364 evangeliis
1059 1280 1153 1344 laento
1179 1282 1236 1343 sit?

82 1380 335 1466 Quemadmodum
365 1383 434 1445 diuit
462 1383 509 1467 qui
535 1383 677 1466 loquebar
703 1383 733 1446 in
761 1383 925 1468 prophetis:
960 1388 1035 1444 Erae
1060 1389 1377 1450 adnumerabatur.

77 1483 239 1550 Praeterea
257 1506 311 1550 eur
324 1485 457 1549 dominus
474 1486 503 1548 in
520 1484 675 1569 evangelio
691 1487 889 1570 praedicaret,
914 1490 950 1547 Se·
965 1491 1062 1566 tropat
1073 1491 1235 1561 crederetis,
1250 1500 1390 1554 rosunum.

79 1591 370 1671 erederehbsorar'tun
389 1600 417 1649 et
433 1592 517 1661 nubi,
551 1592 587 1649 de
603 1610 645 1650 me
661 1594 734 1650 enam
752 1592 801 1649 ille
817 1593 953 1669 sempsit?
996 1587 1084 1653 Plura
1103 1589 1235 1673 equidem

80 1692 115 1754 de
131 1691 273 1755 eiusmodi
291 1690 467 1754 testimoniis
483 1689 511 1752 in
532 1689 656 1752 medium
673 1690 779 1753 alderre
798 1712 929 1774 possem,
954 1691 1057 1773 quibus
1074 1693 1237 1755 aearumnla·

79 1795 117 1858 tia
132 1793 260 1857 scholam
278 1793 326 1856 ille
344 1793 398 1855 sibi
415 1792 571 1870 enullavit,
597 1793 644 1875 qui
661 1791 772 1855 iuleliui
789 1793 910 1876 quodmn
930 1796 989 1855 l'ato
1004 1815 1186 1856 etrntmunem
1201 1795 1235 1856 ad
1275 1823 1276 1826 ¹

79 1895 159 1960 orbis
175 1896 333 1982 perniciem
349 1894 484 1972 effloruit,
510 1915 544 1956 ao
559 1904 722 1957 sectatores
738 1916 808 1957 suos
825 1896 853 1957 iu
873 1895 1002 1958 fraudem
1019 1895 1139 1979 impulit.
1175 1894 1234 1960 Sed

80 1998 154 2062 hano
179 2020 235 2083 rgo
255 2019 370 2083 qnoque
389 1997 634 2081 praetermittam,
667 2007 818 2080 postquam
843 2018 905 2060 eam
930 1999 1069 2082 memyeis
1088 1998 1237 2061 cuiusdam

79 2123 113 2166 ao
130 2101 353 2187 pempbredonis
372 2101 462 2184 (quod
481 2120 590 2184 vespae
607 2120 702 2183 gertus
719 2105 779 2180 est)
799 2099 908 2177 instar,
941 2120 1015 2184 quaa
1034 2110 1063 2162 et
1080 2100 1140 2162 ictu
1156 2101 1236 2162 dolo·

78 2203 303 2267 rem‘rrreutiuut
323 2214 354 2266 et
375 2224 413 2266 ex
432 2211 624 2287 pennatorum
642 2202 822 2266 insectorum
840 2223 950 2286 gernere
969 2212 1054 2279 suut,
1087 2224 1144 2265 ono
1167 2224 1236 2265 eon-

80 2317 158 2370 taotu
178 2306 344 2388 obtrituque
364 2304 533 2389 profligari,
568 2305 766 2368 efficacissima
790 2305 836 2366 dei
860 2306 913 2367 lide
936 2327 970 2367 ao
989 2305 1110 2367 salutari
1128 2306 1235 2368 domini

79 2410 171 2472 nostri
191 2405 259 2472 lesu
279 2404 390 2473 Christi
410 2407 541 2471 doctrina
559 2407 720 2485 subnixus,
755 2408 802 2492 qui
823 2407 912 2484 dixit,
947 2413 1042 2468 Videte
1059 2431 1094 2469 ne
1112 2412 1390 2489 deceptu-manaa

78 2517 163 2574 mini:
195 2514 280 2573 marlei
297 2516 369 2572 enim
390 2515 501 2571 nearent
514 2513 781 2591 pseudoprophetae.
830 2507 962 2593 Cumque
983 2520 1012 2572 et
1031 2510 1180 2594 apostolus
1200 2479 1389 2572 domm

78 2614 181 2678 iisdem
201 2613 348 2677 ementitis
367 2609 495 2677 Christis
513 2633 547 2675 ao
561 2612 708 2696 magistris
728 2613 866 2697 lalsisque
885 2613 1022 2676 iratribus
1039 2613 1152 2676 loeutus
1169 2634 1237 2676 oau-

78 2716 169 2780 tiores
187 2737 242 2780 nos
258 2715 434 2793 reddiderit,
458 2717 494 2778 ad
511 2715 650 2799 reliquas,
676 2726 761 2800 prout
777 2715 880 2778 ordine
897 2736 964 2778 sese
980 2717 1119 2795 ollrrunt,
1144 2729 1238 2779 trans·

78 2820 196 2884 tamuda
220 2817 305 2882 nobis
327 2829 374 2881 est
395 2818 502 2882 oratio.

252 3058 506 3136 conrad
552 3057 1057 3154 nauclohtst'ns

303 3205 385 3276 quae
413 3186 465 3256 est
489 3179 639 3256 haeresis
659 3177 793 3271 xxlt,
820 3181 873 3255 vel
892 3181 1005 3256 XLII.

163 3331 317 3413 Marcion,
349 3352 447 3417 aquo
467 3330 678 3396 lllareionistae
701 3332 841 3395 nominati
864 3345 949 3411 sarrit,
985 3354 1001 3395 a
1024 3330 1162 3397 Cerdone
1185 3335 1235 3397 illo
1255 3345 1345 3411 capt.

77 3435 146 3502 novi
164 3438 308 3522 dogmatis
326 3436 511 3499 oooasiouem
528 3434 684 3520 arripiens,
708 3435 813 3518 ingens
830 3446 860 3498 et
875 3437 936 3519 ipse
952 3436 1073 3501 eotuher
1088 3437 1117 3499 in
1134 3436 1235 3500 orbem

77 3552 221 3606 terrarum
236 3539 372 3603 intectus
389 3549 446 3602 est.
493 3535 551 3620 Qui
569 3536 678 3601 infinita
696 3537 842 3601 hominum
860 3538 1040 3602 multitudine
1058 3538 1149 3602 variis
1166 3541 1236 3602 arti·

77 3646 131 3709 bus
151 3645 186 3707 ad
206 3643 261 3706 hoc
280 3662 372 3726 usqne
391 3653 505 3727 tempus
523 3639 607 3703 illusa
626 3641 722 3704 ludum
743 3643 854 3704 erraris
873 3643 998 3725 aperuit.
1046 3642 1143 3726 Atque
1163 3643 1235 3707 haee

77 3746 209 3811 haeresis
226 3745 312 3808 badia
330 3765 387 3807 non
405 3745 491 3808 modu
506 3742 622 3806 Romae
640 3754 670 3807 et
686 3743 715 3805 io
735 3741 817 3806 ltalia
833 3745 996 3829 reperitur,
1020 3745 1071 3806 sed
1089 3756 1118 3808 et
1135 3748 1235 3832 Aegy·

77 3861 156 3936 ptum
178 3868 213 3912 ao
237 3845 453 3927 Palaestinam,
488 3869 542 3911 rrae
566 3867 624 3910 nou
651 3847 789 3910 Arabiam
815 3867 849 3909 ao
874 3845 1011 3931 Syrium,
1047 3844 1177 3936 Cyprum
1200 3871 1234 3911 ae

78 3951 278 4030 Thebaidem,
303 3951 361 4013 imo
380 3951 468 4014 etiam
484 3948 636 4014 Persidem
654 3949 783 4033 aliasque
801 3949 937 4031 regiones
955 3951 1103 4034 longeest
1120 3951 1235 4037 lateque

77 4066 249 4142 pervagata.
295 4051 410 4136 Quibus
438 4055 466 4114 in
489 4052 562 4118 loeis
586 4053 738 4138 plurimum
762 4052 959 4135 nequissimus
982 4055 1104 4117 daemon
1125 4055 1234 4117 callidi-

77 4168 138 4222 tate
159 4177 213 4221 soa
231 4177 266 4220 aa
283 4155 478 4219 fraudulentia
494 4156 627 4241 proterit.
673 4151 743 4217 Fuit
762 4155 817 4218 iste
833 4176 944 4238 genere
959 4153 1117 4236 Pontinus,
1142 4178 1180 4220 ex
1199 4178 1233 4220 ea

77 4271 160 4347 parte
177 4281 251 4344 quae
268 4257 491 4343 Helenopontos
507 4257 624 4336 dieitur,
649 4257 754 4343 oppido
771 4254 894 4344 Sinope,
919 4261 1159 4344 quemadmodum
1177 4263 1234 4323 lre-

77 4363 177 4449 quenti
201 4364 237 4426 da
260 4382 296 4425 eo
321 4362 396 4424 lama
420 4359 597 4442 percrebuit.
645 4360 704 4444 Qui
726 4360 809 4424 initio
833 4363 910 4426 vitae
935 4363 1049 4427 scilieet
1070 4363 1233 4427 uastitatem

79 4515 135 4570 tet.
150 4533 170 4569 e.
186 4519 257 4568 rohob
272 4519 400 4580 Epiphania·
415 4518 469 4566 libri
485 4518 555 4579 oulqo
569 4529 640 4579 prae·
706 4515 731 4567 3.
748 4520 783 4568 ltu
798 4521 894 4568 remeat.
931 4520 995 4567 dibri
1008 4521 1069 4568 em‘m
1082 4520 1165 4569 hubent
1177 4535 1235 4585 ape»

77 4589 130 4638 beru
146 4583 267 4655 palpamur.
675 4582 808 4654 βαινὸιτωιι
824 4587 874 4640 τῶν
890 4580 980 4640 ἄλλων.
