3046 5084
383 336 517 389 tamtan
531 336 623 389 ΗΜ.
639 338 722 390 ΤΟΜ.
741 340 771 389 ll.
788 338 886 390 tinen.
901 340 1002 391 XXXl.
1202 332 1264 393 319

120 453 295 519 Tricenario
312 467 465 540 permanet
479 458 588 539 (neque
604 456 681 519 euim
698 455 832 541 ingentes
848 455 1060 542 Magnitudiuis
1079 460 1197 545 spiritns
1215 484 1265 525 co·

118 558 213 623 ereeri
229 557 288 622 ullo
304 578 338 622 sc
352 576 476 621 numero
492 556 659 639 sinebant),
688 577 742 643 pro
759 557 886 621 maribus
901 580 998 624 mares
1014 560 1086 624 alios
1102 562 1262 641 substituit,

119 656 231 741 Unum,
254 658 406 739 Tertium,
431 657 590 743 Quintum,
615 654 798 743 Septimum,
820 660 996 745 totidemque
1019 663 1151 740 lemiuss,
1175 660 1265 726 Oina-

119 762 210 843 rinm,
235 761 431 841 Ternarium,
455 759 631 841 Semurium,
657 757 859 826 Octouarium.
905 760 988 827 Haec
1006 776 1052 827 est
1066 760 1187 848 Ogdoas
1202 764 1262 841 illa,

118 886 191 949 quae
209 863 371 951 superioris
388 860 539 947 Ogdoadis
556 883 662 928 nomen
682 864 718 927 ad
738 883 807 927 sese
824 864 988 928 transtulit:
1019 861 1127 951 Bytbi,
1152 863 1261 943 Patris,

117 964 266 1048 Hominis,
284 963 450 1045 Sermonis,
469 962 569 1050 Siges,
593 962 749 1045 Veritatis,
773 963 938 1045 Ecclesiae,
963 964 1063 1031 Vitae.
1101 966 1186 1051 Quae
1201 969 1265 1052 qui-

118 1070 183 1133 dem
202 1070 358 1133 coniuncta
374 1065 547 1133 Luminibus
566 1079 629 1148 est,
659 1079 690 1133 et
708 1069 859 1134 absolutus
877 1067 1070 1135 Trinouarius
1088 1071 1198 1148 evasit,
1230 1091 1264 1132 ac

118 1171 199 1255 prior
217 1167 394 1235 Octouarins
416 1170 588 1255 quiescens,
618 1190 682 1234 cnm
706 1181 737 1235 et
753 1168 866 1257 Bytbus
884 1192 937 1256 per
951 1168 1162 1256 Magnitudinis
1182 1172 1264 1236 fulci-

118 1285 245 1337 mentum
271 1273 360 1353 exiit,
390 1284 423 1337 ιιι
445 1294 510 1337 cnm
528 1270 706 1363 Tpiceuario
729 1294 796 1337 sose
819 1274 979 1359 copularet.
1031 1273 1109 1337 Vero
1133 1275 1209 1337 enim
1234 1286 1264 1338 et

118 1373 261 1439 Veritatis
283 1372 373 1439 Pater
397 1396 460 1439 eum
482 1372 618 1439 Ecclesia
638 1396 815 1461 congressus
839 1386 900 1455 est,
934 1386 964 1439 et
987 1374 1141 1440 Maternus
1165 1375 1262 1440 Vitam

119 1478 239 1543 sortitus
261 1489 322 1556 est,
352 1488 381 1541 et
400 1473 571 1541 Paracletus
588 1473 754 1556 fluitatem,
787 1489 818 1542 et
832 1474 938 1542 Unitas
961 1500 1025 1541 cnm
1044 1477 1187 1543 Veritatis
1207 1477 1261 1542 Pn-

117 1589 203 1643 rente
220 1580 351 1666 oopolsta
368 1589 430 1658 est,
453 1589 482 1642 ιι
501 1600 566 1643 eum
585 1577 657 1664 Sige
672 1576 816 1644 Veritatis
835 1580 883 1644 ille
901 1578 1014 1645 Parens
1034 1582 1098 1645 tuit.
1143 1582 1185 1645 At
1202 1581 1261 1667 spi·

117 1683 209 1747 ritulis
224 1678 330 1748 Sermo
344 1702 408 1747 enus
426 1678 538 1767 Spiritu
553 1679 721 1767 incorrupta
735 1683 857 1766 quadam
874 1683 1075 1748 commistione
1091 1684 1262 1747 coniunctus

117 1795 179 1864 est,
203 1795 233 1849 et
246 1784 450 1850 Autometoris
465 1783 568 1863 linem,
594 1783 649 1847 boc
663 1793 709 1847 ιιι
723 1805 899 1869 perennem,
923 1806 977 1849 uec
992 1786 1182 1871 interruptam
1199 1788 1262 1870 qui-

115 1896 192 1950 etem
213 1908 296 1952 suam
319 1886 427 1951 effecit.
473 1881 670 1969 Quamobrem
690 1886 739 1949 ubi
758 1885 951 1950 Triceuarios
968 1889 1109 1972 profunda
1127 1889 1175 1952 illa
1193 1885 1262 1975 My·

115 1988 205 2053 sterie
221 1989 352 2075 peregit,
384 1989 448 2053 siue
465 1987 533 2052 ullis
548 1989 666 2052 omniuo
684 1988 807 2073 nuptiis,
838 1999 869 2051 ut
883 1989 1052 2075 incorrupto
1069 1991 1262 2074 sempiterno-

115 2112 172 2176 que
189 2092 292 2178 generi
309 2091 467 2171 convenit,
497 2089 665 2176 incorrupta
681 2090 779 2153 itidem
796 2090 921 2170 lumina,
956 2113 1029 2176 quae
1043 2089 1147 2157 Unitas
1164 2094 1261 2178 appel-

115 2194 228 2275 lantur,
250 2205 387 2280 uuquam
405 2193 479 2257 lilios
496 2192 651 2278 produxit,
674 2203 706 2257 ιι
723 2191 837 2277 quidem
853 2192 1004 2257 informes.
1052 2192 1191 2258 lucebant
1208 2194 1261 2279 igi-

115 2307 162 2361 tur
188 2298 394 2383 propemodum
417 2294 609 2379 intelligentia
638 2295 716 2359 omui
743 2295 898 2374 destituta,
932 2316 967 2358 ac
994 2295 1058 2360 siue
1088 2296 1145 2360 nlla
1172 2297 1260 2359 animi

116 2398 235 2464 notione
251 2397 452 2484 quiescebant.
498 2397 642 2483 Quicquid
660 2398 770 2461 enims
787 2396 920 2482 quopiam
938 2397 1049 2481 agitur,
1071 2399 1107 2461 nb
1126 2418 1179 2476 eo,
1204 2400 1260 2461 uisi

115 2501 254 2566 universe
270 2500 424 2586 intelligat,
448 2501 545 2586 agitur
559 2498 640 2563 nibil.
685 2498 772 2564 bluue
788 2500 817 2563 iu
834 2500 950 2564 modum
969 2500 1129 2585 procreatis
1147 2500 1260 2564 lumini-

113 2602 186 2683 bus,
209 2610 339 2689 anorum
356 2603 567 2667 multitudinem
584 2602 764 2666 numerando
782 2623 958 2687 percensere
976 2603 1045 2666 nibil
1060 2622 1184 2667 necesse
1201 2612 1258 2683 est,

114 2706 211 2770 auimo
233 2727 307 2771 vcro
325 2706 570 2791 comprehendere
588 2714 704 2790 oportet
720 2704 800 2789 (nam
818 2705 1041 2790 uunnrquodque
1062 2726 1144 2770 snam
1163 2706 1260 2790 appel-

112 2807 251 2873 lationem
270 2808 405 2873 sortitum
425 2818 488 2887 est,
518 2827 593 2893 quae
613 2828 653 2872 ex
672 2828 846 2871 arcanorum
866 2809 1070 2893 mysteriorum
1091 2810 1259 2893 cognitione

113 2912 316 2998 depromitur),
335 2912 370 2976 ad
384 2911 527 2975 scientiae
540 2911 682 2975 delectum
697 2908 857 2996 perpellere
872 2910 1026 2974 universos
1042 2912 1114 2995 Sige
1126 2912 1257 2997 cupiens,

113 3014 150 3078 ad
168 3015 325 3079 secundam
345 3013 588 3098 substitutamque
606 3013 685 3077 illam
703 3012 769 3079 loco
784 3013 905 3076 alterins
923 3008 1092 3097 Ogdoadem
1111 3015 1256 3094 adiunxit,

112 3117 278 3204 corruptela
293 3117 388 3180 omnis
404 3125 526 3202 experte
542 3115 765 3193 coniunctione,
797 3116 848 3179 sed
864 3115 1013 3178 voluntate
1028 3116 1168 3180 eiusmodi
1185 3138 1258 3201 quae

112 3219 166 3284 sub
188 3217 408 3305 intelligentiam
430 3219 559 3283 caderet.
610 3214 781 3283 Cuiusmodi
802 3217 961 3282 voluntatis
983 3217 1107 3303 impetus
1130 3216 1258 3304 Spiritus

113 3318 242 3387 Sanctus
263 3334 326 3403 est,
358 3322 405 3407 qui
427 3321 457 3386 iu
477 3321 573 3385 medio
591 3330 758 3405 sanctarum
776 3317 977 3383 Ecclesiarnm
996 3319 1116 3384 residet.
1162 3318 1257 3403 Quem

112 3446 178 3489 cum
196 3426 354 3490 secundam
371 3425 408 3488 ad
425 3420 597 3509 Ogdoadem
614 3422 788 3508 allegasset,
819 3423 846 3487 ei
865 3424 1010 3509 persuasit
1029 3445 1126 3487 secum
1146 3434 1178 3485 ut
1194 3422 1258 3507 ipsa

113 3527 311 3614 copularetur.
356 3524 503 3612 Quocirca
520 3525 549 3589 in
567 3524 688 3611 siugulis
706 3521 855 3610 Ogdoadis
876 3527 1004 3610 partibus
1022 3525 1187 3589 celebratae
1204 3545 1258 3588 nn·

112 3628 189 3716 ptiae
203 3642 283 3695 suut.
315 3626 465 3715 Siquidem
480 3650 546 3694 eum
562 3624 630 3693 Uno
644 3622 773 3715 Spiritus
788 3625 915 3692 Sanctus
931 3628 1103 3691 coniunctus
1117 3637 1173 3705 est,
1193 3648 1257 3691 cum

113 3731 219 3799 Tertio
231 3730 327 3821 Opas,
351 3731 473 3797 Tertius
487 3753 553 3796 cum
567 3729 705 3811 ldexede,
728 3740 759 3795 et
773 3752 836 3795 cum
855 3728 986 3815 Septimo
1003 3725 1135 3814 Ogdoas,
1161 3726 1258 3814 Septi·

111 3856 177 3899 mus
198 3856 264 3901 enm
283 3832 406 3922 Opedc,
437 3856 502 3899 cum
525 3831 636 3917 Quinto
658 3830 773 3898 flexas.
818 3831 862 3896 lta
883 3829 1001 3916 Ogdoas
1022 3832 1161 3897 universa
1183 3855 1257 3897 uun·

111 3958 196 4023 quem
218 3948 419 4003 marcescente
443 3936 592 4022 voluptate
619 3947 707 4021 atquc
732 3936 846 4020 integra
871 3934 1094 4019 incorruptoque
1121 3935 1257 3999 mistione

113 4038 309 4125 coniungitur.
358 4037 449 4104 Nulla
471 4039 575 4125 quippe
596 4038 632 4101 ab
657 4037 782 4102 invicem
807 4036 954 4122 separatio
979 4036 1047 4117 luit,
1081 4039 1132 4102 sed
1158 4048 1256 4102 mutua

112 4142 240 4207 omnium
256 4164 320 4208 cum
337 4140 543 4207 honestissima
556 4139 704 4226 voluptate
717 4134 909 4225 temperatio,
933 4160 973 4202 ex
989 4161 1046 4224 qna
1061 4136 1255 4205 Pruuicorum

111 4245 247 4311 muliebri
262 4265 339 4310 sexu
356 4244 517 4309 carentium
537 4241 698 4329 Quiuarins
714 4242 865 4321 exoritur,
897 4241 979 4307 cuins
995 4242 1066 4307 baec
1084 4255 1152 4309 sunt
1170 4265 1256 4309 rona-

144 4432 185 4487 ιθ.
204 4427 357 4501 ἅιτιτὺιιση
375 4435 427 4486 cod.
445 4437 499 4485 Vsa.
701 4432 753 4496 ψας
770 4428 855 4484 duetus
872 4428 916 4483 καὶ
932 4425 1011 4496 αὐτὴν
1028 4434 1112 4496 reliqui
1127 4434 1190 4483 ttbrs'.

143 4502 186 4553 tt.
201 4504 239 4554 ltu
253 4506 344 4555 comet
360 4516 414 4555 ιιιιιι
428 4504 525 4553 Petncto
541 4505 564 4553 ιι
579 4502 667 4552 coran-
733 4500 774 4551 m.
792 4498 937 4566 Πρινιικωι
951 4502 1003 4553 cod.
1016 4502 1069 4552 Vem
1097 4498 1256 4567 Προυιιιιιωι

111 4572 155 4622 rto.
178 4568 311 4639 mecam
321 4562 456 4638 miniada
467 4570 583 4623 codt'sa.
602 4566 666 4636 alp·
698 4570 790 4633 rottqut.
