3046 5084
407 360 992 417 rnuuauussmmuuunxc.
1211 349 1272 415 537

127 479 309 566 dogmatibus
324 490 404 545 esset
418 479 563 562 imbutus,
592 482 681 547 talem
699 488 810 568 pestetu
824 481 905 545 velut
920 481 1211 565 exquisitas-merces
1226 502 1272 546 se-

127 603 191 646 eum
211 583 240 645 iu
260 581 382 667 patriam
401 583 530 648 revexit.
575 581 650 649 Erat
667 583 757 662 hoec,
789 593 819 647 ut
840 582 982 659 diximus,
1013 583 1155 646 Armenia
1173 581 1274 646 Minor

126 686 156 748 iu
170 684 267 748 vicina
282 682 402 749 Satalae
416 685 549 769 regione.
595 684 663 769 Quo
680 706 744 749 oum
761 694 840 750 esset
856 706 1006 763 reversus,
1031 685 1205 769 contagione
1220 706 1274 750 sua

127 809 211 872 quam
234 787 373 872 plurimos
394 787 453 850 illic
474 788 585 852 iuleeit.
629 786 707 852 Nam
730 802 764 852 'se
786 789 815 851 iu
841 787 1016 873 locupletum
1037 787 1216 871 quorundam
1239 808 1273 849 ac

126 890 267 954 senatorii
284 889 394 953 ordinis
411 890 553 969 lemicae,
583 890 762 974 aliorumque
781 889 1001 975 primariorum,
1032 887 1187 951 amicitiam
1204 889 1274 951 iusi-

125 1013 220 1056 nuans
236 1012 287 1077 per
303 1012 355 1055 eos
372 1001 469 1077 utpote
485 992 630 1078 principes
647 993 727 1055 viros
744 991 863 1056 infinitis
880 992 1043 1055 huminibus
1059 989 1180 1053 exitium
1199 1001 1273 1054 attu-

126 1094 171 1158 lit.
216 1091 276 1158 Sed
297 1114 363 1156 enum
382 1093 515 1158 domiuus
534 1093 671 1157 celeriter
687 1114 703 1156 e
721 1093 817 1157 medio
834 1094 969 1172 sustulit,
1002 1115 1066 1156 cnm
1084 1093 1140 1155 iam
1157 1092 1272 1157 zizauin

125 1217 180 1260 sca
202 1195 370 1281 sparsisset.

211 1293 350 1362 Ceterum
373 1297 420 1361 isti
440 1298 622 1384 apocryphos
640 1297 782 1382 quosdam
804 1298 893 1361 libros
918 1298 1075 1361 finxerunt.
1121 1295 1148 1360 E
1169 1297 1272 1381 quibus
1291 1306 1349 1372 Cap.
1368 1307 1399 1355 u.

127 1399 184 1465 duo
207 1411 276 1463 sunt
290 1397 490 1485 Symphoniae
509 1400 644 1480 nomine,
674 1398 772 1463 Maior
788 1400 925 1463 videlieet
942 1421 977 1463 ac
992 1397 1103 1463 Minor.
1151 1397 1275 1463 Praeter

126 1523 199 1588 quos
213 1502 367 1565 nonnullos
382 1502 455 1566 alios
472 1502 509 1565 iis
524 1502 627 1587 quihus
640 1525 706 1567 cum
722 1511 811 1586 agunt
823 1523 997 1586 percensere
1014 1501 1120 1580 solent,
1143 1513 1175 1565 ut
1192 1523 1273 1565 erro·

125 1625 188 1668 rem
204 1625 286 1669 suum
304 1602 400 1668 multis
415 1604 637 1670 auetoritatibus
651 1605 794 1669 affirmare
810 1625 845 1666 ae
862 1605 985 1689 probare
1003 1604 1169 1667 videantur.
1213 1602 1273 1666 lla·

126 1707 197 1771 heut
212 1717 241 1769 et
258 1727 330 1790 quos
345 1700 539 1790 Ἀλιογενεῖς,
561 1705 616 1769 hcc
633 1718 679 1769 est
695 1710 891 1788 Alieut'geuca,
918 1718 1033 1786 vucaut,
1058 1708 1100 1771 sic
1117 1706 1272 1791 inscriptos

125 1809 250 1874 libellos.
296 1805 370 1871 ltem
389 1829 428 1872 ex
444 1808 607 1872 Auchaticu
623 1806 748 1886 Esaiae,
773 1819 804 1872 et
819 1809 847 1872 id
862 1829 955 1892 genus
972 1809 1163 1894 apocryphis,
1187 1830 1273 1892 argu-

126 1921 225 1976 menta
243 1911 425 1996 depromunt.
472 1906 530 1974 Sed
549 1931 585 1974 eu
602 1910 676 1974 libro
694 1910 741 1973 cui
760 1907 959 1994 Symphoniae
978 1931 1083 1973 nomen
1103 1922 1148 1973 est
1165 1910 1205 1972 uti
1222 1932 1273 1994 po·

126 2014 266 2078 tissimum
287 2012 400 2092 solent,
430 2013 459 2076 in
482 2034 539 2096 quo
557 2012 701 2076 coelestes
720 2012 807 2075 orbes
831 2022 897 2075 octo
919 2012 964 2074 vel
984 2022 1095 2096 septem
1118 2032 1185 2075 esse
1204 2012 1273 2074 defi-

125 2117 219 2180 niunt.
250 2112 378 2179 “llorum
400 2115 429 2178 in
452 2115 576 2199 singulis
598 2114 728 2189 residere
746 2111 915 2198 Principes,
948 2115 988 2177 ita
1010 2124 1042 2176 ut
1063 2133 1115 2198 per
1137 2123 1274 2199 septenos

126 2218 214 2283 orbes
234 2217 377 2282 distributi
400 2216 459 2281 sint
477 2228 565 2301 atque
582 2237 658 2280 uuus
679 2215 709 2279 iu
727 2216 856 2301 quolibet
874 2213 1015 2300 Princeps
1034 2215 1153 2279 existat.
1200 2211 1274 2279 Cer·

125 2333 173 2385 tos
197 2341 285 2405 porro
307 2320 462 2404 uuicuique
484 2316 612 2404 Principi
635 2319 753 2382 ordines
776 2338 843 2381 esse
865 2319 1037 2404 descriptos.
1084 2316 1179 2402 Supra
1202 2338 1274 2401 quos

126 2443 229 2497 omues
248 2433 353 2486 octavo
376 2423 406 2486 iu
429 2419 512 2485 coelo
531 2421 653 2485 lucidam
669 2417 798 2485 Matrem
822 2430 984 2484 ceterarum
1004 2421 1165 2484 haereseon
1192 2441 1274 2484 mure

126 2525 316 2590 constituunt.
368 2521 429 2588 Sed
452 2544 552 2588 eorum
576 2523 663 2608 aliqui
687 2523 862 2589 foedissimis
885 2523 1050 2587 libidinibus
1073 2545 1197 2609 corpora
1220 2544 1273 2587 sua

126 2627 335 2692 contaminant.
378 2625 437 2690 Alii
451 2626 559 2690 ieiunia
572 2626 742 2690 simulantes
758 2624 961 2689 monachorum
978 2629 1076 2711 specie
1092 2627 1274 2712 simpliciori-

127 2730 181 2793 bus
203 2729 342 2807 illuduut,
376 2750 410 2792 ac
434 2748 466 2793 se
488 2727 628 2792 bonorum
652 2728 779 2792 omnium
802 2727 984 2793 abdicatione
1006 2730 1168 2794 venditant.
1215 2725 1273 2791 lam

127 2852 199 2896 reru
217 2831 247 2895 iu
265 2851 456 2916 unoquoque,
487 2841 519 2895 ut
536 2831 641 2894 dictum
660 2841 724 2908 est,
755 2830 838 2894 coelo
857 2829 1021 2918 Principem
1044 2843 1074 2895 et
1093 2829 1273 2896 Potestatem

127 2955 193 2999 eum
213 2933 324 3017 augelis
343 2934 452 3018 aliquot
470 2932 683 3019 apparitoribus
704 2931 858 2996 collocant.
905 2931 1072 3016 Quemlibet
1091 2936 1168 2998 euim
1188 2933 1274 2999 Prin-

127 3036 220 3122 cipem
243 3056 313 3100 suos
335 3035 389 3099 sibi
410 3035 548 3119 genuisse
569 3056 604 3099 ae
627 3055 799 3120 procreasse
819 3036 971 3101 satellites.
1018 3033 1144 3102 Carnem
1168 3049 1275 3121 negant

126 3157 296 3222 resurgere,
319 3137 404 3222 idque
417 3139 471 3202 soli
485 3138 599 3216 animae
613 3137 755 3202 tribuunt.
796 3135 978 3223 baptismum
993 3139 1147 3219 damuau13
1172 3149 1274 3201 tumet·
1377 3165 1381 3171 v

126 3241 153 3306 si
169 3241 247 3305 iuter
263 3261 315 3304 eos
332 3238 407 3320 siut,
439 3241 487 3325 qui
504 3237 655 3325 Baptismus
673 3250 760 3304 autea
777 3239 882 3304 initiati
899 3242 1018 3304 luerint.
1064 3239 1273 3326 Mysteriorum

126 3343 359 3409 communionem
377 3364 411 3407 ac
427 3342 584 3407 bonitatem
603 3343 755 3428 repudiant
771 3353 903 3426 tauquam
923 3343 1046 3406 alienam
1065 3353 1094 3404 et
1109 3343 1139 3406 in
1157 3342 1273 3406 nornine

127 3444 258 3513 Sabaoth
273 3455 428 3531 repertam.
468 3444 554 3509 lluue
571 3445 661 3524 euim,
679 3457 712 3509 ut
725 3455 756 3509 et
769 3445 844 3509 aliae
860 3447 999 3530 quaedam
1016 3445 1166 3524 haereses,
1185 3445 1274 3530 septi-

125 3570 175 3613 mo
194 3549 224 3612 iu
242 3547 312 3612 orbe
331 3549 461 3627 versari,
491 3568 525 3611 ac
541 3548 723 3634 tyrannidem
740 3568 900 3626 exercere,
930 3548 1114 3633 praedicant,
1145 3558 1275 3612 eeteros·

125 3671 181 3737 qne
205 3650 350 3714 violenter
371 3651 545 3738 opprimere.
591 3648 808 3737 Principatcum
831 3648 1071 3734 Potestatumque
1094 3650 1189 3715 cibum
1213 3651 1274 3714 aui·

126 3776 203 3819 mam
216 3754 373 3839 appellant,
397 3754 461 3819 siue
478 3774 534 3839 qua
551 3754 653 3819 rivere
669 3754 734 3818 illos
748 3776 807 3819 uou
823 3775 921 3840 posse,
946 3754 1020 3838 quod
1040 3774 1056 3815 a
1072 3752 1193 3818 coelesti
1206 3775 1275 3817 rore

126 3865 281 3943 procreata
298 3866 417 3941 vegetet
431 3857 496 3920 illos
514 3878 549 3921 ac
566 3859 675 3922 foveat.
722 3857 806 3942 Quae
823 3879 886 3921 eum
906 3857 941 3920 ad
959 3855 1153 3940 cognitionem
1171 3878 1274 3943 perve-

127 3959 219 4040 nerit,
242 3980 277 4022 uc
294 3959 466 4044 baptismum
486 3959 629 4025 ecelesiae
652 3980 816 4046 nomenque
836 3956 985 4038 Sabaoth,
1009 3959 1056 4042 qui
1078 3971 1181 4023 artetur
1200 3959 1274 4044 legis

127 4072 192 4140 est,
226 4061 382 4145 effugerit,
417 4062 452 4124 ad
479 4061 610 4146 singulos
635 4065 754 4128 evolare
777 4062 921 4126 coelestes
947 4061 1052 4140 orbes,
1085 4081 1175 4146 seque
1200 4063 1272 4148 apud

128 4253 256 4303 comeum
264 4253 346 4301 satit:
356 4277 389 4288 -
403 4248 470 4317 apud
479 4266 506 4300 se
517 4249 680 4312 accumulant,
747 4251 772 4302 5.
781 4236 851 4302 ¹cloec
863 4254 946 4314 scripsi
958 4258 987 4301 ιι
1002 4253 1110 4302 Camurti
1123 4256 1191 4315 etque
1205 4254 1274 4302 Peto-

127 4335 177 4386 quu
190 4317 216 4368 io
231 4316 400 4384 congressdius
412 4317 541 4369 rideantur
553 4334 623 4369 suom
637 4334 679 4369 er·
712 4321 746 4370 ull
755 4320 919 4369 emmdmtooe.
938 4321 1002 4370 Libri
1012 4322 1073 4370 enlm
1082 4322 1165 4370 hubent
1174 4317 1273 4373 εἰδέναι.

126 4403 209 4467 nomm
222 4385 370 4505 ppyrpultoa
383 4385 528 4438 confirmem
545 4395 572 4438 et
583 4385 610 4437 io
625 4403 679 4438 uue-
716 4385 772 4510 wip.
780 4385 1021 4518 ubttbboeilllihbhrm
1032 4389 1105 4439 Vutie.
1131 4386 1274 4456 κεχραμμέτ

125 4455 309 4645 Ἑτοιέἓιαιιῶι
320 4527 428 4589 nmripai
438 4539 483 4589 pru
497 4519 608 4594 bisuldu,
621 4526 684 4590 quod
751 4523 776 4578 7.
792 4471 934 4577 receditis.
947 4493 1022 4587 price.
1079 4540 1084 4551 ·

166 4607 197 4657 9⁰
