3046 5084
379 365 515 416 ransart
533 364 595 416 urs.
609 368 626 416 t.
643 368 724 418 ron.
736 369 767 418 n.
784 369 882 418 naun.
898 370 994 421 xxvr.
1207 360 1264 423 tur

117 492 181 546 turs
203 486 275 545 Noti
288 507 330 546 me
341 496 476 564 tangere:
499 486 621 544 nondum
636 490 707 546 mans
722 490 838 546 memus·
853 491 891 547 nd
904 499 1013 566 putrem
1028 511 1133 565 meum
1156 502 1189 554 ut
1207 511 1260 555 ex·
1286 513 1362 558 tono

115 595 226 667 purtem
246 606 400 671 corporum
420 583 584 647 castitatem
603 584 739 668 nullaque
759 585 932 668 contagione
956 588 1092 671 pollutam
1112 591 1259 674 exprime·
1287 567 1320 619 ω’
1334 567 1364 610 ¹¹¹

114 697 170 749 ret.
200 687 247 749 Ad
264 686 337 751 haec
353 687 410 749 aiio
427 685 457 746 in
476 684 541 747 ioco
557 684 678 768 spiritus
695 695 813 749 sanctus
831 697 887 748 tam
906 687 942 749 ob
960 688 1073 771 priores
1088 689 1154 753 illos
1176 713 1260 773 quam

114 788 293 871 posteriores
312 787 368 850 hoc
392 786 478 848 modo
497 784 673 849 vaticinatus
693 797 757 849 est:
802 793 889 848 Beata
910 792 1016 849 steriles
1038 794 1256 870 tneomqm'notn,
1271 815 1395 872 swam,

114 911 185 969 quue
200 894 319 952 nesciuit
337 900 428 948 torum
444 891 473 948 in
488 890 607 962 delecto,
631 900 662 948 et
676 893 762 969 spado
781 895 832 970 qui
845 913 900 950 non
922 901 1055 970 operatus
1072 903 1115 952 est
1134 895 1260 953 manibus

112 995 171 1050 sues
186 995 379 1070 iniquitatem,-
403 999 434 1050 ut
451 988 495 1052 vot
511 1010 544 1051 ea
561 1010 635 1052 voce
656 989 732 1053 iliam
752 1013 837 1074 quam
856 990 960 1053 fabulis
978 991 1039 1054 suis
1056 994 1260 1056 commendare

113 1113 147 1154 ac
170 1091 305 1153 manibus
327 1110 469 1153 exercere
489 1091 585 1154 soient
607 1092 774 1155 foeditatem
796 1093 989 1177 praecideret.

199 1189 295 1275 Quam
312 1193 399 1254 nauita
415 1192 533 1277 proponi
552 1193 607 1256 alia
625 1195 764 1275 possunt!
796 1205 828 1256 nt
852 1216 916 1256 eum
933 1194 1082 1279 apostolus
1104 1195 1145 1258 ita
1165 1196 1257 1280 loqui·
1271 1206 1407 1273 Capxw.

115 1304 177 1355 tur:
202 1297 310 1354 Mulier
325 1298 450 1374 sianupta,
469 1306 497 1355 et
511 1299 592 1375 urigo
606 1299 728 1357 sollicito
744 1308 789 1356 est
801 1301 835 1356 de
849 1302 885 1356 iis
899 1319 970 1378 pune
984 1310 1052 1357 sunt
1065 1301 1179 1371 domani,
1191 1321 1258 1379 quo-
1267 1314 1408 1370 t.cor.t‚st.

113 1401 193 1458 inodo
205 1399 320 1477 placeat
332 1399 450 1456 domena.
487 1393 551 1459 Hoc
568 1408 666 1460 autem
683 1397 792 1460 idcirco
810 1398 889 1477 dicit,
915 1400 990 1482 quod
1011 1421 1069 1462 non
1090 1401 1257 1484 perfuncto·

113 1500 158 1561 rie
173 1497 414 1561 commendandae
430 1497 572 1560 castitatis
588 1509 717 1583 potestas
730 1511 810 1563 esset
827 1502 956 1585 aspiritn
973 1508 1075 1563 sancto
1088 1501 1254 1566 commissa.

115 1599 189 1663 Tum
207 1620 277 1663 nero
298 1598 333 1660 de
358 1597 394 1660 iis
414 1598 461 1680 qni
486 1598 618 1662 honestis
635 1602 741 1685 nuptiis
760 1602 862 1685 illigati
880 1613 947 1664 stunt
963 1603 1002 1665 ita
1022 1603 1163 1687 disputat:
1198 1609 1256 1665 Ho-

111 1706 235 1765 nornds‘le
251 1703 416 1763 connubium
435 1711 465 1760 et
480 1711 558 1760 torus
575 1706 785 1763 immaculatus:
806 1707 995 1784 forrrr'cutores
1010 1717 1101 1766 nutem
1124 1718 1153 1766 et
1172 1710 1253 1767 adul·
1266 1720 1406 1778 steterat.

111 1819 184 1865 teres
201 1806 337 1865 audzendit
355 1806 493 1864 domamus.
539 1798 700 1865 Praeterea
718 1815 819 1865 contra
843 1806 959 1867 eosdem
981 1806 1126 1870 exclamat
1143 1808 1177 1869 ad
1194 1805 1256 1869 Ro-

109 1927 211 1969 manos
227 1905 379 1983 scribens,
404 1913 551 1965 eteorum
567 1902 615 1986 qui
635 1903 664 1965 in
682 1903 823 1965 eiusmodi
843 1905 958 1988 tlagitiis
975 1908 1143 1970 volutantur
1166 1910 1256 1994 turpi·

110 2009 236 2070 tudinem
249 2006 359 2090 detegit
374 2004 419 2068 tis
432 2004 550 2067 verbis:
581 2008 655 2065 Nem
675 2017 704 2065 et
717 2007 840 2086 semaam
858 2029 952 2066 eorum
971 2012 1186 2070 smmutnuerunt
1204 2033 1255 2070 no·
1268 2024 1333 2068 nom.
1342 2027 1361 2082 1,
1373 2027 1404 2070 aa.

109 2114 227 2171 turnlem
246 2131 326 2170 usum
342 2113 371 2168 in
387 2129 448 2167 eum
466 2128 545 2167 ustam
554 2152 562 2179 ,
587 2111 639 2187 qui
656 2118 701 2167 est
721 2119 819 2167 contro
835 2120 975 2167 numerum.
1023 2107 1100 2171 Tum
1117 2110 1151 2171 de
1168 2110 1256 2172 mari-

108 2212 162 2275 bus
179 2210 314 2274 subiicita
338 2212 467 2271 Masculi
480 2213 510 2269 in
528 2211 666 2270 nauseatus
681 2213 878 2290 turpitudinem
894 2221 1049 2288 operantes.
1095 2206 1256 2274 Praeterea

107 2315 137 2376 iu
154 2312 277 2397 epistola
295 2311 331 2373 ad
350 2308 538 2372 Timotheum
558 2311 594 2374 de
610 2310 711 2373 iisdem
730 2310 770 2374 ita
788 2310 932 2392 loquitur:
958 2313 1039 2387 Quod
1053 2314 1082 2370 in
1099 2316 1403 2383 nounsemnanman.

107 2418 204 2477 drudus
222 2416 370 2476 restabunt
384 2423 507 2492 tempora
518 2416 696 2493 pern‘eulusa:
728 2426 756 2474 et
771 2423 855 2473 erunt
872 2416 994 2472 homenes
1008 2415 1179 2491 stoluptatum
1197 2434 1255 2473 mn·

106 2523 154 2597 gis
167 2529 307 2579 omntom
325 2536 407 2596 quam
427 2518 482 2575 dci.
527 2512 568 2576 Et
585 2537 720 2579 rursum=
747 2515 954 2575 Prodderrtr'um
971 2516 1089 2587 nubere,
1114 2515 1403 2585 absumaturnam

108 2622 226 2693 aeadr's,
251 2621 435 2679 conterentem
454 2619 612 2678 trabentium
635 2640 714 2679 stium
737 2621 943 2678 conserendum.
990 2614 1041 2679 Ex
1062 2637 1098 2679 eo
1119 2614 1257 2679 videlicet

107 2722 182 2807 quod
201 2731 280 2784 caste
298 2718 482 2782 matrimonio
499 2719 635 2804 coniungi
653 2741 688 2781 ac
712 2719 821 2803 prolem
845 2719 994 2803 suscipere
1013 2718 1182 2803 prohibent,
1207 2740 1255 2782 ar·

108 2825 197 2886 deute
212 2822 327 2884 interim
344 2821 458 2883 illorum
473 2820 663 2896 conscientia,
681 2822 745 2883 dum
762 2820 888 2882 assiduis
900 2820 931 2882 in
948 2821 1173 2884 scortationibus
1189 2843 1254 2885 cor-

107 2923 287 3009 ruptelisque
317 2933 488 3000 versantur,
520 2944 555 2984 ao
581 2921 784 3004 procreatione
812 2921 921 2984 sobolis
944 2923 1131 2989 interdicunt.
1174 2924 1255 2990 Nam

109 3025 186 3110 quod
206 3025 241 3087 ad
260 3023 328 3086 ittot
344 3024 445 3087 attinet
466 3025 541 3108 quod
569 3024 618 3086 isti
634 3022 807 3086 sacrificium
824 3035 948 3102 vocant,
979 3025 1150 3090 lutulentum
1173 3029 1255 3111 quid-

108 3131 175 3191 dam
193 3137 223 3190 et
238 3126 391 3209 impurum,
407 3127 463 3189 iam
484 3137 542 3188 tum
560 3125 626 3188 oiim
643 3147 659 3188 a
677 3125 816 3211 propheta
832 3128 1058 3190 demonstratum
1073 3139 1120 3191 est
1134 3149 1256 3212 serpen·

108 3230 145 3293 tis
166 3250 233 3294 esse
253 3249 383 3307 carnem,
409 3251 465 3291 aon
481 3226 604 3291 domini.
632 3227 730 3290 nostr.
755 3224 807 3291 Sic
826 3229 901 3291 enim
920 3228 1064 3313 loquitur:
1090 3235 1256 3292 Contrtoisu'
1278 3241 1366 3334 ⁷{sulp

107 3337 199 3412 capitu
213 3336 360 3406 draconis,
384 3343 415 3392 et
426 3334 530 3391 dedisti
543 3352 605 3390 euru
623 3351 713 3391 escum
724 3334 837 3410 populis
853 3331 1032 3412 Aethiopum.
1080 3328 1160 3394 Sane
1176 3331 1253 3392 enim
1309 3324 1316 3347 ’
1355 3321 1361 3332 ⁶

108 3432 293 3520 serpentinae
316 3432 464 3496 cniusdam
485 3452 571 3495 escae
590 3452 683 3514 genus
708 3441 755 3493 est
773 3431 886 3494 illorum
905 3432 1096 3496 abominanda
1115 3431 1256 3515 supersti-

110 3534 161 3614 tio,
176 3535 319 3619 iidemque
327 3533 489 3619 Aethiopes
506 3533 548 3596 itti
567 3544 635 3596 sunt
651 3534 794 3597 scelerum
811 3555 929 3596 suorum
950 3534 1069 3616 nigrore
1089 3532 1254 3613 deformati,

109 3637 157 3722 qni
174 3636 316 3700 eiusmodi
332 3637 406 3698 ritus
424 3657 500 3700 nunc
519 3636 669 3698 daemonis
687 3632 778 3713 lovis,
803 3636 871 3697 oiim
892 3633 1136 3719 praestigiatoris,
1161 3635 1207 3718 qui
1226 3647 1257 3699 et

107 3744 250 3803 trustraa
271 3738 418 3802 nonnullis
441 3737 564 3801 habetur
581 3738 671 3813 deus,
696 3737 835 3822 religioso
857 3738 934 3800 cultu
951 3735 1111 3799 celebrant.
1157 3735 1255 3822 Siqui-

108 3843 171 3906 dem
190 3842 328 3904 haereses
345 3840 500 3903 universae
517 3840 553 3902 de
569 3836 751 3903 Graecorum
770 3839 873 3901 tabulis
893 3857 927 3899 ea
944 3836 1125 3920 eotlegeruut
1137 3860 1177 3903 ex
1192 3840 1255 3924 qui-

107 3943 161 4008 bus
178 3963 283 4006 novam
298 3941 353 4007 sibi
369 3941 479 4005 erroris
495 3951 603 4004 sectam
620 3941 823 4018 condiderunt,
843 3961 907 4001 cum
921 3959 956 4001 ea
975 3939 1148 4004 deteriorem
1166 3942 1252 4005 alium

107 4047 282 4111 adsensum
305 4042 537 4108 transtutissent.
580 4041 659 4106 Nam
679 4053 709 4106 et
733 4062 749 4104 a
776 4041 868 4126 poetis
886 4038 982 4104 Metiu
1006 4045 1105 4126 (quam
1121 4042 1254 4108 Pruden-

107 4149 174 4212 tiara
193 4147 340 4235 appellare
356 4145 470 4233 possis)
486 4144 573 4208 filiam
588 4166 671 4210 snam
689 4143 852 4207 absorbens
867 4143 1048 4210 introductus
1066 4158 1112 4210 est
1129 4143 1251 4230 iupiter.

108 4248 205 4314 Nemo
221 4271 309 4335 porro
326 4249 467 4312 infantem
480 4247 648 4324 absorbeat,
664 4245 903 4329 quemadmodum
916 4258 1035 4311 sanctus
1046 4244 1185 4313 Clemens
1201 4247 1253 4323 ait,

108 4372 173 4433 cum
188 4352 308 4416 deornm
321 4351 370 4435 qui
387 4348 543 4416 aGraccis
558 4349 694 4412 coluntur
709 4345 913 4432 turpitudinem
928 4349 1049 4414 deridet.
1075 4347 1160 4430 Quod
1177 4349 1253 4410 enim

107 4454 268 4518 devorasse
281 4450 377 4516 Metin
393 4452 509 4528 dicitnr,
535 4471 593 4513 uon
612 4449 647 4512 de
665 4448 774 4512 infante
796 4449 866 4530 ullo,
890 4453 941 4516 scd
962 4453 997 4516 de
1012 4448 1130 4538 proprio
1143 4450 1254 4514 semine

105 4576 159 4640 par
181 4564 227 4618 est
247 4554 379 4640 intelligi.
