3046 5084
279 358 340 422 354
601 392 605 400 ·
700 365 819 416 οιαου
840 364 1007 415 ονινιιιωιι

280 510 367 570 σιμον
379 491 437 551 τῶν
455 488 552 551 ἐθνῶν
566 484 671 568 τέρψιν
683 484 725 557 είς
741 481 827 564 τιμήν
845 489 904 546 τῶν
920 480 1048 546 εἰδώλων
1064 483 1219 567 γινομένην
1234 490 1347 568 πρῶτοι
1361 504 1433 550 συν·

280 594 373 668 ίασιν,
406 585 446 664 ῶς
468 587 541 670 μηδέ
562 593 614 668 τῆς
634 582 715 669 παρά
736 591 800 672 θεῷ
821 585 872 648 καί
889 580 1066 668 άνθρῶποις
1082 587 1278 668 μεμισημένης
1299 593 1352 669 τῆς
1370 594 1435 652 τῶν

279 688 474 777 θηριομάχον
485 691 536 754 καί
550 691 730 771 μονομαχίας
744 684 934 771 άνδροφόνου
947 687 1022 761 θέας
1033 683 1194 769 άπέχεσθαι
1209 690 1304 763 ἐνίους
1317 686 1432 754 αάτῶν·

280 796 312 858 οῖ
331 793 363 857 δέ
384 794 434 856 καί
452 800 515 866 ταῖς
530 798 584 873 τῆς
600 789 709 874 σαρκός
725 785 847 872 ήδοναῖς
861 788 1033 874 κατακόρως
1048 788 1236 867 δουλεύοντες
1251 788 1287 854 τά
1303 789 1433 878 σαρκικοί

278 903 340 970 τοῖς
362 903 514 980 σαρκικοῖς
533 895 585 958 καί
605 891 641 957 τά
659 890 840 975 πνευματικά
862 900 923 967 τοῖς
941 901 1149 974 πνευματικοῖς
1166 890 1367 958 ἀποδίδοσθαι
1385 896 1432 959 λέ-

279 1018 371 1084 γουσι.
417 999 477 1061 Καί
493 999 525 1061 οί
539 997 592 1077 μὲν
608 992 706 1060 αάτῶν
722 996 821 1078 λάθρα
838 992 892 1069 τάς
909 997 1119 1077 διδασκομένας
1136 991 1188 1059 ὑπ’
1205 994 1303 1061 αῦτῶν
1317 995 1372 1080 τήν
1387 1000 1431 1062 δι-

280 1098 372 1182 δαχήν
393 1096 503 1181 ταύτην
520 1106 659 1183 γυναῖκας
678 1101 920 1180 διαφθείρουσιν,
953 1095 993 1173 ῶς
1009 1096 1147 1174 πολλάκις
1162 1095 1214 1162 ὑπ’
1231 1100 1317 1164 ἐνίων
1331 1097 1434 1165 αῦτῶν

281 1205 524 1284 ἐξαπατηθεῖσαι,
554 1202 653 1264 ἔπειτα
674 1201 886 1284 ἐπιστρέψασαι
908 1208 1044 1285 γυναῖκες
1065 1202 1106 1275 είς
1126 1198 1180 1283 τήν
1202 1202 1355 1283 ἐκκλησίαν
1377 1209 1433 1266 τοῦ

278 1311 355 1368 θεοῦ
377 1301 431 1367 σῦν
452 1311 488 1392 τή
505 1309 593 1391 λοιπῇ
610 1300 705 1391 πλάνη
721 1306 773 1367 καί
790 1309 876 1367 τοῦτο
893 1300 1163 1387 ἐξωμολογήσαντο,
1194 1305 1227 1367 οῖ
1242 1303 1274 1367 δέ
1288 1305 1339 1368 καλ
1353 1302 1432 1370 κατά

280 1404 313 1470 τό
338 1403 467 1490 φανερόν
487 1402 757 1489 άπερυθριάσαντες
780 1397 822 1468 ῶν
844 1403 881 1468 άν
897 1407 1044 1489 ἐρασθῶσι
1065 1412 1235 1490 Βγυναικῶν
1250 1406 1360 1481 ταάτας
1379 1402 1432 1472 ἄπ’

279 1507 394 1592 άνδρῶν
418 1504 668 1582 4άποσπάσαντες
692 1510 769 1582 λδίας
792 1505 917 1592 γαμετάς
937 1504 1101 1592 ήγήσαντο·
1132 1505 1214 1573 άλλοι
1232 1509 1265 1573 δέ
1284 1499 1323 1573 αῦ
1341 1506 1432 1574 πάλιν

157 1645 208 1694 ηις.
222 1631 266 1677 ισσ·
280 1617 393 1694 σεμνῶς
407 1606 469 1674 κατ’
485 1606 591 1694 άρχάς,
615 1606 655 1684 ῶς
672 1608 743 1692 μετά
759 1606 894 1689 άδελφῶν
908 1608 1159 1695 προςποωόμενοι
1175 1619 1333 1691 συνοικεῖν,
1355 1636 1431 1696 προ-

280 1712 377 1788 ϊόντος
395 1720 448 1778 τοῦ
465 1711 574 1797 χρόνον
592 1702 774 1795 ήλέχθησαν,
805 1710 967 1797 ἐγκύμονος
983 1720 1036 1795 τῆς
1053 1710 1182 1795 άδελφής
1198 1711 1257 1778 ῦπδ
1274 1720 1329 1778 τοῦ
1346 1710 1431 1779 οῖδελ·

279 1823 341 1898 φοῦ
360 1820 542 1901 γενηθείσης.
587 1816 647 1878 Καί
667 1811 738 1878 άλλα
759 1815 791 1879 δέ
810 1822 901 1879 πολλα
925 1813 1043 1899 μυσαρά
1067 1817 1116 1880 καί
1143 1813 1221 1881 άθεα
1246 1814 1432 1902 πράσσοντες

278 1916 363 2002 ήμῶν
384 1919 436 2000 μὲν
458 1915 508 1982 διά
529 1914 581 1982 τόν
603 1914 700 1999 φόβον
721 1924 774 1982 τοῦ
791 1924 867 1982 θεοῦ
883 1918 1113 1999 φυλασσομένων
1130 1920 1180 1983 καλ
1196 1921 1296 2005 μέχρις
1311 1920 1431 1996 ἐννοίαις

278 2023 329 2087 καί
341 2018 430 2106 λόγου
443 2016 582 2105 άμαρτεῖν
594 2021 817 2104 κατατρέχουσιν
830 2017 871 2095 ῶς
885 2023 1035 2085 οἰδιωτῶν
1047 2023 1098 2085 καὶ
1112 2022 1203 2103 μηδέν
1214 2022 1428 2104 ἐπισταμένων,

278 2121 401 2199 ἕαυτοῦς
414 2123 447 2187 δέ
459 2119 659 2207 ῦπερυψοῦσι,
681 2127 806 2198 τελείους
821 2121 1045 2204 άποκαλοῦντες,
1066 2125 1116 2188 κοιλ
1130 2124 1280 2210 σπέρματοι
1294 2125 1427 2209 ἐκλογῆς.

276 2222 369 2308 Ἦμῖις
386 2225 438 2308 μέν
453 2223 510 2310 γάρ
525 2227 556 2290 ἐν
569 2223 667 2311 χρήσει
682 2223 735 2307 τήν
750 2223 834 2310 χάριν
847 2223 1005 2307 λαμβάνειν
1018 2225 1148 2311 λέγουσι,
1171 2223 1218 2292 διό
1235 2226 1287 2291 καλ
1303 2221 1429 2311 άφοιρε·

276 2327 427 2410 θήσεσθαι
444 2325 549 2410 αὐτῆς·
581 2324 690 2403 αῦτοδς
708 2327 740 2392 δέ
759 2325 925 2409 ίδιόκτητον
943 2326 1063 2393 άνωθεν
1081 2326 1141 2394 άπδ
1157 2333 1210 2412 τῆς
1225 2324 1356 2413 άρρήτον
1372 2329 1428 2393 κοιλ

276 2428 479 2514 άνονομάστου
493 2433 630 2514 συζυγίας
646 2437 959 2521 6συγκατεληλυθυῖαν
973 2432 1047 2514 ἐχειν
1059 2428 1112 2513 τήν
1124 2429 1219 2517 χάριν,
1233 2431 1284 2496 καλ
1294 2425 1343 2495 διά
1355 2436 1425 2495 τοῦ·

275 2558 309 2598 το
324 2530 580 2618 προςτεθήσεσθαι
597 2529 706 2608 αῦτοῖς.
748 2529 804 2597 Διό
819 2534 870 2597 καί
884 2534 916 2598 ἐκ
930 2530 1039 2609 παντός
1050 2531 1165 2619 τρόπον
1180 2536 1244 2598 δεῖν
1256 2526 1363 2607 αῦτοῦς
1375 2526 1425 2597 dal

274 2633 308 2700 τό
330 2642 383 2718 τῆς
404 2639 541 2720 συζυγίας
557 2639 676 2715 μελετᾶν
692 2632 861 2720 μυστήριον.
906 2637 968 2698 Καὶ
984 2641 1071 2700 τοῦτο
1090 2638 1230 2701 πείθουσι
1246 2632 1316 2711 τοῦς
1333 2630 1425 2717 ἆνσή·

275 2762 345 2813 τους
359 2735 463 2812 αῦταῖς
478 2738 566 2814 λέξεσι
581 2737 712 2821 λέγοντες
727 2738 829 2814 οῦτως.
865 2736 922 2813 Ὃς
937 2735 974 2802 άν
990 2740 1021 2804 ἐν
1035 2736 1137 2827 κόσμῳ
1152 2736 1310 2824 γενόμενος
1323 2744 1425 2823 7qu-

275 2866 314 2905 κα
330 2837 386 2904 οῦκ
402 2841 552 2920 ἐφίλησεν,
575 2836 646 2914 ῶςτε
660 2835 753 2922 αῦτήν
766 2845 967 2923 κρατηθῆναι,
990 2837 1045 2905 οῦκ
1060 2843 1138 2905 ἐστιν
1152 2842 1182 2917 ἐξ
1195 2838 1352 2925 άληθοίσς,
1372 2841 1427 2906 πολ

275 2939 312 3010 οῦ
326 2939 451 3027 χωρήσει
466 2944 508 3018 εἰς
524 2937 680 3023 άλήθειαν·
703 2937 721 3006 ό
737 2942 769 3006 δέ
784 2940 843 3008 άπδ
859 2940 974 3025 κόσμου
993 2940 1061 3008 7ῶν
1078 2945 1240 3029 κρατηθείς
1253 2942 1374 3029 γυναικὶ
1389 2938 1428 3009 οῦ

273 3042 396 3131 χωρήσει
421 3046 462 3120 είς
481 3041 641 3127 άλήθειαν,
672 3042 722 3108 διά
740 3042 772 3109 τό
793 3042 834 3128 μή
856 3047 887 3111 ἐν
907 3047 1052 3133 ἐπιθυμίη
1069 3051 1256 3130 κρατηθῆναι
1272 3041 1427 3131 γυναικός.

274 3146 334 3214 Aa&
354 3155 442 3212 τοῦτο
465 3138 519 3212 οῦν
539 3143 618 3229 ήμῦς
642 3145 775 3222 8καλοῦς
795 3145 942 3231 ψυχικοῦς
959 3145 1135 3230 ὀνομάζουσι
1154 3149 1206 3213 καλ
1229 3149 1287 3214 ’ἐκ
1307 3144 1427 3231 κόσμου

273 3247 348 3317 εῖναι
366 3251 497 3335 λέγουσι,
519 3250 570 3314 καὶ
586 3246 748 3335 άναγκαίαν
763 3246 834 3332 ήμῖν
849 3246 903 3332 τήν
922 3248 1091 3335 ἐγκράτειαν
1105 3252 1154 3315 καλ
1171 3246 1291 3335 άγαθήν
1304 3254 1426 3335 πρᾶξιν,

272 3356 322 3419 ίνα
338 3351 376 3419 δι’
393 3351 484 3437 αῦτῆς
499 3355 633 3434 ἐλθωμεν
649 3353 690 3427 είς
706 3349 760 3417 τόν
774 3358 827 3434 τῆς
843 3349 1001 3435 μεσότητος
1019 3350 1120 3418 τόπον.
1164 3349 1276 3430 Αῦτοῖς
1289 3352 1323 3418 δέ
1335 3376 1426 3417 πνου-

272 3465 405 3538 ματικοῖς
425 3481 455 3521 τε
476 3456 525 3521 καί
547 3459 664 3531 τελείοις
682 3455 875 3537 καλουμένοις
892 3458 1050 3538 μηδαμῶς·
1086 3451 1167 3520 ιοοῦ
1182 3452 1237 3542 γάρ
1256 3458 1364 3541 πρᾶξις
1381 3456 1428 3532 τίς

274 3558 427 3644 Πλήρωμα
447 3556 568 3645 εῖςάγει,
598 3554 668 3622 άλλά
690 3554 723 3622 ιδ
747 3558 861 3639 σπέρμα
878 3555 911 3623 τό
929 3560 1045 3624 ἐκεῖθεν
1063 3560 1170 3641 νήπιον
1186 3556 1426 3642 ἐκπεμπόμενον,

276 3666 306 3705 ¹¹
318 3660 426 3727 ἐνθάδε
443 3659 650 3743 τελειοῦμενον.
685 3657 780 3724 Ὅταν
803 3660 836 3724 δέ
852 3667 914 3725 πάν
930 3658 964 3726 τό
983 3661 1100 3746 σπέρμα
1116 3664 1271 3750 τελειωθῇ,
1299 3658 1356 3744 τήν
1371 3660 1428 3745 μίν

269 3756 409 3844 Ἀχαμαίθ
428 3761 482 3846 τήν
503 3763 612 3849 μητίρα
633 3761 733 3828 αῦτῶν
757 3767 976 3846 ημεταστῆναι
996 3770 1050 3830 τοῦ
1071 3770 1126 3847 τῆς
1146 3761 1307 3846 μεσότητος
1324 3758 1426 3829 τόπον

269 3863 400 3949 λέγουσι,
430 3867 480 3930 καί
496 3863 578 3941 ἐντός
597 3863 801 3952 Πληράματος
821 3867 961 3942 είςελθεῖν
976 3867 1028 3931 καί
1046 3863 1207 3949 άπολοβιῖν
1223 3862 1277 3931 τόν
1292 3868 1428 3949 νυμφίον

269 3961 360 4050 αῦτῆς
377 3964 428 4031 τόν
442 3973 585 4054 Σωτῆρα,
606 3966 659 4034 τόν
673 3969 706 4033 ἐκ
724 3965 844 4033 πάντων
858 3966 1010 4055 γεγονότα,
1031 3971 1082 4035 ίνα
1094 3972 1217 4055 συζυγία
1232 3968 1351 4053 γίνηται
1366 3972 1426 4035 τοῦ

301 4191 325 4243 θ.
343 4189 465 4273 χνναοιῶν
482 4205 528 4242 που
545 4196 608 4241 extat
624 4196 650 4244 ιἰι
666 4197 718 4245 cod.
733 4197 787 4245 λ’ωι
860 4196 958 4258 Νιςοιίο
974 4194 1050 4245 δείελα
1070 4198 1103 4247 at
1118 4208 1148 4246 ιτ
1164 4194 1300 4245 σοολοτίλολο
1318 4194 1368 4245 Υολ.
1383 4192 1427 4247 h·

300 4254 325 4310 4.
342 4272 496 4318 αποοποιτες
511 4256 624 4325 γαμετάς
640 4263 690 4312 ωδ
708 4264 763 4313 λἰιι.
860 4265 974 4325 temnus.

299 4326 323 4375 5.
342 4323 398 4392 ἰδίῳ
408 4325 457 4378 τῶν
472 4328 507 4376 ιδ.
516 4329 602 4388 φοίτα,
615 4331 677 4389 quod
687 4333 769 4381 υίῖῖυπι
781 4332 825 4381 Pe·
891 4333 916 4381 ὅ.
928 4333 963 4380 m
974 4335 1024 4381 ιἰιεο
1034 4332 1104 4381 Mus
1113 4333 1229 4394 vocabuli,
1239 4332 1302 4394 φοοδ
1313 4332 1361 4383 m
1369 4332 1426 4397 ηιλ-

266 4395 344 4443 λονλιιε
359 4398 457 4444 correxit
473 4408 515 4455 ιρι
531 4395 583 4443 cod.
599 4397 712 4448 λὀιίοοιιλ.
859 4400 912 4448 dem
923 4400 1038 4462 Ιολιτφτιι
1046 4414 1093 4449 που
1105 4402 1217 4463 amat,
1231 4394 1334 4465 καλοῖς,
1346 4400 1426 4451 dm

298 4458 322 4511 6.
339 4463 535 4527 κατεληλυθοίαν
548 4463 599 4511 cod.
616 4464 670 4514 Vm.
861 4469 982 4516 σταδίοιο.
1007 4469 1091 4517 Battus
1102 4468 1224 4552 φτοροισίλ
1236 4466 1299 4519 ἐστο
1311 4466 1426 4519 aab·

298 4527 323 4581 7.
340 4520 379 4610 ῶη
387 4526 423 4595 μή
437 4527 575 4596 κρατηθεὶς
591 4532 659 4580 οοδσ.
673 4535 726 4584 Vm
741 4538 764 4584 ολ
776 4536 824 4583 Va·
857 4536 959 4585 λλοιιιυιτ
974 4529 1038 4601 η’μῖν
1054 4531 1116 4601 μδι,
1133 4550 1177 4595 ους
1191 4530 1318 4603 ψυχικοῦς
1329 4528 1426 4605 δεσμά·

263 4600 301 4648 λοι.
323 4612 454 4664 γινομενας
466 4594 503 4664 μή
517 4596 656 4666 κροτηθεὶς
666 4602 822 4664 reliquium
858 4601 929 4662 ζουσι
945 4607 1011 4666 οισι,
1026 4604 1090 4666 quoa
1105 4616 1154 4656 ιιοπ
1168 4604 1252 4667 γοῦν,
