3046 5084
167 353 228 413 622
592 363 712 415 εισστι
729 364 896 415 εοινιτιιιιι

167 483 342 565 ἱστοροῦσιν.
378 480 450 545 Ἵνα
469 480 500 545 δὲ
519 483 642 568 ἐλεγχθῇ
662 478 720 545 άπδ
739 487 794 544 τοῦ
814 483 892 545 ίδίου
911 478 1069 564 στόματος,
1099 481 1210 563 φησίν,
1237 476 1321 564 Ἐγί-

166 608 230 646 νετο
248 585 279 647 ἐν
295 591 347 670 μιῇ
362 590 422 647 τῶν
437 581 553 668 ἡμερῶν
570 582 760 659 διδάσκοντος
777 580 870 648 αὐτοῦ
888 586 920 648 ἐν
935 589 975 671 τῷ
992 586 1077 671 ίεριῇ,
1099 581 1243 665 ἐζήτησαν
1261 583 1322 647 ἐπι·

167 689 266 765 βαλεῖν
283 684 328 750 ἐπ’
344 683 434 750 αάτδν
449 683 501 761 τάς
515 695 627 768 χεῖρας,
656 687 707 750 καὶ
724 684 937 768 ἐφοβήθησαν,
967 683 1008 763 οῖς
1023 688 1080 769 ἐχει
1095 682 1168 769 μετά
1182 692 1272 751 τοῦτο
1288 683 1321 749 τδ

166 786 329 868 κεφάλαιον
350 787 402 853 νδ’.
448 795 521 864 Παῖς
545 781 600 853 οὖν
619 786 677 853 άπδ
694 784 806 871 Ἱεριχοῖ
825 790 936 874 ἐγένετο
956 791 987 854 ἐν
1007 796 1049 877 τῷ
1072 790 1156 877 ίεριῇ,
1186 784 1249 853 άπδ
1269 794 1323 869 τῆς

168 890 258 973 αὐτῇς
278 888 452 973 ὁδοιπορίας
470 890 686 976 γνωσθήσεται,
715 893 766 955 καὶ
788 898 840 955 τοῦ
862 900 914 974 τῇς
934 888 1008 957 δδοῦ
1024 889 1234 974 διαστήματος·
1264 886 1322 955 ἄλλ’

171 996 221 1057 ἵνα
239 991 326 1083 σ’φθῇ
349 991 366 1058 ά
386 993 565 1081 ῥᾳδιουργδς
583 992 784 1080 παρακράψας
800 992 836 1057 τά
853 996 885 1059 ἐν
902 1002 938 1083 τῇ
956 991 1017 1083 δδιῇ
1034 992 1191 1079 γενόμενα,
1223 994 1276 1057 καλ
1293 994 1323 1057 ἐν

165 1103 205 1183 τῷ
222 1099 289 1183 ἱερῇ
306 1098 436 1181 ῥηθέντα
453 1094 502 1160 ὑπ’
519 1095 612 1161 αὐτοῦ
628 1104 681 1162 τοῦ
697 1104 829 1181 σωτῆρος
847 1094 905 1181 πρδ
920 1095 1028 1163 τούτου
1044 1096 1150 1183 λόγου,
1180 1096 1256 1181 λίγω
1273 1093 1321 1177 δῇ,

164 1194 203 1261 ‘0
219 1195 301 1274 οἶκός
315 1226 374 1281 μου
391 1196 473 1275 οίκος
486 1206 646 1285 προςευχῇς
660 1201 847 1282 κληθήσεται,
869 1200 919 1263 καὶ
932 1198 968 1264 τά
983 1202 1060 1283 ἑξῆς,
1082 1196 1123 1275 είς
1138 1200 1197 1282 ἔχει
1211 1196 1233 1281 ἡ
1248 1223 1323 1282 προ-

166 1305 277 1382 φιγτεία.

250 1402 334 1486 Σχόλ.
350 1403 400 1467 νδ.
435 1406 494 1469 Καὶ
514 1403 653 1487 ἐζήτησαν
672 1407 821 1488 ἐπιβαλεῖν
841 1402 939 1481 2’τοῖς
957 1412 1053 1491 χεῖρας
1070 1402 1115 1471 ἐπ’
1134 1401 1242 1487 αάτδν,
1271 1406 1322 1470 καλ

169 1504 372 1588 ἐφοβήθησαν.

240 1607 352 1693 Ἕλεγχ.
369 1608 421 1673 νδ.
451 1606 629 1695 Ἐθεωρῇθιγ
649 1612 699 1674 καὶ
717 1607 892 1695 ἡρμχνεάθιγ
911 1613 942 1678 ἐν
959 1616 999 1701 τῇ
1014 1608 1073 1697 πρδ
1091 1609 1202 1677 τούτου
1217 1612 1323 1701 ίλέγχφ

167 1708 220 1775 σάν
244 1718 280 1800 τῇ
302 1710 424 1795 φράσει,
447 1710 506 1796 μετ’
528 1716 668 1796 ἐπιτομῆς
688 1720 741 1795 τῇς
761 1712 976 1800 προςηκοάσης.

251 1915 337 2000 Σχάλ.
356 1917 401 1982 νε’.
436 1917 531 1984 Πάλιν
548 1917 682 1999 άπὲκοψε
701 1926 736 1966 ²⁰
748 1917 782 1984 τά
798 1922 866 2004 περὶ
880 1925 933 1984 τοῦ
950 1916 1123 2003 άμπελοῖνος
1138 1924 1192 1985 τοῦ
1206 1922 1323 1987 ἐκδεδο-

168 2020 259 2101 μένου
277 2030 427 2106 γεωργοῖς·
459 2023 511 2087 καὶ
524 2020 575 2101 ιδ,
608 2026 643 2086 Τί
657 2014 712 2088 οὖν
729 2026 788 2089 ἐστι
802 2019 852 2101 νδ,
884 2025 986 2087 Λίθον
1003 2018 1279 2105 δνάπεδοκίμασαν
1294 2024 1327 2088 οί

169 2124 410 2205 οίκοδομοῦνιες;

242 2223 359 2309 Ἕλεγχ.
374 2225 421 2291 ιε’.
456 2224 551 2292 Οάδὲν
565 2225 644 2310 ἡμεῖς
657 2224 789 2309 άδικήσει
805 2233 901 2293 τοῦτο.
946 2224 1014 2291 Κάν
1030 2250 1060 2291 τε
1074 2224 1130 2313 γάρ
1149 2224 1225 2294 οτίτδ
1242 2252 1322 2315 περι·

166 2324 267 2416 κόψχ,
290 2325 345 2392 οιίκ
365 2326 417 2409 ἀφ’
433 2326 518 2412 ἡμῶν
534 2327 702 2411 άπέκοψεν,
726 2326 796 2393 άλλά
812 2326 918 2394 ἓαυτδν
934 2331 985 2393 καλ
1002 2328 1072 2405 τοδς
1088 2325 1183 2395 αάτοῦ
1201 2332 1323 2413 ἐζημίο-

168 2452 224 2494 σεν.
265 2427 385 2507 Ἰκανιδς
400 2429 455 2518 γάρ
470 2429 489 2497 δ
503 2430 563 2497 κατ’
579 2431 672 2499 αὐτοῦ
688 2433 802 2517 ἐλεγχάς
817 2434 893 2512 ἐστι,
918 2430 968 2497 διά
983 2428 1129 2499 πλειόνων
1140 2440 1322 2519 μαρτνρτὸν.

252 2632 336 2718 Σγόλ.
352 2634 403 2710 νς’.
435 2634 582 2719 Ἀπὲκοψε
603 2636 653 2717 τὸ,
675 2635 743 2701 Ὅτι
766 2637 796 2701 δέ
814 2639 971 2723 ἐγείρονται
993 2640 1024 2702 οῖ
1039 2638 1153 2723 νεκροί,
1182 2644 1322 2723 Μωῖίσῖγς

169 2734 296 2819 ἐμήνυσε
318 2740 386 2823 περὶ
408 2746 460 2822 τῆς
478 2738 586 2822 βάτου,
619 2748 654 2787 2⁹
664 2735 706 2814 οἷς
720 2740 795 2825 λέγει
812 2737 949 2826 δκάριος
962 2736 1016 2805 τδν
1031 2736 1106 2805 δεδν
1117 2736 1255 2825 Ἀβραάμ
1272 2742 1321 2807 κοιλ

168 2837 265 2905 Ἰσαάκ
287 2841 339 2905 καί
358 2839 472 2923 Ἰακώβ.
519 2840 593 2919 Θεὸς
614 2844 647 2907 δέ
668 2844 728 2908 ἐστι
749 2840 880 2921 ζάντων,
901 2843 953 2907 καί
974 2838 1040 2925 οιίχέ
1060 2848 1181 2929 νεκρῶν.

244 2941 360 3027 Ἔλεγχ.
376 2942 427 3018 νς’.
461 2942 616 3026 Θαυμάσαι
629 2946 706 3010 ἐστιν
719 2945 768 3010 ἐπὶ
782 2952 817 3034 τῇ
833 2940 920 3032 άνοίχι
933 2950 990 3009 τοῦ
1004 2943 1237 3031 ματαιάφρονος,
1257 2952 1324 3023 nic

169 3043 234 3127 οάχῖ
254 3054 318 3111 νοεῖ
331 3043 376 3110 ὅτι
393 3050 441 3128 ίση
457 3045 531 3129 αὕτη
547 3044 567 3129 ἡ
582 3051 728 3133 μαρτυρία
741 3044 875 3132 τυγχάνει
890 3054 928 3136 τῇ
942 3054 997 3113 τοῦ
1012 3046 1155 3133 Λαζάρου
1172 3056 1229 3117 τοὸ
1244 3074 1323 3117 πτω-

167 3153 220 3230 χοῦ
239 3150 290 3211 καὶ
312 3155 347 3237 τῇ
364 3153 519 3238 παραβολῇ
540 3156 600 3214 τῶν
617 3148 657 3233 μῇ
674 3151 922 3237 συγχωρουμένων
938 3152 980 3225 είς
996 3148 1051 3233 τὴν
1066 3152 1221 3233 βασιλείαν
1237 3154 1321 3231 τίςιλ-

167 3259 248 3315 θεῖν·
281 3242 323 3315 ὧν
339 3255 515 3334 παραβολῶν
530 3250 566 3315 τά
580 3258 705 3335 λείψανα
721 3256 814 3331 εἴασε,
842 3254 894 3317 κοιλ
910 3250 949 3318 σά
965 3254 1151 3339 παρίκοψτν,
1182 3251 1255 3321 ἄλλά
1271 3256 1321 3323 ἐστί

167 3360 203 3441 τῇ
219 3349 310 3418 αὐτοῦ
328 3352 449 3444 αίσχάνῇ
465 3358 652 3420 καταλέλοιπε
667 3354 717 3434 τδ,
739 3353 819 3420 Ἐκεῖ
833 3357 912 3420 ἐσται
927 3352 945 3420 o‘
960 3352 1115 3439 κλαυθμδς
1129 3358 1179 3423 καὶ
1196 3354 1216 3425 ά
1232 3362 1321 3445 βρυγ-

169 3454 223 3536 μδς
241 3464 299 3520 τῶν
318 3454 457 3522 ὀδόντων.
502 3456 657 3523 Δακτύλου
674 3459 706 3523 δέ
723 3459 937 3542 ἐμβρεχομὲνου
955 3460 997 3534 είς
1012 3458 1093 3544 ὕδωρ
1112 3456 1187 3541 μετά
1203 3458 1260 3545 τὴν
1277 3464 1322 3529 ἐν·

168 3565 273 3621 κεῦθεν
288 3556 470 3644 α’παλλαγῇν,
492 3562 543 3625 καὶ
560 3560 690 3646 γλώσσης
705 3560 951 3643 καταψυχομένης
966 3559 1068 3638 ὕδατι,
1091 3557 1132 3637 οἷς
1146 3558 1165 3627 ά
1181 3558 1323 3641 πλούσιος

168 3662 226 3742 ἔφη
249 3668 288 3749 τῷ
303 3659 434 3746 Ἁβραάμ
454 3662 503 3727 διά
526 3662 576 3729 τδν
594 3662 749 3748 Λάζαρον,
771 3665 821 3727 καὶ
837 3667 974 3749 βρυγμοῦ
991 3660 1123 3730 σ’δδντων
1139 3665 1192 3730 καί
1208 3672 1322 3733 κλαυθ-

169 3770 226 3845 μοῦ
245 3767 414 3848 γινομένου,
443 3761 628 3843 α’ναστάσεως
647 3765 790 3848 σωμάτων
806 3767 866 3832 ἐστὶ
884 3774 1020 3849 σημεῖον,
1041 3764 1099 3831 κάν
1116 3766 1286 3861 παρακάψχ
1305 3764 1324 3837 δ

168 3865 321 3949 κτηνάδης
343 3866 377 3931 τά
399 3864 459 3933 άπιί
481 3872 586 3954 κυρίου
609 3871 677 3954 περὶ
697 3866 884 3945 άναστάσεως
899 3874 1014 3955 νεκρῶν
1032 3865 1155 3952 άληδοῖς
1172 3872 1323 3955 &mbu-

46 4108 97 4152 ρας.
111 4096 155 4141 ιιι
254 4071 339 4155 Σχόλ.
355 4072 405 4151 νζ.
440 4070 504 4139 Οὐκ
519 4070 575 4157 είχε
588 4080 694 4139 ταῦτα·
706 4073 776 4140 Ὅτι
788 4075 820 4140 δὲ
836 4076 995 4161 ἐγείρονται
1008 4076 1040 4139 οῖ
1050 4076 1148 4161 νεκροί
1161 4076 1211 4141 κιιλ
1225 4084 1324 4145 Μωδ-

169 4180 223 4256 σῇς
245 4174 384 4258 ἐμήνυσε,
415 4178 504 4263 λέγων
520 4175 595 4244 θεδν
610 4174 744 4264 Ἀβραάμ
764 4179 815 4244 καί
838 4176 913 4243 θεδν
926 4174 1026 4243 ’ίσαάκ
1047 4178 1099 4243 καλ
1116 4176 1191 4245 θεδν
1203 4176 1325 4267 Ἰακιᾫ,

169 4276 244 4341 θεδν
266 4276 389 4354 ζάντων.

245 4377 363 4465 Ἔλεγχ.
380 4380 430 4459 κζ’.
463 4378 524 4446 Διά
546 4380 579 4447 τδ
595 4386 771 4469 δευτερῶσαι
790 4382 842 4447 τδν
861 4390 980 4469 σωτῆρα
999 4380 1054 4467 τῇν
1072 4380 1248 4469 παραβολὴν
1263 4388 1325 4453 διτ-

168 4488 226 4558 τῶς
239 4479 307 4565 παρ’
321 4480 406 4571 ἡμῶν
418 4487 594 4549 ἐντίτακται·
617 4490 667 4550 ἵνα
681 4484 722 4569 μή
738 4482 959 4569 άπεικαζόμενοι
975 4494 1017 4575 τῷ
1032 4484 1143 4577 άγάρτῃ
1158 4492 1325 4571 Μυρτίω

202 4623 243 4676 ¹27.
261 4624 342 4685 Supra
359 4618 397 4677 ἐπ’
415 4619 492 4677 αιῖτδν
507 4619 555 4684 τδς
570 4630 664 4699 χεῖρας.
794 4624 835 4680 ’λδ
852 4628 933 4689 Supra
948 4623 996 4691 τῇκ
1012 4626 1057 4681 τοῦ
1073 4620 1231 4695 ιἰισῑιλιῖιος.
