3046 5084
83 399 84 407 ,
150 347 191 405 44
570 351 690 403 8ΔΝοΤΙ
709 351 878 401 EPIPHANII

151 474 254 554 μείους,
274 471 325 535 καλ
341 465 561 553 στρατοπεδεύει
574 469 606 532 ἐν
619 474 657 555 τῇ
673 465 772 555 ἐρήμῳ
789 472 874 530 Σινά.
913 466 973 529 Kal
990 472 1128 550 χρησμῶν
1147 464 1303 530 δοθέντων

151 575 186 638 ἐκ
205 579 281 636 θεοῦ
304 578 344 658 τῷ
364 568 527 656 θεράποντι
547 566 639 634 αῦτοῦ
654 575 786 632 Μωῦσεῖ
798 566 1026 653 άρνθμήσασθαι
1042 565 1101 632 άπῦ
1118 569 1209 631 είκοσι
1225 568 1302 631 ἐτῶν

151 676 200 739 καλ
220 676 274 749 ἕως
288 671 469 754 πεντήκοντα
483 669 592 755 άνδρας
608 672 793 751 δυναμένους
807 669 980 734 σπάσασθαί
995 672 1147 752 ῥομφαίαν
1162 670 1212 732 καί
1228 676 1301 750 λαμ-

151 774 253 858 βάνειν
275 773 351 839 ὅπλα
375 771 518 856 πολεμικά
542 774 584 848 είς
606 769 801 853 ἑξηκονταδύο
826 770 974 856 μυριάδας
998 773 1049 835 καὶ
1073 768 1302 852 όκτακιςχιλίους

151 880 361 950 πεντακοσίους
382 868 473 959 εὗρεν.

227 971 285 1043 Ἠν
306 978 337 1040 δὲ
353 974 413 1040 κατ’
429 979 522 1041 έκεῖνο
539 980 646 1058 καιροῦ
660 971 777 1054 Ἴναχος
796 971 865 1058 παρ’
876 973 995 1056 Ἕλλησι
1014 972 1240 1059 μνωριζόμενος,
1263 966 1302 1039 οὗ

150 1078 287 1164 θυγάτηρ
304 1075 371 1155 Ἰώ,
394 1075 477 1158 ἡκαλ
494 1074 603 1151 Ἀτθὶς
620 1076 804 1156 καλουμένη,
827 1072 863 1140 δι’
881 1075 920 1157 ἣν
941 1077 992 1139 καὶ
1017 1073 1060 1156 θη
1076 1073 1206 1157 Ἀττική.
1244 1072 1301 1152 Ἐξ

151 1175 189 1263 ἧς
212 1182 264 1245 καί
287 1176 304 1244 ό
324 1177 494 1261 Βόσπορος,
522 1170 558 1241 οὗ
583 1175 740 1257 ἐπώνυμος
763 1176 848 1252 πόλις
870 1175 1024 1261 Βόσπορος
1049 1179 1079 1242 έν
1103 1184 1143 1265 τῷ
1166 1173 1300 1264 Εὐξείνῳ

154 1281 264 1369 Πόντῳ
288 1281 463 1360 καλουμένη.
507 1285 639 1342 Καλοῦσι
663 1279 695 1342 δὲ
717 1275 811 1360 αὐτὴν
833 1278 993 1365 Αἰγύπτιοι
1003 1277 1097 1358 Ἴσιτ,
1125 1278 1164 1359 ἣν
1185 1280 1236 1343 καί
1258 1275 1303 1355 σός

152 1381 229 1448 θεάν
245 1388 468 1466 προςκυνοῦσιν.
510 1376 685 1461 Ὀμιόνυμος
707 1380 739 1443 δὲ
760 1378 922 1465 τούτῳκαὶ
942 1379 1074 1462 ποταμός
1092 1383 1170 1445 ἐστιν
1185 1379 1304 1462 Ἴναχος

152 1486 230 1550 οίίτω
245 1481 432 1564 καλούμενος.
464 1479 604 1546 Ἐκεῖθεν
617 1483 649 1545 δὲ
662 1479 755 1564 άρχήν
768 1483 830 1562 έσχε
846 1480 881 1545 τά
895 1479 964 1565 παρ’
975 1481 1095 1564 Ἕλλησι
1110 1481 1254 1568 μυστήριά
1270 1508 1303 1547 τε

151 1588 204 1652 καὶ
217 1587 341 1663 τελεταλ,
363 1582 507 1668 πρότερον
521 1581 590 1667 παρ’
605 1586 781 1668 Αἰγυπτίοις
802 1586 852 1647 καί
873 1582 953 1666 παρά
972 1587 1095 1668 7Φρυξί
1114 1587 1165 1649 καί
1185 1588 1304 1661 Φοίνιξι

153 1690 204 1752 καί
225 1690 423 1767 Βαβυλωνίοις
445 1692 545 1760 κακιῦς
569 1685 795 1766 ἐπινενοημένα,
823 1688 1027 1768 μετενεχθέυτα
1050 1712 1080 1751 τε
1102 1686 1304 1767 είςἝλληνας

59 1874 61 1879 Ι
154 1786 213 1853 άπό
231 1795 285 1871 τῆς
298 1795 357 1852 τῶν
371 1790 542 1872 Αἰγυπτίων
560 1785 657 1871 χώρας
670 1784 730 1851 όπό
750 1785 892 1868 Κάδμου,
915 1790 966 1852 καί
982 1787 1074 1852 αὐτοῦ
1095 1796 1148 1853 τοῦ
1170 1786 1302 1870 Ἰνάχου,

151 1889 280 1965 ’Ἄπιδος
299 1887 442 1974 πρότερον
462 1889 622 1970 κληθέντος
645 1890 695 1953 καί
719 1888 968 1971 οἰκοδομήσαντος
990 1888 1044 1972 την
1063 1891 1206 1972 Μέμφιν,
1229 1888 1304 1955 άλλά

153 1995 204 2058 καὶ
223 1989 291 2075 παρ’
308 1990 439 2076 Ὀρφέως
453 1993 503 2055 καί
520 1989 614 2055 άλλων
631 1998 720 2055 τινῶν
741 1989 795 2072 τὴν
816 1989 909 2074 άρχὴν
929 1990 1072 2072 λαβόντα,
1094 1994 1145 2056 καὶ
1161 1995 1203 2067 είς
1222 1993 1302 2076 αίρέ-

154 2116 214 2170 σεις
237 2095 419 2158 συσταθέντα
442 2093 564 2177 ὕστερον
587 2096 618 2158 έν
638 2090 828 2181 Ἐπικούρῳ,
855 2095 906 2157 καί
934 2092 1052 2174 Ζήνωνι
1074 2101 1115 2181 τῷ
1139 2101 1304 2182 8Στωϊκῷ,

154 2198 205 2261 καί
220 2194 401 2282 Πυθαγόρᾳ,
417 2197 467 2260 καὶ
482 2194 634 2260 Πλάτωνι·
656 2198 686 2271 ἐξ
700 2187 791 2275 οὗπερ
810 2192 935 2277 ἤρξαντο
948 2193 1057 2276 χρόνου
1074 2202 1305 2280 9κρατυνθῆναι

152 2297 208 2373 ἕως
223 2304 282 2362 τῶν
296 2301 515 2362 Μακεδονικῶν
527 2297 641 2382 χρόνων
658 2297 710 2359 καί
726 2296 838 2377 Ξέρξου
853 2301 907 2358 τοῦ
925 2298 1066 2376 βασιλέως
1086 2305 1144 2361 τῶν
1163 2304 1302 2380 Περσῶν,

152 2398 225 2481 μετά
239 2397 294 2481 τήν
315 2397 422 2464 άλωσιν
437 2407 496 2464 τιῦυ
512 2397 728 2482 Ἱεροσολύμων
750 2395 784 2459 τό
801 2403 934 2479 πρῶτον,
955 2399 1005 2461 καί
1022 2398 1302 2484 Ναβουχοδονόσωρ

152 2504 346 2584 αἰχμαλωσίας
368 2504 419 2566 καί
443 2505 589 2581 Δαρείου,
616 2500 666 2562 καλ
688 2504 749 2561 τῶν
770 2495 832 2561 κατ’
854 2495 1044 2583 Ἁλέξανδρον
1065 2499 1117 2565 τόν
1136 2500 1304 2566 Μακεδόνα

150 2602 272 2688 χρόνων.
317 2602 446 2666 Πλάτων
464 2599 519 2685 γάρ
540 2597 603 2664 κατ’
620 2602 734 2664 ἐκεῖνον
755 2596 807 2664 τόν
825 2599 931 2683 καιρόν
952 2603 1133 2686 ἕχνωρίζετο,
1154 2606 1205 2669 καί
1227 2607 1306 2668 10οί

150 2705 209 2790 πρό
225 2702 331 2781 αὐτοῦ,
355 2700 543 2787 Πυθαγόρας
558 2727 589 2765 τε
605 2703 657 2765 καὶ
672 2699 856 2786 Ἐπίκουρος,
872 2700 889 2767 ό
903 2705 1067 2783 μετέπειτα·
1090 2703 1165 2769 ὅθεν
1182 2703 1236 2786 δη,
1259 2701 1304 2780 οἷς

151 2814 306 2890 προεῖπον,
327 2801 381 2884 τὴν
396 2801 548 2887 πρόφασιν
565 2806 666 2885 είληφε
682 2805 732 2868 καλ
749 2806 791 2879 είς
807 2801 983 2869 κατάστασιν
999 2798 1074 2887 ἦλθε
1092 2804 1129 2869 τά
1144 2803 1213 2890 παρ’
1224 2804 1300 2870 Ἕλ-

152 2913 218 2987 λησι
234 2903 456 2988 συγγράμματα,
478 2907 529 2969 καί
542 2909 575 2969 αί
585 2904 656 2988 μετά
668 2913 774 2970 τοῦτον
785 2903 837 2970 τόν
848 2904 955 2990 χρόνον
972 2905 1163 2991 11βοιόμεναι
1176 2908 1302 2992 αἱρέσεις

152 3012 213 3070 τῶν
228 3003 401 3085 φιλοσόφων
423 3004 499 3090 πρός
521 3003 643 3090 άλλήλας
663 3015 700 3098 τῇ
718 3009 769 3090 μὲν
791 3007 887 3098 πλάνη
910 3006 1091 3096 συνάδουσαι
1110 3012 1160 3074 καί
1182 3006 1302 3091 ηόμό-

153 3131 250 3189 στιχον
283 3114 389 3193 γνῶσιν
420 3114 655 3188 συνυφαίνουσαι
686 3113 919 3196 είδωλολατρείας
947 3136 978 3176 τε
1007 3113 1058 3176 καὶ
1089 3108 1222 3194 άσεβείας
1250 3115 1302 3176 καλ

152 3208 273 3288 άθεΐας,
294 3216 331 3297 τῇ
352 3209 385 3274 δὲ
405 3207 480 3298 αιίτῇ
497 3208 593 3300 πλάνη
611 3215 653 3288 είς
669 3210 775 3289 ἑαυτάς
794 3212 993 3299 συχκλοίμεναι
1011 3215 1201 3301 διαφέρονται
1217 3214 1303 3299 ἑτέρα

153 3311 229 3401 πρός
249 3309 304 3396 την
325 3313 434 3400 ἕτέραν.

626 3493 826 3506 ———

43 3699 139 3756 mn
553 3665 899 3751 Σιοικοι

251 3780 343 3872 τρίτη
371 3778 435 3852 άπὸ
459 3778 697 3876 Ἑλληνισμοῦ,
724 3788 857 3875 πέμπτη
883 3784 920 3854 δὲ
944 3809 988 3876 τη
1017 3777 1200 3880 ἀκολουθίᾳ.

19 3937 86 4008 Κεφ,
104 3937 136 3994 α’,
245 3924 305 3985 Καὶ
328 3928 457 3990 Στωϊκοί
484 3929 536 4009 μὲν
565 3936 709 4012 φρονοῦσι
737 3930 805 4013 περί
831 3926 974 4009 θεότητος
1001 3934 1105 4008 τοῦτο,
1138 3928 1305 4010 φάσκοντες

153 4022 229 4091 είναι
248 4031 321 4089 νοῦν
342 4023 394 4089 τόν
413 4026 502 4106 θεόν,
537 4028 578 4112 ῑῆ
599 4030 709 4107 παντός
725 4038 779 4096 τοῦ
796 4027 948 4115 όρωμένοα
970 4029 1092 4108 κύτους,
1121 4029 1252 4117 οὐρανοῦ
1271 4033 1303 4095 τέ

154 4155 231 4210 φημι
244 4129 295 4193 καὶ
310 4133 366 4212 γῆς
382 4131 430 4192 καὶ
449 4137 509 4194 τῶν
525 4129 632 4213 άλλωυ,
656 4131 745 4208 οίςέν
762 4132 871 4215 στόματι
889 4133 999 4216 ψυχήν.
1041 4139 1204 4219 Μερίζοασι
1222 4132 1254 4196 δὲ
1272 4136 1305 4196 οἱ

155 4227 239 4295 αὐτοὶ
256 4228 310 4311 τήν
326 4233 396 4311 μίαν
412 4230 539 4313 θεότητα
556 4236 596 4309 εἰς
611 4234 720 4310 πολλάς
738 4234 856 4318 μερικάς
874 4234 989 4314 οὐσίας,
1018 4240 1059 4312 είς
1080 4235 1164 4319 ἥλιον
1184 4237 1236 4299 καλ
1258 4255 1303 4297 σε·

153 4330 243 4415 λήνην
267 4333 319 4396 καί
339 4330 448 4416 άστρα,
481 4336 522 4407 εἰς
542 4336 642 4418 ψυχήν
666 4340 717 4402 καί
739 4335 810 4422 άέρα
836 4340 887 4403 καί
913 4335 948 4402 τά
970 4337 1057 4418 άλλα,
1089 4333 1303 4423 μεταμγισμοάς

186 4485 212 4539 6.
240 4484 305 4540 “ιῦν
319 4481 422 4554 ’λττικῆ
440 4491 491 4538 ωδ.
509 4493 582 4540 λἀιελ.
781 4492 804 4543 8.
824 4495 916 4560 στοῖκῷ
935 4498 1003 4556 libri,
1020 4497 1048 4543 de
1066 4507 1136 4542 οιοτε.

188 4555 211 4608 7·
257 4555 337 4623 Ρῑλαῑς
354 4559 403 4607 ωδ
422 4559 496 4608 Venae.
780 4557 804 4610 9.
822 4563 997 4628 κρατονθτῐσαι
1013 4563 1065 4612 τοο.
1083 4563 1157 4611 λίην.
