3046 5084
368 313 504 365 Panaeti
521 314 584 365 ΗΒ.
597 315 616 368 l.
632 314 715 366 ΤΟΜ.
728 315 771 366 lll,
788 315 886 366 HAER.
900 315 1047 366 xxxvnt.
1224 304 1282 365 511

135 429 165 493 in
187 430 251 494 salo
269 441 301 495 ct
316 432 444 516 procella
460 432 680 512 conflictantur,
712 454 747 498 ac
766 434 846 498 velot
867 454 884 497 e
900 434 991 518 spinis
1013 445 1042 496 et
1059 433 1197 518 vepribus
1213 433 1285 496 emi-

135 542 257 612 nentes,
282 554 397 619 unaque
414 533 562 620 spinarum
581 545 664 599 struo
680 535 900 620 consprebeasi,
930 536 1073 599 duntaxat
1087 538 1286 621 appellationi·

135 633 189 697 bos
208 635 385 722 discrepant.
431 635 509 700 Nam
528 637 677 722 spinarum
694 656 802 722 genera
821 637 934 721 quidem
958 638 1038 701 varia
1060 648 1145 716 suut,
1177 642 1228 704 scd
1251 642 1284 703 ad

135 739 320 820 pungendum
343 741 566 824 necandumque
586 741 633 804 vis
655 739 790 804 omuibus
812 751 858 804 est
878 740 1070 803 communiter
1090 740 1189 804 insita.

219 939 312 1026 lgitur
323 939 429 1008 Caiani
447 966 463 1007 a
483 943 641 1029 potentiori
655 944 777 1029 quadam
792 943 910 1008 Virtute
923 966 957 1007 ac
975 945 1095 1010 coelesti
1112 946 1284 1011 auctoritate

134 1043 295 1108 derivatam
312 1066 379 1110 esse
396 1042 520 1110 Caicum
539 1047 723 1132 praedicant,
754 1067 810 1110 nec
825 1068 883 1110 non
901 1058 931 1121 et
947 1045 1026 1110 Esau
1044 1058 1074 1110 ct
1090 1045 1187 1126 Care,
1219 1072 1283 1113 cum

134 1147 213 1226 suis,
236 1148 365 1232 itemque
381 1146 566 1213 sodomitas:
598 1150 723 1213 Abelom
742 1171 815 1212 aero
832 1149 869 1212 ab
885 1149 1067 1213 imbecilliori
1086 1148 1202 1216 Virtute
1219 1173 1284 1236 pro-

134 1249 235 1313 diisse.
281 1246 479 1332 Quamobrem
500 1250 567 1314 illos
589 1272 693 1315 omnes
714 1252 850 1336 opinione
873 1273 926 1315 sua
948 1252 1106 1315 laudandus
1129 1275 1163 1317 ac
1184 1274 1283 1317 secum

133 1352 350 1416 necessitudine
363 1353 535 1418 conirrncton
548 1365 696 1433 asserunt,
721 1357 814 1439 deque
830 1355 971 1418 eiusmodi
989 1376 1053 1418 cum
1070 1351 1166 1418 Caium
1182 1366 1211 1418 et
1227 1352 1284 1419 So·

134 1455 268 1533 domitis,
294 1452 373 1520 Cora
389 1467 418 1520 et
435 1455 515 1521 Esau
529 1458 703 1542 cognatione
717 1458 879 1542 gloriamur
895 1479 929 1519 ac
947 1459 1094 1539 perlectae
1109 1459 1284 1522 sublimiori-

133 1577 190 1640 qne
211 1558 353 1622 scientiae
374 1560 440 1624 illos
463 1561 642 1624 adscribant.
688 1558 759 1623 ldeo
783 1560 879 1622 mundi
905 1560 990 1623 buius
1014 1561 1145 1645 opificem
1169 1571 1281 1645 putant,

134 1679 198 1723 cum
223 1662 258 1723 ad
280 1681 332 1724 eos
353 1663 480 1726 lunditus
499 1662 696 1748 profligandos
712 1662 909 1740 incumberet,
943 1683 1051 1726 nocere
1073 1662 1143 1726 nibil
1166 1663 1283 1725 onmioo

132 1762 274 1845 potuisse.
327 1764 374 1827 Ab
399 1784 434 1827 eo
457 1765 562 1850 qnippe
587 1763 763 1849 semetipsos
788 1765 969 1843 occultasse,
1004 1776 1033 1828 ct
1059 1765 1088 1827 in
1117 1785 1282 1849 supremum

133 1863 267 1928 Aeonem
285 1886 352 1929 esse
369 1877 578 1943 commutatos,
603 1866 679 1929 unde
697 1877 726 1929 et
744 1867 901 1929 fortissima
919 1866 966 1929 illa
985 1864 1088 1930 Virtus
1105 1878 1160 1930 cat.
1206 1864 1282 1929 Nam

131 1965 198 2030 illos
211 1968 247 2030 ad
263 1988 331 2032 sese
349 1966 501 2054 Sapientia
518 1978 618 2054 utpote
634 1968 820 2032 necessarios
834 1969 959 2031 admisit.
1005 1966 1165 2053 Propterea
1184 1967 1282 2031 ludam

132 2080 270 2134 accurate
293 2071 390 2134 omnia
413 2071 486 2135 baec
509 2071 644 2136 babuisse
664 2080 814 2156 perspecta
835 2082 1007 2133 memorant.
1055 2067 1149 2152 Quem
1169 2071 1282 2154 quidem

132 2173 245 2236 affinem
267 2194 333 2237 esse
351 2195 435 2238 snum
450 2174 598 2253 iactitant,
623 2174 776 2257 eidemque
792 2172 985 2235 excellentem
1003 2175 1144 2257 quandam
1160 2173 1217 2236 vim
1234 2195 1283 2236 co·

131 2275 271 2358 gallionis
293 2275 467 2345 attribuant.
512 2274 600 2361 Quod
622 2297 714 2360 usquc
736 2277 809 2340 adeo
825 2275 1000 2352 detendunt,
1033 2285 1064 2337 ut
1085 2275 1148 2338 eins
1168 2276 1284 2338 nomine

129 2377 301 2463 inscriptum
318 2378 710 2463 opusculum'eirenmleraut
724 2379 799 2463 quod
815 2374 904 2440 ludae
920 2375 1112 2461 Evangelium
1128 2377 1281 2462 appellant.

133 2475 189 2543 Cui
207 2479 313 2545 similia
330 2483 473 2565 quaedam
492 2479 549 2545 alin
566 2481 713 2545 volumina
731 2481 938 2544 confinxerunt
954 2481 1095 2543 adversus
1114 2478 1282 2564 llystcram,

131 2581 186 2646 boc
204 2594 248 2646 est
267 2580 406 2661 Uterum,
439 2607 496 2669 qno
514 2574 630 2648 nomine
647 2584 737 2648 totius
753 2583 969 2660 universitatis,
1001 2582 1056 2645 boc
1073 2591 1119 2645 est
1134 2582 1208 2645 coeli
1224 2593 1283 2646 ter·

130 2704 252 2769 raeque,
278 2686 483 2750 fabricatorem
497 2697 616 2751 vocant.
662 2685 782 2770 Negant
796 2706 884 2770 porro
901 2684 1019 2748 liberari
1034 2684 1109 2748 ullos
1123 2705 1210 2769 posse
1227 2686 1283 2748 nisi

131 2786 301 2872 peremnia
324 2789 510 2868 transierint,
535 2790 612 2874 qnod
635 2800 664 2852 ct
687 2781 884 2874 Carpocrates
906 2788 1041 2872 opinatus
1063 2797 1120 2851 est.

217 2888 348 2973 Quilibet
363 2892 439 2954 enim
454 2892 570 2955 illorum
587 2891 671 2956 buiris
685 2892 841 2954 occasione
856 2889 999 2975 dogmatis
1015 2891 1126 2953 nefaria
1141 2891 1280 2974 quaedam
1307 2902 1366 2972 Cap.
1381 2908 1413 2959 tt.

130 3003 318 3081 perpetrans,
352 3014 443 3078 seque
471 2995 648 3058 execrandis
675 2994 704 3057 in
727 2993 894 3058 libidinibus
921 3014 956 3056 ac
978 2992 1150 3077 llagitiorum
1173 3014 1282 3077 genere

130 3094 208 3159 omni
232 3095 386 3174 volutans,
421 3097 602 3181 singulorum
623 3096 795 3180 angelornm
817 3096 934 3159 nomina
957 3105 1014 3159 tam
1036 3117 1174 3159 verorum
1197 3116 1281 3178 quam

129 3197 165 3263 ab
184 3197 257 3283 ipsis
276 3200 466 3262 conbctorum
485 3199 625 3265 invocans
643 3199 799 3282 unicnique
818 3198 1019 3261 detestandum
1038 3198 1153 3281 aliquod
1171 3199 1281 3260 lacinus

129 3320 164 3362 ac
181 3311 331 3385 peceatum
346 3302 428 3365 velut
443 3305 630 3387 praecipuum
645 3300 789 3380 attribuit,
813 3322 848 3363 ac
862 3301 1070 3384 qualecumque
1084 3321 1168 3362 suum
1185 3299 1281 3362 scelus

129 3403 201 3466 certi
221 3401 380 3488 cuiuspiam
398 3405 433 3466 ad
453 3405 549 3488 angeli
567 3424 672 3467 nomeu
692 3405 902 3466 accommodat.
949 3399 1023 3466 Cum
1043 3403 1120 3465 enim
1140 3401 1281 3465 eiusmodi

128 3505 234 3589 aliquid
253 3507 453 3583 committunt,
479 3507 555 3570 bunc
573 3506 603 3569 in
621 3507 735 3569 modum
754 3506 881 3591 praelati
898 3505 1005 3567 solent.
1051 3499 1078 3568 0
1100 3503 1205 3587 angele
1221 3502 1278 3582 Ν.,

129 3616 208 3671 tuum
231 3629 304 3692 opus
327 3610 471 3672 exerccol
518 3604 778 3693 OpotestasN.‚
812 3606 927 3672 actione
950 3617 997 3669 tna
1016 3607 1135 3691 frangor!
1182 3607 1280 3691 Atque

127 3708 205 3773 istud
218 3709 313 3795 ipsam
329 3721 386 3790 est,
404 3712 479 3795 quod
495 3712 530 3774 ab
545 3711 602 3775 illis
616 3711 748 3776 absoluta
761 3709 890 3795 cognitio
905 3709 1026 3788 dicitur3
1049 3710 1279 3795 quandoquidem

129 3821 160 3874 ot
173 3831 227 3897 per
240 3813 363 3876 uelanda
380 3815 477 3878 omnia
494 3814 668 3897 flagitiorum
686 3835 795 3899 genera
810 3812 926 3897 impune
941 3812 980 3876 ita
998 3813 1172 3890 volitarent,
1196 3834 1213 3876 a
1230 3834 1279 3876 su·

128 3914 292 3998 parionibus
307 3915 396 3979 sectis
410 3917 492 3980 velut
506 3917 693 4001 parentibus,
719 3915 927 3981 Gnosticorum
945 3915 1080 3978 videlicet
1098 3935 1132 3978 ac
1147 3912 1276 3993 Nicolai,

127 4014 222 4101 iisqne
245 4017 370 4080 affinium
390 4015 664 4082 Valentinianorum
687 4029 717 4081 at
734 4014 923 4102 carpocratis
945 4016 1127 4101 dogmatibus
1149 4020 1280 4080 occasio-

127 4139 193 4182 nem
211 4119 288 4183 nacti
305 4130 384 4183 aunt.
430 4117 572 4185 Pervenit
589 4132 620 4185 et
634 4123 670 4185 ad
688 4141 742 4185 nos
758 4130 856 4183 certus
873 4120 1030 4183 eorundem
1050 4120 1141 4196 liber,
1175 4119 1203 4182 ia
1222 4142 1278 4203 quo

127 4198 352 4285 sceleratissima
378 4222 478 4285 nescio
501 4243 576 4308 quae
598 4222 739 4287 vocabula
761 4223 916 4286 commenti
938 4233 1023 4300 sunt,
1055 4223 1085 4286 in
1106 4242 1201 4307 eoque
1222 4223 1278 4286 ista

127 4324 331 4389 continentur:
363 4322 421 4387 llic
442 4334 506 4405 est,
538 4324 648 4410 iuquit,
680 4325 818 4410 angelus,
836 4336 869 4390 'a
884 4346 941 4410 quo
958 4321 1082 4410 Moyses
1102 4335 1279 4399 excaecatus

127 4437 189 4508 est,
219 4426 297 4514 iique
315 4426 412 4512 angeli
428 4438 512 4507 sunt,
542 4427 681 4511 aquibus
699 4424 795 4508 Cone,
824 4425 939 4493 Datbuo
959 4437 990 4491 et
1006 4428 1138 4509 Abiron,
1162 4448 1278 4491 eorum·

127 4549 184 4614 quc
213 4539 397 4609 sectatores,
429 4528 564 4596 occultati
590 4529 788 4618 subtractique
815 4543 894 4596 suut.
944 4529 1023 4615 Quin
1048 4530 1135 4596 alium
1157 4531 1278 4617 insuper
