3046 5084
376 343 512 397 ransart
530 344 608 397 ΑΝ.
624 344 795 397 llfflmh
811 344 873 396 LlB.
887 346 907 395 1.
923 344 1003 397 Tum.
1018 347 1035 395 l.
1238 336 1279 397 45

134 462 231 550 gressi
243 462 274 527 iu
288 463 408 529 mnu
419 461 565 529 Sinaiticc
579 474 676 527 casua
692 462 791 527 metati
805 474 885 528 snut.
918 461 996 526 'l'nm
1011 461 1111 549 Mopsi
1128 463 1176 527 dei
1191 483 1280 528 servo

134 566 262 631 divinam
280 566 430 631 oraculum
450 583 607 628 recensere
620 564 758 650 populum
773 564 864 642 iuhct,
887 585 1047 649 corumque
1066 585 1217 629 numerum
1234 566 1280 628 in·

134 669 196 748 ire,
220 668 268 752 qui
283 667 437 731 militarem
452 675 577 727 actatcm
594 664 690 748 adepti
704 674 832 727 tractare
848 686 929 729 arma
944 675 1080 751 possent,
1104 688 1122 730 a
1138 666 1280 730 vicesimo

134 769 239 833 aetatis
252 790 329 833 anuo
346 769 382 831 ad
400 765 682 849 quinquagesimum.
726 760 821 845 Quam
841 764 873 828 iu
895 767 1120 851 descriptionem
1137 780 1280 831 sexcenta

135 870 238 956 viginti
261 881 291 933 et
313 878 379 932 octo
401 864 491 929 millia
513 887 547 929 ac
569 869 727 950 quingenta
747 865 840 950 capita
862 867 954 930 relata
976 878 1055 931 sunt.

219 971 317 1054 Atque
333 968 409 1031 idem
422 966 490 1030 illud
507 976 619 1053 tempus
633 968 687 1031 luit
699 988 757 1051 quo
769 968 844 1052 apud
858 966 993 1032 Graccus
1007 965 1131 1031 Inachus
1145 968 1278 1049 florebat,

135 1073 218 1138 cuius
234 1069 268 1135 lu
289 1068 346 1133 lilia
362 1067 461 1131 Atthis
477 1067 551 1132 alias
568 1070 644 1132 dicta
659 1068 779 1134 Atticas
797 1068 911 1152 regioni
932 1071 967 1132 dc
984 1090 1039 1133 suo
1057 1091 1163 1132 nomeu
1187 1071 1280 1155 impo-

134 1175 205 1241 suit.
249 1168 301 1234 Ex
318 1170 418 1234 eadem
434 1180 520 1233 natus
535 1181 566 1233 ct
579 1167 742 1255 Bosporus,
766 1170 812 1234 cui
830 1171 1012 1253 cognominis
1027 1171 1096 1234 urbs
1113 1171 1141 1235 iu
1161 1170 1279 1235 Euxino

135 1273 209 1338 mari
228 1272 334 1356 posita.
378 1268 439 1335 seu
457 1270 596 1356 Aegyptii
613 1268 673 1334 lsin
691 1272 769 1335 illam
786 1285 969 1357 nuncupant,
992 1295 1027 1334 ac
1044 1294 1097 1357 pro
1116 1274 1170 1337 dea
1189 1293 1280 1338 ucue·

135 1385 248 1439 matur.
276 1370 375 1437 luachi
390 1393 479 1457 porro
496 1393 602 1436 uomeu
619 1374 706 1436 etiam
724 1372 830 1437 fluvius
846 1374 959 1458 quidam
977 1375 1098 1437 sortitus
1114 1386 1170 1438 est.
1202 1373 1280 1439 Cac-

136 1487 229 1539 tcrun
245 1474 325 1540 illinc
341 1471 523 1538 Graecorum
541 1474 680 1558 mysteria
695 1475 910 1559 religionesque
927 1476 1076 1538 derivatae
1095 1487 1181 1554 sunt,
1205 1498 1279 1560 quae

137 1578 210 1663 apud
230 1576 411 1661 Aegyptius,
432 1574 585 1660 Phryges,
609 1573 774 1640 Phoenices
799 1588 828 1639 et
850 1573 1030 1661 Babylonios
1058 1577 1134 1639 male
1155 1579 1279 1643 antehac

136 1678 300 1763 exuopp‘tata
316 1699 370 1763 per
383 1673 525 1741 Cadmum
542 1688 573 1739 et
590 1675 740 1756 inachum,
763 1677 814 1761 qui
832 1679 911 1762 prius
927 1678 1002 1762 Apis
1019 1680 1112 1741 dictus
1127 1676 1279 1764 Memphin

135 1780 233 1844 urhem
251 1780 391 1857 condidit,
415 1799 454 1841 ex
469 1778 608 1862 Aegypto
624 1779 763 1842 translata
778 1791 847 1842 sunt
863 1780 893 1842 in
911 1779 1076 1842 Graeciam.
1112 1777 1279 1862 Quinetiam

134 1881 170 1945 ab
189 1877 309 1967 Orpheo
332 1880 455 1964 aliisque
473 1878 753 1942 nonnullisiuvccta
769 1881 865 1943 varias
881 1882 909 1942 in
929 1892 1026 1943 sectas
1046 1882 1183 1944 coaluere
1200 1894 1280 1966 pust·

133 1982 267 2063 mutum,
291 2002 412 2066 quarum
427 1978 587 2064 Epicurus,
612 1978 696 2042 Zeuu
715 1978 846 2059 Stoicus,
869 1979 1055 2065 Pythagoras
1072 2004 1108 2046 ac
1122 1981 1209 2047 Plato
1228 1985 1280 2047 dn·

134 2105 185 2149 ces
208 2095 296 2169 atquc
321 2084 491 2146 inventores
517 2083 646 2145 luerunt.
693 2078 786 2164 lgitur
809 2081 844 2143 ab
865 2082 915 2144 illo
938 2093 1068 2167 tempure
1090 2085 1279 2148 corroborata

134 2168 271 2271 tleiuceps
285 2185 333 2249 illa
347 2184 517 2269 superstitio
533 2185 569 2248 al
584 2182 735 2267 imperium
753 2203 844 2265 usque
857 2180 1081 2247 Macedonicum
1098 2196 1129 2247 et
1142 2183 1279 2248 Xerxem

133 2286 291 2353 Persarum
303 2287 474 2372 principem,
496 2296 561 2372 pust
575 2284 699 2372 primum
714 2283 987 2365 Hierosolymorum
1004 2287 1162 2349 excidium.
1192 2285 1280 2351 ltem-

134 2411 192 2475 quc
210 2389 245 2453 ad
261 2387 561 2453 Nabuchodonusuris
580 2407 673 2471 usquc
687 2386 895 2472 captivitatem,
920 2386 1050 2469 adeoque
1064 2383 1147 2450 Darii
1165 2399 1195 2451 ct
1208 2389 1281 2452 Ale-

133 2491 240 2557 xandri
261 2488 435 2555 Macedouis
456 2498 599 2574 tempora.
646 2487 725 2551 'l'um
740 2490 817 2551 enim
834 2485 918 2551 Plato
936 2487 1076 2564 florebat,
1100 2509 1134 2551 ac
1150 2490 1197 2572 qui
1212 2488 1280 2553 Pla-

134 2605 232 2658 toncm
248 2601 344 2657 aetate
360 2590 523 2677 praecessit
536 2587 734 2674 Pythagoras,
758 2589 849 2673 etqui
868 2600 935 2674 post
949 2611 1014 2652 eum
1031 2589 1108 2653 vixit
1120 2588 1279 2674 Epicurus.

132 2693 184 2760 Ex
202 2695 267 2775 illa,
289 2693 332 2758 uti
348 2692 423 2773 uixi,
446 2690 603 2757 occasions
618 2689 801 2756 Graecorum
820 2702 1007 2755 monumenta
1023 2702 1181 2777 propagata
1198 2703 1277 2755 suut.

134 2796 213 2861 Tum
235 2817 309 2880 quac
326 2795 484 2859 secundum
499 2795 568 2859 ilua
586 2805 698 2879 tempus
714 2793 879 2857 celebratas
902 2795 1021 2857 luerunt
1044 2794 1279 2879 philosophorum

133 2908 246 2976 sactae,
269 2915 321 2960 eae
338 2896 454 2960 tametsi
470 2917 569 2960 secum
585 2895 712 2959 invicem
728 2896 758 2959 in
776 2916 813 2958 eo
831 2896 1029 2976 consentiant,
1053 2897 1128 2980 quud
1146 2916 1279 2960 errorem

132 3010 331 3085 propugnant,
355 3018 512 3083 paremquc
533 3008 564 3062 et
581 2998 705 3062 eandem
727 2998 911 3062 idololatriae
936 3009 1022 3082 atquc
1045 2998 1201 3083 impictatis
1226 2998 1278 3061 do·

132 3102 256 3167 cuinam
279 3110 458 3180 contexant,
480 3099 581 3163 inille
605 3110 704 3165 tamen
728 3100 840 3165 erroris
859 3101 980 3165 lihidine
1001 3101 1175 3186 semetipsas
1197 3099 1279 3162 colli-

131 3205 204 3269 dunt
223 3224 259 3269 ac
279 3214 380 3269 mutuo
400 3211 577 3287 repugnent.

505 3542 583 3621 DE
627 3544 653 3621 S
669 3544 699 3622 'l'
715 3544 848 3624 0101
864 3547 902 3640 S,

203 3689 283 3760 quae
309 3666 486 3743 tertiaeet
512 3662 695 3742 Gentilium
719 3666 885 3758 haeresis,
912 3661 1027 3738 ordina
1053 3683 1133 3736 reru
1159 3661 1202 3738 V.

214 3808 300 3896 Quod
321 3816 357 3879 ad
376 3813 494 3881 Stoicos
516 3816 659 3899 pertinet,
691 3816 763 3880 haec
784 3828 832 3881 est
852 3818 888 3878 de
910 3813 1059 3876 divinitate
1080 3813 1193 3877 illorum
1217 3814 1279 3901 opi·
1297 3831 1358 3898 cap.
1376 3832 1396 3881 1.

129 3913 191 3978 nio.
237 3911 332 3979 Deum
354 3936 422 3981 esse
440 3927 565 3981 mentem
585 3928 739 3995 asserunt,
772 3937 845 4001 quae
868 3916 957 3979 tutius
973 3915 1158 4000 aspectabilis
1180 3917 1277 3997 molis,

129 4014 203 4080 coeli
221 4014 357 4079 nimirum
378 4036 414 4080 ac
435 4027 533 4081 terrac
549 4030 791 4104 caeterarumque
812 4039 909 4080 rerum
932 4016 1012 4080 velut
1030 4018 1162 4103 corporis
1183 4019 1279 4082 anima

128 4119 179 4183 sit.
230 4114 348 4182 Rursus
370 4116 551 4183 divinitatem
578 4142 665 4184 uuam
695 4119 725 4182 in
754 4120 851 4206 pluras
879 4140 913 4182 ac
941 4120 1130 4204 particulares
1160 4130 1280 4185 naturas

127 4219 322 4298 distribuunt,
355 4218 447 4283 solem
473 4220 626 4300 videlicet,
661 4221 758 4285 lunam
782 4243 816 4284 ac
840 4222 958 4302 stollas,
991 4221 1132 4301 animam,
1166 4228 1277 4302 aerem,

162 4408 203 4460 su.
219 4409 261 4459 Sto
276 4421 355 4459 omncs
368 4408 430 4457 uns
447 4434 481 4445 -
512 4409 561 4459 Pro
574 4403 621 4474 πρό
638 4409 688 4472 lor-
753 4408 797 4461 tt.
813 4404 960 4478 ἑμὸστοιχον
977 4411 1028 4460 cod.
1046 4411 1120 4458 t'enct.

126 4480 186 4527 tuate
201 4477 364 4541 masadan
379 4467 439 4528 ἀπὸ.
753 4476 811 4528 Gar.
830 4480 848 4528 t.
872 4506 904 4517 -
936 4482 954 4527 t.
974 4468 994 4540 ἦ
1011 4502 1047 4514 -
1063 4504 1096 4513 -
1113 4472 1206 4544 ψυχήν.
1230 4492 1278 4540 ego.

159 4542 198 4595 11.
214 4543 242 4597 ut
255 4536 381 4611 seeum
396 4544 449 4595 cos.
465 4544 541 4595 racc.
718 4547 786 4599 euri
793 4539 907 4614 mmsis
920 4538 951 4612 (ἣ
963 4546 1001 4596 ou.
1013 4543 1189 4611 rancun--
1199 4540 1278 4613 cogn
