3046 5084
360 273 494 326 pantenu
512 274 586 327 unv.
604 275 771 328 nunnnsns
789 275 850 328 nte.
865 279 884 326 t.
900 277 981 328 nom.
996 277 1026 326 n.
1206 264 1262 326 121

207 387 267 455 ΧΙ.
283 389 432 458 Valentini
443 395 852 476 corporumreeurreetinnem
864 406 982 478 negant.
1003 392 1097 458 Vetus
1108 404 1266 458 testamen·

126 504 185 558 tum
199 515 234 557 ae
252 494 406 579 prophetas
422 503 575 576 respuunt.
608 492 692 576 Quae
708 495 891 557 nihilominus
906 496 1004 576 legunt
1020 495 1087 577 ipsi,
1111 507 1140 559 et
1156 495 1181 559 si
1199 496 1267 580 quid

126 597 259 679 estquod
273 597 307 658 ad
323 597 437 658 illorum
453 592 587 654 haeresin
602 613 654 676 per
664 595 785 676 figuram
800 615 832 656 ae
849 605 959 677 tropum
976 597 1187 657 accommodari
1202 618 1267 680 pus-

127 697 181 774 sit,
206 697 233 760 id
253 696 419 759 admittunt.
467 689 527 755 Sed
545 704 640 756 certas
659 694 795 776 quasdam
817 695 927 757 tabulas
949 696 1135 773 addiderunt,
1166 707 1195 756 et
1217 698 1269 758 tri·

126 799 207 881 ginta
223 798 359 861 Aeonum
384 795 535 876 utriusque
557 814 649 858 sexus
665 795 806 858 voeabula
827 797 982 858 commenti
1000 807 1085 873 sunt,
1111 817 1183 880 quus
1208 797 1270 879 qui-

127 900 192 962 dem
203 898 325 960 Aeonas
340 895 376 957 ab
392 894 593 958 universorum
607 907 728 979 parente
741 918 775 958 ae
788 896 937 959 conditore
951 897 1107 981 productus
1122 908 1268 976 asserunt,

128 1021 201 1083 quus
221 1009 251 1061 et
269 999 340 1082 deus
363 1006 392 1058 et
411 995 530 1058 Aeonas
547 997 666 1059 iaciunt.
711 993 836 1060 Demum
854 994 1002 1061 Christum
1025 999 1142 1060 ecoelo
1165 1019 1270 1080 corpus

129 1099 284 1175 extulisse,
302 1119 337 1160 ae
348 1093 530 1181 perManiam
543 1097 705 1161 traductum
715 1119 782 1161 esse
795 1100 874 1162 velut
886 1119 937 1183 per
949 1099 1076 1161 tubulum
1089 1100 1268 1162 existimant.

213 1195 288 1260 ΧΙΙ.
310 1195 499 1275 secundiani,
518 1218 675 1282 eurumque
691 1199 764 1263 socii
777 1198 943 1285 Epiphanes
958 1197 1197 1282 annotatoris,
1220 1221 1269 1264 ea·

130 1302 195 1363 dem
207 1300 284 1362 inter
297 1319 330 1362 se
343 1298 423 1384 pan'a
437 1310 642 1382 componentes
658 1322 722 1364 eum
734 1298 897 1365 Valentinis
914 1301 1111 1380 consentiunt,
1131 1303 1269 1365 nonnulla

130 1400 276 1464 tamenab
291 1399 328 1462 iis
341 1400 456 1463 diversa
471 1411 592 1485 ponunt,
616 1412 646 1464 et
661 1403 697 1464 ad
715 1404 828 1465 foedam
843 1403 964 1487 insuper
974 1402 1122 1466 libidinem
1137 1424 1207 1468 suos
1223 1405 1269 1467 iu-

131 1502 263 1565 stituunt.
306 1498 396 1563 iidem
418 1513 449 1565 et
468 1502 700 1566 incarnationem
722 1515 840 1587 negant.

211 1599 299 1665 Xlii.
330 1600 491 1665 Ptolemaei
508 1601 656 1666 Valentini
680 1604 810 1689 discipuli
834 1607 967 1685 inerunt,
992 1604 1161 1688 quibuscum
1181 1603 1270 1669 Flora

131 1703 321 1788 coniungitur.
366 1703 426 1768 Pan
446 1704 579 1786 idemque
603 1705 706 1788 dogma
726 1707 761 1768 de
782 1707 1033 1790 coniugationibus
1050 1707 1107 1769 ittis
1126 1729 1189 1770 eum
1207 1705 1269 1770 Va-

128 1804 236 1882 lentino
247 1827 282 1869 ac
293 1803 486 1870 Seeuudianis
501 1804 665 1882 adstruunt,
685 1805 779 1869 sedin
797 1807 963 1888 quibusdam
980 1819 1076 1870 tamen
1091 1808 1266 1893 discrepant.

211 1905 295 1970 Haec
318 1917 364 1970 est
382 1905 503 1969 secundi
522 1907 591 1969 tomi
612 1905 696 1990 primi
715 1905 868 1970 voluminis
885 1930 995 1972 summa
1015 1930 1089 1992 quae
1105 1907 1184 1972 Xlll
1202 1909 1270 1972 hae-

89 2006 96 2037 ⁵
127 2029 210 2072 reses
232 2009 446 2092 complectitur.

159 2179 201 2230 21.
216 2181 253 2230 na
267 2193 296 2227 ee
311 2179 452 2240 triumphet.
488 2179 561 2239 Vutyu
578 2168 668 2228 αὕτῶν.
748 2174 788 2225 23.
805 2174 850 2227 καὶ
872 2179 938 2226 codd.
958 2179 1030 2226 t'ettc.
1055 2179 1151 2242 flttdiq.
1176 2184 1196 2228 et
1217 2180 1270 2228 edit.

159 2245 200 2297 Ὦ.
219 2241 302 2310 σάρκα
319 2247 371 2296 cod.
388 2247 459 2294 t'etu'e.
476 2249 496 2294 tt
512 2245 653 2306 imapum.
716 2247 796 2295 Petau.
831 2239 879 2309 γὰρ
898 2247 950 2294 edit.
964 2248 1039 2306 princ.
