<?xml version="1.0" encoding="UTF-8"?>
<!DOCTYPE html PUBLIC "-//W3C//DTD XHTML 1.0 Transitional//EN"
    "http://www.w3.org/TR/xhtml1/DTD/xhtml1-transitional.dtd">
<html xmlns="http://www.w3.org/1999/xhtml" xml:lang="en" lang="en">
 <head>
  <title>
</title>
<meta http-equiv="Content-Type" content="text/html;charset=utf-8" />
  <meta name='ocr-system' content='tesseract 3.04.00' />
  <meta name='ocr-capabilities' content='ocr_page ocr_carea ocr_par ocr_line ocrx_word'/>
</head>
<body>
  <div class='ocr_page' id='page_1' title='image "./corporishaerese01unkngoog_0444.png"; bbox 0 0 3046 5084; ppageno 0'>
   <div class='ocr_carea' id='block_1_1' title="bbox 330 395 1225 462">
    <p class='ocr_par' dir='ltr' id='par_1_1' title="bbox 330 395 1225 462">
     <span class='ocr_line' id='line_1_1' title="bbox 330 395 1225 462; baseline 0.003 -7"><span class='ocrx_word' id='word_1_1' title='bbox 330 404 465 458; x_wconf 80' lang='lat' dir='ltr'>rausum</span> <span class='ocrx_word' id='word_1_2' title='bbox 480 405 544 462; x_wconf 78' lang='lat' dir='ltr'>ura.</span> <span class='ocrx_word' id='word_1_3' title='bbox 553 406 573 459; x_wconf 90' lang='grc' dir='ltr'>ι.</span> <span class='ocrx_word' id='word_1_4' title='bbox 592 405 675 459; x_wconf 84' lang='lat' dir='ltr'>root.</span> <span class='ocrx_word' id='word_1_5' title='bbox 686 408 730 459; x_wconf 80' lang='grc' dir='ltr'>ιιι</span> <span class='ocrx_word' id='word_1_6' title='bbox 746 407 845 459; x_wconf 82' lang='lat' dir='ltr'>sana.</span> <span class='ocrx_word' id='word_1_7' title='bbox 854 408 979 458; x_wconf 83' lang='lat' dir='ltr'>xxxiv.</span> <span class='ocrx_word' id='word_1_8' title='bbox 1163 395 1225 459; x_wconf 80' lang='grc'>439</span> 
     </span>
    </p>
   </div>
   <div class='ocr_carea' id='block_1_2' title="bbox 18 522 1357 3572">
    <p class='ocr_par' dir='ltr' id='par_1_2' title="bbox 18 522 1357 3572">
     <span class='ocr_line' id='line_1_2' title="bbox 81 522 1225 611; baseline 0.002 -25"><span class='ocrx_word' id='word_1_9' title='bbox 81 542 137 586; x_wconf 92' lang='lat' dir='ltr'>nee</span> <span class='ocrx_word' id='word_1_10' title='bbox 151 522 228 587; x_wconf 87' lang='lat' dir='ltr'>intra</span> <span class='ocrx_word' id='word_1_11' title='bbox 244 543 301 588; x_wconf 88' lang='lat' dir='ltr'>neo</span> <span class='ocrx_word' id='word_1_12' title='bbox 315 536 403 589; x_wconf 86' lang='lat' dir='ltr'>extra</span> <span class='ocrx_word' id='word_1_13' title='bbox 416 525 597 605; x_wconf 88' lang='lat' dir='ltr'>oorrsistnnt,</span> <span class='ocrx_word' id='word_1_14' title='bbox 620 526 765 611; x_wconf 86' lang='lat' dir='ltr'>talemqnc</span> <span class='ocrx_word' id='word_1_15' title='bbox 781 546 821 589; x_wconf 86' lang='lat' dir='ltr'>ex</span> <span class='ocrx_word' id='word_1_16' title='bbox 835 526 886 590; x_wconf 89' lang='lat' dir='ltr'>illa</span> <span class='ocrx_word' id='word_1_17' title='bbox 898 525 1159 590; x_wconf 68' lang='lat' dir='ltr'>scientissimorum</span> <span class='ocrx_word' id='word_1_18' title='bbox 1174 525 1225 588; x_wconf 89' lang='lat' dir='ltr'>bo·</span> 
     </span>
     <span class='ocr_line' id='line_1_3' title="bbox 81 625 755 692; baseline 0.003 -4"><span class='ocrx_word' id='word_1_19' title='bbox 81 625 191 690; x_wconf 88' lang='lat' dir='ltr'>minum</span> <span class='ocrx_word' id='word_1_20' title='bbox 211 626 293 690; x_wconf 79' lang='lat' dir='ltr'>velut</span> <span class='ocrx_word' id='word_1_21' title='bbox 313 638 445 691; x_wconf 75' lang='lat' dir='ltr'>semente</span> <span class='ocrx_word' id='word_1_22' title='bbox 467 628 591 691; x_wconf 87' lang='lat' dir='ltr'>lruetnm</span> <span class='ocrx_word' id='word_1_23' title='bbox 613 630 755 692; x_wconf 75' lang='lat' dir='ltr'>referunt.</span> 
     </span>
     <span class='ocr_line' id='line_1_4' title="bbox 164 723 1357 813; baseline 0.002 -21"><span class='ocrx_word' id='word_1_24' title='bbox 164 723 304 793; x_wconf 81' lang='lat' dir='ltr'>Ceterum</span> <span class='ocrx_word' id='word_1_25' title='bbox 324 727 445 792; x_wconf 82' lang='lat' dir='ltr'>Marcus</span> <span class='ocrx_word' id='word_1_26' title='bbox 468 728 525 792; x_wconf 90' lang='lat' dir='ltr'>iste</span> <span class='ocrx_word' id='word_1_27' title='bbox 542 726 750 794; x_wconf 87' lang='lat' dir='ltr'>Colorbasieae</span> <span class='ocrx_word' id='word_1_28' title='bbox 769 726 857 813; x_wconf 88' lang='lat' dir='ltr'>Sigcs</span> <span class='ocrx_word' id='word_1_29' title='bbox 880 740 994 792; x_wconf 90' lang='lat' dir='ltr'>uterum</span> <span class='ocrx_word' id='word_1_30' title='bbox 1017 750 1051 792; x_wconf 90' lang='lat' dir='ltr'>ao</span> <span class='ocrx_word' id='word_1_31' title='bbox 1069 739 1224 813; x_wconf 88' lang='lat' dir='ltr'>concepta·</span> <span class='ocrx_word' id='word_1_32' title='bbox 1243 744 1302 813; x_wconf 68' lang='lat' dir='ltr'>cip.</span> <span class='ocrx_word' id='word_1_33' title='bbox 1317 746 1357 796; x_wconf 81' lang='lat' dir='ltr'>lv.</span> 
     </span>
     <span class='ocr_line' id='line_1_5' title="bbox 42 829 1225 918; baseline -0.001 -23"><span class='ocrx_word' id='word_1_34' title='bbox 42 837 49 848; x_wconf 91' lang='grc'><strong>“</strong></span> <span class='ocrx_word' id='word_1_35' title='bbox 80 830 175 895; x_wconf 87' lang='lat' dir='ltr'>culum</span> <span class='ocrx_word' id='word_1_36' title='bbox 199 851 287 894; x_wconf 90' lang='lat' dir='ltr'>unum</span> <span class='ocrx_word' id='word_1_37' title='bbox 310 851 344 893; x_wconf 89' lang='lat' dir='ltr'>se</span> <span class='ocrx_word' id='word_1_38' title='bbox 366 851 401 893; x_wconf 91' lang='lat' dir='ltr'>ac</span> <span class='ocrx_word' id='word_1_39' title='bbox 423 831 600 915; x_wconf 73' lang='lat' dir='ltr'>singularem</span> <span class='ocrx_word' id='word_1_40' title='bbox 626 832 715 897; x_wconf 90' lang='lat' dir='ltr'>luisse</span> <span class='ocrx_word' id='word_1_41' title='bbox 736 831 938 918; x_wconf 89' lang='lat' dir='ltr'>praedicabat,</span> <span class='ocrx_word' id='word_1_42' title='bbox 970 841 1002 893; x_wconf 90' lang='lat' dir='ltr'>ut</span> <span class='ocrx_word' id='word_1_43' title='bbox 1026 831 1073 915; x_wconf 91' lang='lat' dir='ltr'>qui</span> <span class='ocrx_word' id='word_1_44' title='bbox 1099 829 1225 913; x_wconf 88' lang='lat' dir='ltr'>unigena</span> 
     </span>
     <span class='ocr_line' id='line_1_6' title="bbox 18 926 1224 1018; baseline 0 -23"><span class='ocrx_word' id='word_1_45' title='bbox 18 926 27 949; x_wconf 83' lang='lat'>⁸</span> <span class='ocrx_word' id='word_1_46' title='bbox 78 931 173 995; x_wconf 89' lang='lat' dir='ltr'>eidem</span> <span class='ocrx_word' id='word_1_47' title='bbox 197 933 301 1011; x_wconf 85' lang='lat' dir='ltr'>luerit,</span> <span class='ocrx_word' id='word_1_48' title='bbox 331 953 366 996; x_wconf 89' lang='lat' dir='ltr'>ac</span> <span class='ocrx_word' id='word_1_49' title='bbox 386 934 519 996; x_wconf 86' lang='lat' dir='ltr'>delectos</span> <span class='ocrx_word' id='word_1_50' title='bbox 538 952 658 1012; x_wconf 89' lang='lat' dir='ltr'>semen,</span> <span class='ocrx_word' id='word_1_51' title='bbox 689 934 764 1018; x_wconf 90' lang='lat' dir='ltr'>qnod</span> <span class='ocrx_word' id='word_1_52' title='bbox 787 934 816 996; x_wconf 91' lang='lat' dir='ltr'>in</span> <span class='ocrx_word' id='word_1_53' title='bbox 838 954 872 996; x_wconf 91' lang='lat' dir='ltr'>se</span> <span class='ocrx_word' id='word_1_54' title='bbox 891 943 1059 1017; x_wconf 72' lang='lat' dir='ltr'>receperat,</span> <span class='ocrx_word' id='word_1_55' title='bbox 1089 931 1143 995; x_wconf 91' lang='lat' dir='ltr'>boc</span> <span class='ocrx_word' id='word_1_56' title='bbox 1163 935 1224 996; x_wconf 91' lang='lat' dir='ltr'>lere</span> 
     </span>
     <span class='ocr_line' id='line_1_7' title="bbox 76 1032 1223 1120; baseline 0.001 -23"><span class='ocrx_word' id='word_1_57' title='bbox 76 1034 165 1097; x_wconf 79' lang='lat' dir='ltr'>morlo</span> <span class='ocrx_word' id='word_1_58' title='bbox 183 1035 306 1120; x_wconf 77' lang='lat' dir='ltr'>peperit.</span> <span class='ocrx_word' id='word_1_59' title='bbox 351 1032 466 1120; x_wconf 83' lang='lat' dir='ltr'>Quippe</span> <span class='ocrx_word' id='word_1_60' title='bbox 481 1055 621 1098; x_wconf 88' lang='lat' dir='ltr'>summam</span> <span class='ocrx_word' id='word_1_61' title='bbox 636 1036 714 1099; x_wconf 88' lang='lat' dir='ltr'>illam</span> <span class='ocrx_word' id='word_1_62' title='bbox 732 1034 892 1098; x_wconf 76' lang='lat' dir='ltr'>Tetradem</span> <span class='ocrx_word' id='word_1_63' title='bbox 915 1056 955 1097; x_wconf 82' lang='lat' dir='ltr'>ex</span> <span class='ocrx_word' id='word_1_64' title='bbox 974 1033 1009 1097; x_wconf 90' lang='lat' dir='ltr'>iis</span> <span class='ocrx_word' id='word_1_65' title='bbox 1028 1034 1118 1112; x_wconf 91' lang='lat' dir='ltr'>locis,</span> <span class='ocrx_word' id='word_1_66' title='bbox 1150 1054 1223 1116; x_wconf 90' lang='lat' dir='ltr'>qnae</span> 
     </span>
     <span class='ocr_line' id='line_1_8' title="bbox 76 1134 1223 1221; baseline 0.001 -23"><span class='ocrx_word' id='word_1_67' title='bbox 76 1136 172 1199; x_wconf 89' lang='lat' dir='ltr'>videri</span> <span class='ocrx_word' id='word_1_68' title='bbox 193 1136 394 1221; x_wconf 72' lang='lat' dir='ltr'>nominatique</span> <span class='ocrx_word' id='word_1_69' title='bbox 417 1148 581 1221; x_wconf 90' lang='lat' dir='ltr'>nequeunt,</span> <span class='ocrx_word' id='word_1_70' title='bbox 613 1137 649 1200; x_wconf 89' lang='lat' dir='ltr'>ad</span> <span class='ocrx_word' id='word_1_71' title='bbox 670 1157 737 1201; x_wconf 89' lang='lat' dir='ltr'>sese</span> <span class='ocrx_word' id='word_1_72' title='bbox 762 1136 895 1200; x_wconf 75' lang='lat' dir='ltr'>muliebri</span> <span class='ocrx_word' id='word_1_73' title='bbox 914 1134 1013 1220; x_wconf 90' lang='lat' dir='ltr'>specie</span> <span class='ocrx_word' id='word_1_74' title='bbox 1037 1136 1223 1199; x_wconf 82' lang='lat' dir='ltr'>descendisse</span> 
     </span>
     <span class='ocr_line' id='line_1_9' title="bbox 76 1237 1223 1323; baseline 0 -22"><span class='ocrx_word' id='word_1_75' title='bbox 76 1237 245 1321; x_wconf 89' lang='lat' dir='ltr'>(qnoniam,</span> <span class='ocrx_word' id='word_1_76' title='bbox 275 1238 386 1322; x_wconf 91' lang='lat' dir='ltr'>inquit,</span> <span class='ocrx_word' id='word_1_77' title='bbox 419 1239 495 1323; x_wconf 93' lang='lat' dir='ltr'>quod</span> <span class='ocrx_word' id='word_1_78' title='bbox 514 1239 544 1301; x_wconf 91' lang='lat' dir='ltr'>in</span> <span class='ocrx_word' id='word_1_79' title='bbox 563 1259 598 1302; x_wconf 88' lang='lat' dir='ltr'>ca</span> <span class='ocrx_word' id='word_1_80' title='bbox 616 1238 767 1302; x_wconf 83' lang='lat' dir='ltr'>masculini</span> <span class='ocrx_word' id='word_1_81' title='bbox 787 1259 878 1302; x_wconf 83' lang='lat' dir='ltr'>senos</span> <span class='ocrx_word' id='word_1_82' title='bbox 897 1248 961 1301; x_wconf 83' lang='lat' dir='ltr'>erat</span> <span class='ocrx_word' id='word_1_83' title='bbox 977 1238 1123 1301; x_wconf 90' lang='lat' dir='ltr'>sustinere</span> <span class='ocrx_word' id='word_1_84' title='bbox 1141 1260 1223 1302; x_wconf 89' lang='lat' dir='ltr'>mun-</span> 
     </span>
     <span class='ocr_line' id='line_1_10' title="bbox 75 1338 1222 1425; baseline -0.001 -22"><span class='ocrx_word' id='word_1_85' title='bbox 75 1340 131 1403; x_wconf 89' lang='grc' dir='ltr'>ι1ιι</span> <span class='ocrx_word' id='word_1_86' title='bbox 146 1360 204 1404; x_wconf 93' lang='lat' dir='ltr'>non</span> <span class='ocrx_word' id='word_1_87' title='bbox 221 1342 365 1425; x_wconf 86' lang='lat' dir='ltr'>poterat),</span> <span class='ocrx_word' id='word_1_88' title='bbox 389 1341 492 1404; x_wconf 92' lang='lat' dir='ltr'>deinde</span> <span class='ocrx_word' id='word_1_89' title='bbox 510 1361 544 1404; x_wconf 90' lang='lat' dir='ltr'>se</span> <span class='ocrx_word' id='word_1_90' title='bbox 558 1362 699 1425; x_wconf 89' lang='lat' dir='ltr'>quaenam</span> <span class='ocrx_word' id='word_1_91' title='bbox 717 1351 796 1404; x_wconf 88' lang='lat' dir='ltr'>esset</span> <span class='ocrx_word' id='word_1_92' title='bbox 812 1338 979 1425; x_wconf 86' lang='lat' dir='ltr'>aperuisse,</span> <span class='ocrx_word' id='word_1_93' title='bbox 1004 1340 1222 1404; x_wconf 85' lang='lat' dir='ltr'>universorum-</span> 
     </span>
     <span class='ocr_line' id='line_1_11' title="bbox 73 1442 1222 1527; baseline 0 -23"><span class='ocrx_word' id='word_1_94' title='bbox 73 1462 132 1527; x_wconf 86' lang='lat' dir='ltr'>que</span> <span class='ocrx_word' id='word_1_95' title='bbox 149 1442 385 1526; x_wconf 77' lang='lat' dir='ltr'>generationem,</span> <span class='ocrx_word' id='word_1_96' title='bbox 414 1462 499 1526; x_wconf 88' lang='lat' dir='ltr'>quam</span> <span class='ocrx_word' id='word_1_97' title='bbox 517 1442 624 1507; x_wconf 90' lang='lat' dir='ltr'>nemini</span> <span class='ocrx_word' id='word_1_98' title='bbox 642 1444 762 1506; x_wconf 89' lang='lat' dir='ltr'>deorum</span> <span class='ocrx_word' id='word_1_99' title='bbox 780 1464 904 1526; x_wconf 91' lang='lat' dir='ltr'>uuquam</span> <span class='ocrx_word' id='word_1_100' title='bbox 921 1442 1124 1526; x_wconf 90' lang='lat' dir='ltr'>bominumque</span> <span class='ocrx_word' id='word_1_101' title='bbox 1143 1453 1222 1526; x_wconf 88' lang='lat' dir='ltr'>pate·</span> 
     </span>
     <span class='ocr_line' id='line_1_12' title="bbox 73 1540 1220 1629; baseline -0.002 -20"><span class='ocrx_word' id='word_1_102' title='bbox 73 1546 203 1621; x_wconf 86' lang='lat' dir='ltr'>lecerat,</span> <span class='ocrx_word' id='word_1_103' title='bbox 225 1542 280 1607; x_wconf 89' lang='lat' dir='ltr'>soli</span> <span class='ocrx_word' id='word_1_104' title='bbox 298 1542 353 1628; x_wconf 88' lang='lat' dir='ltr'>ipsi</span> <span class='ocrx_word' id='word_1_105' title='bbox 372 1543 444 1608; x_wconf 88' lang='lat' dir='ltr'>iisca</span> <span class='ocrx_word' id='word_1_106' title='bbox 459 1545 558 1609; x_wconf 85' lang='lat' dir='ltr'>verbis</span> <span class='ocrx_word' id='word_1_107' title='bbox 575 1545 766 1629; x_wconf 79' lang='lat' dir='ltr'>exposuisse:</span> <span class='ocrx_word' id='word_1_108' title='bbox 791 1540 866 1608; x_wconf 85' lang='lat' dir='ltr'>Cum</span> <span class='ocrx_word' id='word_1_109' title='bbox 884 1543 1005 1627; x_wconf 91' lang='lat' dir='ltr'>primum</span> <span class='ocrx_word' id='word_1_110' title='bbox 1026 1540 1113 1606; x_wconf 87' lang='lat' dir='ltr'>Pater</span> <span class='ocrx_word' id='word_1_111' title='bbox 1129 1543 1154 1606; x_wconf 91' lang='lat' dir='ltr'>is</span> <span class='ocrx_word' id='word_1_112' title='bbox 1173 1544 1220 1628; x_wconf 93' lang='lat' dir='ltr'>qui</span> 
     </span>
     <span class='ocr_line' id='line_1_13' title="bbox 71 1645 1220 1732; baseline -0.003 -23"><span class='ocrx_word' id='word_1_113' title='bbox 71 1666 170 1731; x_wconf 83' lang='lat' dir='ltr'>neque</span> <span class='ocrx_word' id='word_1_114' title='bbox 191 1645 369 1728; x_wconf 75' lang='lat' dir='ltr'>cogitatione</span> <span class='ocrx_word' id='word_1_115' title='bbox 390 1647 454 1732; x_wconf 90' lang='lat' dir='ltr'>capi</span> <span class='ocrx_word' id='word_1_116' title='bbox 477 1656 572 1731; x_wconf 90' lang='lat' dir='ltr'>potest</span> <span class='ocrx_word' id='word_1_117' title='bbox 593 1658 624 1710; x_wconf 89' lang='lat' dir='ltr'>et</span> <span class='ocrx_word' id='word_1_118' title='bbox 642 1659 766 1711; x_wconf 88' lang='lat' dir='ltr'>naturae</span> <span class='ocrx_word' id='word_1_119' title='bbox 787 1647 881 1710; x_wconf 92' lang='lat' dir='ltr'>omnis</span> <span class='ocrx_word' id='word_1_120' title='bbox 904 1658 949 1710; x_wconf 90' lang='lat' dir='ltr'>cst</span> <span class='ocrx_word' id='word_1_121' title='bbox 968 1666 1094 1730; x_wconf 82' lang='lat' dir='ltr'>expers,</span> <span class='ocrx_word' id='word_1_122' title='bbox 1126 1665 1220 1729; x_wconf 89' lang='lat' dir='ltr'>neque</span> 
     </span>
     <span class='ocr_line' id='line_1_14' title="bbox 71 1747 1221 1834; baseline -0.003 -22"><span class='ocrx_word' id='word_1_123' title='bbox 71 1768 163 1834; x_wconf 90' lang='lat' dir='ltr'>porro</span> <span class='ocrx_word' id='word_1_124' title='bbox 180 1769 243 1810; x_wconf 89' lang='lat' dir='ltr'>mas</span> <span class='ocrx_word' id='word_1_125' title='bbox 258 1758 304 1810; x_wconf 91' lang='lat' dir='ltr'>est</span> <span class='ocrx_word' id='word_1_126' title='bbox 321 1757 372 1811; x_wconf 91' lang='lat' dir='ltr'>ant</span> <span class='ocrx_word' id='word_1_127' title='bbox 387 1749 511 1828; x_wconf 88' lang='lat' dir='ltr'>lomina,</span> <span class='ocrx_word' id='word_1_128' title='bbox 535 1748 678 1833; x_wconf 87' lang='lat' dir='ltr'>parturire</span> <span class='ocrx_word' id='word_1_129' title='bbox 694 1750 806 1833; x_wconf 89' lang='lat' dir='ltr'>coepit,</span> <span class='ocrx_word' id='word_1_130' title='bbox 831 1749 905 1832; x_wconf 92' lang='lat' dir='ltr'>quod</span> <span class='ocrx_word' id='word_1_131' title='bbox 921 1749 952 1810; x_wconf 93' lang='lat' dir='ltr'>in</span> <span class='ocrx_word' id='word_1_132' title='bbox 969 1769 1001 1811; x_wconf 91' lang='lat' dir='ltr'>se</span> <span class='ocrx_word' id='word_1_133' title='bbox 1017 1757 1081 1811; x_wconf 89' lang='lat' dir='ltr'>erat</span> <span class='ocrx_word' id='word_1_134' title='bbox 1097 1747 1221 1831; x_wconf 86' lang='lat' dir='ltr'>inexpli-</span> 
     </span>
     <span class='ocr_line' id='line_1_15' title="bbox 70 1848 1219 1935; baseline -0.003 -22"><span class='ocrx_word' id='word_1_135' title='bbox 70 1849 166 1915; x_wconf 87' lang='lat' dir='ltr'>cabile</span> <span class='ocrx_word' id='word_1_136' title='bbox 179 1848 276 1935; x_wconf 80' lang='lat' dir='ltr'>gigni,</span> <span class='ocrx_word' id='word_1_137' title='bbox 301 1851 376 1935; x_wconf 90' lang='lat' dir='ltr'>quod</span> <span class='ocrx_word' id='word_1_138' title='bbox 391 1850 617 1935; x_wconf 86' lang='lat' dir='ltr'>inaspectabile,</span> <span class='ocrx_word' id='word_1_139' title='bbox 642 1850 761 1914; x_wconf 79' lang='lat' dir='ltr'>formari</span> <span class='ocrx_word' id='word_1_140' title='bbox 775 1852 912 1934; x_wconf 90' lang='lat' dir='ltr'>cupieos,</span> <span class='ocrx_word' id='word_1_141' title='bbox 937 1872 971 1913; x_wconf 92' lang='lat' dir='ltr'>os</span> <span class='ocrx_word' id='word_1_142' title='bbox 986 1848 1115 1933; x_wconf 89' lang='lat' dir='ltr'>apernit,</span> <span class='ocrx_word' id='word_1_143' title='bbox 1140 1849 1219 1911; x_wconf 89' lang='lat' dir='ltr'>simi·</span> 
     </span>
     <span class='ocr_line' id='line_1_16' title="bbox 70 1949 1219 2036; baseline -0.002 -21"><span class='ocrx_word' id='word_1_144' title='bbox 70 1953 188 2036; x_wconf 85' lang='lat' dir='ltr'>lemque</span> <span class='ocrx_word' id='word_1_145' title='bbox 202 1952 247 2015; x_wconf 90' lang='lat' dir='ltr'>sui</span> <span class='ocrx_word' id='word_1_146' title='bbox 264 1949 438 2016; x_wconf 87' lang='lat' dir='ltr'>Sermonem</span> <span class='ocrx_word' id='word_1_147' title='bbox 454 1952 555 2015; x_wconf 91' lang='lat' dir='ltr'>edidit.</span> <span class='ocrx_word' id='word_1_148' title='bbox 601 1950 660 2035; x_wconf 79' lang='lat' dir='ltr'>Qui</span> <span class='ocrx_word' id='word_1_149' title='bbox 676 1952 790 2036; x_wconf 83' lang='lat' dir='ltr'>quidem</span> <span class='ocrx_word' id='word_1_150' title='bbox 808 1953 927 2015; x_wconf 90' lang='lat' dir='ltr'>adstans</span> <span class='ocrx_word' id='word_1_151' title='bbox 944 1952 970 2014; x_wconf 93' lang='lat' dir='ltr'>ei</span> <span class='ocrx_word' id='word_1_152' title='bbox 988 1951 1122 2034; x_wconf 88' lang='lat' dir='ltr'>quidnam</span> <span class='ocrx_word' id='word_1_153' title='bbox 1138 1961 1219 2013; x_wconf 88' lang='lat' dir='ltr'>osset</span> 
     </span>
     <span class='ocr_line' id='line_1_17' title="bbox 68 2051 1218 2139; baseline -0.004 -20"><span class='ocrx_word' id='word_1_154' title='bbox 68 2055 216 2132; x_wconf 87' lang='lat' dir='ltr'>ostendit,</span> <span class='ocrx_word' id='word_1_155' title='bbox 240 2076 304 2118; x_wconf 88' lang='lat' dir='ltr'>cum</span> <span class='ocrx_word' id='word_1_156' title='bbox 319 2054 534 2139; x_wconf 90' lang='lat' dir='ltr'>inaspectabilis</span> <span class='ocrx_word' id='word_1_157' title='bbox 548 2054 627 2118; x_wconf 90' lang='lat' dir='ltr'>illios</span> <span class='ocrx_word' id='word_1_158' title='bbox 641 2055 721 2117; x_wconf 90' lang='lat' dir='ltr'>velut</span> <span class='ocrx_word' id='word_1_159' title='bbox 734 2055 844 2137; x_wconf 84' lang='lat' dir='ltr'>effigies</span> <span class='ocrx_word' id='word_1_160' title='bbox 859 2064 1022 2139; x_wconf 90' lang='lat' dir='ltr'>appareret.</span> <span class='ocrx_word' id='word_1_161' title='bbox 1066 2051 1218 2115; x_wconf 88' lang='lat' dir='ltr'>Eiusmodi</span> 
     </span>
     <span class='ocr_line' id='line_1_18' title="bbox 68 2153 1217 2243; baseline -0.003 -23"><span class='ocrx_word' id='word_1_162' title='bbox 68 2177 160 2243; x_wconf 91' lang='lat' dir='ltr'>porro</span> <span class='ocrx_word' id='word_1_163' title='bbox 182 2157 307 2219; x_wconf 91' lang='lat' dir='ltr'>nominis</span> <span class='ocrx_word' id='word_1_164' title='bbox 328 2156 376 2219; x_wconf 89' lang='lat' dir='ltr'>illa</span> <span class='ocrx_word' id='word_1_165' title='bbox 399 2156 596 2241; x_wconf 88' lang='lat' dir='ltr'>pronuntiatio</span> <span class='ocrx_word' id='word_1_166' title='bbox 617 2157 727 2221; x_wconf 84' lang='lat' dir='ltr'>extitit.</span> <span class='ocrx_word' id='word_1_167' title='bbox 771 2154 900 2220; x_wconf 89' lang='lat' dir='ltr'>Primum</span> <span class='ocrx_word' id='word_1_168' title='bbox 924 2153 1125 2240; x_wconf 89' lang='lat' dir='ltr'>appellationis</span> <span class='ocrx_word' id='word_1_169' title='bbox 1146 2174 1217 2216; x_wconf 90' lang='lat' dir='ltr'>suac</span> 
     </span>
     <span class='ocr_line' id='line_1_19' title="bbox 66 2253 1215 2341; baseline -0.004 -18"><span class='ocrx_word' id='word_1_170' title='bbox 66 2257 243 2323; x_wconf 83' lang='lat' dir='ltr'>vocabulum</span> <span class='ocrx_word' id='word_1_171' title='bbox 265 2259 398 2322; x_wconf 88' lang='lat' dir='ltr'>elocutus</span> <span class='ocrx_word' id='word_1_172' title='bbox 419 2269 482 2322; x_wconf 87' lang='lat' dir='ltr'>est:</span> <span class='ocrx_word' id='word_1_173' title='bbox 515 2259 682 2323; x_wconf 89' lang='lat' dir='ltr'>bocautem</span> <span class='ocrx_word' id='word_1_174' title='bbox 701 2253 803 2341; x_wconf 72' lang='grc' dir='ltr'><strong><em>Ἀρχὴ,</em></strong></span> <span class='ocrx_word' id='word_1_175' title='bbox 833 2255 1109 2341; x_wconf 86' lang='lat' dir='ltr'>sivePrincipium‚</span> <span class='ocrx_word' id='word_1_176' title='bbox 1141 2267 1215 2335; x_wconf 91' lang='lat' dir='ltr'>erat,</span> 
     </span>
     <span class='ocr_line' id='line_1_20' title="bbox 67 2358 1216 2446; baseline -0.003 -21"><span class='ocrx_word' id='word_1_177' title='bbox 67 2362 153 2426; x_wconf 89' lang='lat' dir='ltr'>euius</span> <span class='ocrx_word' id='word_1_178' title='bbox 175 2361 286 2446; x_wconf 83' lang='lat' dir='ltr'>syllaba</span> <span class='ocrx_word' id='word_1_179' title='bbox 309 2371 433 2445; x_wconf 88' lang='lat' dir='ltr'>quatuor</span> <span class='ocrx_word' id='word_1_180' title='bbox 454 2360 606 2424; x_wconf 90' lang='lat' dir='ltr'>elementis</span> <span class='ocrx_word' id='word_1_181' title='bbox 627 2362 791 2425; x_wconf 90' lang='lat' dir='ltr'>constabat.</span> <span class='ocrx_word' id='word_1_182' title='bbox 835 2358 912 2424; x_wconf 77' lang='lat' dir='ltr'>Mox</span> <span class='ocrx_word' id='word_1_183' title='bbox 933 2361 1054 2423; x_wconf 86' lang='lat' dir='ltr'>alteram</span> <span class='ocrx_word' id='word_1_184' title='bbox 1076 2358 1216 2444; x_wconf 83' lang='lat' dir='ltr'>syllabam</span> 
     </span>
     <span class='ocr_line' id='line_1_21' title="bbox 66 2460 1216 2548; baseline -0.003 -21"><span class='ocrx_word' id='word_1_185' title='bbox 66 2462 192 2542; x_wconf 86' lang='lat' dir='ltr'>adiecit,</span> <span class='ocrx_word' id='word_1_186' title='bbox 216 2484 292 2546; x_wconf 87' lang='lat' dir='ltr'>qnae</span> <span class='ocrx_word' id='word_1_187' title='bbox 306 2475 336 2526; x_wconf 94' lang='lat' dir='ltr'>et</span> <span class='ocrx_word' id='word_1_188' title='bbox 351 2463 413 2547; x_wconf 88' lang='lat' dir='ltr'>ipsa</span> <span class='ocrx_word' id='word_1_189' title='bbox 428 2462 573 2527; x_wconf 90' lang='lat' dir='ltr'>elementa</span> <span class='ocrx_word' id='word_1_190' title='bbox 586 2464 753 2529; x_wconf 89' lang='lat' dir='ltr'>continebat</span> <span class='ocrx_word' id='word_1_191' title='bbox 766 2474 900 2548; x_wconf 88' lang='lat' dir='ltr'>quatuor.</span> <span class='ocrx_word' id='word_1_192' title='bbox 948 2460 1018 2525; x_wconf 89' lang='lat' dir='ltr'>lude</span> <span class='ocrx_word' id='word_1_193' title='bbox 1034 2460 1149 2524; x_wconf 87' lang='lat' dir='ltr'>tertiam</span> <span class='ocrx_word' id='word_1_194' title='bbox 1167 2462 1216 2524; x_wconf 91' lang='lat' dir='ltr'>de·</span> 
     </span>
     <span class='ocr_line' id='line_1_22' title="bbox 65 2563 1215 2650; baseline -0.003 -21"><span class='ocrx_word' id='word_1_195' title='bbox 65 2584 132 2630; x_wconf 85' lang='lat' dir='ltr'>cem</span> <span class='ocrx_word' id='word_1_196' title='bbox 153 2586 193 2629; x_wconf 80' lang='lat' dir='ltr'>ea</span> <span class='ocrx_word' id='word_1_197' title='bbox 214 2565 366 2628; x_wconf 88' lang='lat' dir='ltr'>elementis</span> <span class='ocrx_word' id='word_1_198' title='bbox 386 2565 587 2650; x_wconf 87' lang='lat' dir='ltr'>compositam.</span> <span class='ocrx_word' id='word_1_199' title='bbox 631 2563 708 2630; x_wconf 79' lang='lat' dir='ltr'>Mon</span> <span class='ocrx_word' id='word_1_200' title='bbox 729 2576 859 2650; x_wconf 91' lang='lat' dir='ltr'>quartam</span> <span class='ocrx_word' id='word_1_201' title='bbox 878 2565 1088 2628; x_wconf 80' lang='lat' dir='ltr'>elementorum</span> <span class='ocrx_word' id='word_1_202' title='bbox 1107 2564 1215 2626; x_wconf 92' lang='lat' dir='ltr'>dnode-</span> 
     </span>
     <span class='ocr_line' id='line_1_23' title="bbox 65 2664 1214 2753; baseline -0.003 -21"><span class='ocrx_word' id='word_1_203' title='bbox 65 2668 136 2733; x_wconf 89' lang='lat' dir='ltr'>cim.</span> <span class='ocrx_word' id='word_1_204' title='bbox 183 2664 226 2730; x_wconf 93' lang='lat' dir='ltr'>lta</span> <span class='ocrx_word' id='word_1_205' title='bbox 244 2667 370 2731; x_wconf 91' lang='lat' dir='ltr'>nominis</span> <span class='ocrx_word' id='word_1_206' title='bbox 391 2667 480 2731; x_wconf 82' lang='lat' dir='ltr'>totins</span> <span class='ocrx_word' id='word_1_207' title='bbox 496 2669 650 2753; x_wconf 88' lang='lat' dir='ltr'>appellatio</span> <span class='ocrx_word' id='word_1_208' title='bbox 669 2689 708 2733; x_wconf 85' lang='lat' dir='ltr'>ex</span> <span class='ocrx_word' id='word_1_209' title='bbox 725 2667 845 2731; x_wconf 82' lang='lat' dir='ltr'>tricenis</span> <span class='ocrx_word' id='word_1_210' title='bbox 863 2678 908 2731; x_wconf 89' lang='lat' dir='ltr'>est</span> <span class='ocrx_word' id='word_1_211' title='bbox 925 2666 1094 2745; x_wconf 89' lang='lat' dir='ltr'>elementis,</span> <span class='ocrx_word' id='word_1_212' title='bbox 1125 2667 1214 2751; x_wconf 80' lang='lat' dir='ltr'>syllo-</span> 
     </span>
     <span class='ocr_line' id='line_1_24' title="bbox 64 2768 1215 2854; baseline -0.003 -19"><span class='ocrx_word' id='word_1_213' title='bbox 64 2770 198 2835; x_wconf 78' lang='lat' dir='ltr'>bisseno</span> <span class='ocrx_word' id='word_1_214' title='bbox 213 2779 415 2853; x_wconf 87' lang='lat' dir='ltr'>coagmentata</span> <span class='ocrx_word' id='word_1_215' title='bbox 429 2781 565 2853; x_wconf 90' lang='lat' dir='ltr'>quatuor.</span> <span class='ocrx_word' id='word_1_216' title='bbox 611 2769 654 2835; x_wconf 91' lang='lat' dir='ltr'>lta</span> <span class='ocrx_word' id='word_1_217' title='bbox 667 2783 776 2850; x_wconf 90' lang='lat' dir='ltr'>tamen,</span> <span class='ocrx_word' id='word_1_218' title='bbox 793 2781 824 2833; x_wconf 92' lang='lat' dir='ltr'>ut</span> <span class='ocrx_word' id='word_1_219' title='bbox 837 2780 866 2831; x_wconf 89' lang='lat' dir='ltr'>et</span> <span class='ocrx_word' id='word_1_220' title='bbox 880 2770 1054 2833; x_wconf 88' lang='lat' dir='ltr'>elementum</span> <span class='ocrx_word' id='word_1_221' title='bbox 1068 2768 1215 2854; x_wconf 90' lang='lat' dir='ltr'>quodlibet</span> 
     </span>
     <span class='ocr_line' id='line_1_25' title="bbox 65 2871 1212 2959; baseline -0.001 -23"><span class='ocrx_word' id='word_1_222' title='bbox 65 2872 201 2959; x_wconf 90' lang='lat' dir='ltr'>proprias</span> <span class='ocrx_word' id='word_1_223' title='bbox 216 2871 316 2936; x_wconf 90' lang='lat' dir='ltr'>literas</span> <span class='ocrx_word' id='word_1_224' title='bbox 334 2873 525 2957; x_wconf 89' lang='lat' dir='ltr'>propriosque</span> <span class='ocrx_word' id='word_1_225' title='bbox 540 2873 726 2937; x_wconf 88' lang='lat' dir='ltr'>characteres</span> <span class='ocrx_word' id='word_1_226' title='bbox 741 2884 772 2936; x_wconf 91' lang='lat' dir='ltr'>et</span> <span class='ocrx_word' id='word_1_227' title='bbox 787 2872 1050 2956; x_wconf 89' lang='lat' dir='ltr'>pronuntiationem</span> <span class='ocrx_word' id='word_1_228' title='bbox 1069 2871 1212 2958; x_wconf 91' lang='lat' dir='ltr'>propriam</span> 
     </span>
     <span class='ocr_line' id='line_1_26' title="bbox 65 2973 1215 3061; baseline -0.002 -22"><span class='ocrx_word' id='word_1_229' title='bbox 65 2973 188 3053; x_wconf 82' lang='lat' dir='ltr'>babeat,</span> <span class='ocrx_word' id='word_1_230' title='bbox 220 2973 341 3056; x_wconf 87' lang='lat' dir='ltr'>liguram</span> <span class='ocrx_word' id='word_1_231' title='bbox 358 2973 482 3056; x_wconf 89' lang='lat' dir='ltr'>derrique</span> <span class='ocrx_word' id='word_1_232' title='bbox 501 2975 680 3058; x_wconf 83' lang='lat' dir='ltr'>effigiemque</span> <span class='ocrx_word' id='word_1_233' title='bbox 700 2976 861 3061; x_wconf 92' lang='lat' dir='ltr'>propriam,</span> <span class='ocrx_word' id='word_1_234' title='bbox 893 2994 987 3057; x_wconf 92' lang='lat' dir='ltr'>ucqne</span> <span class='ocrx_word' id='word_1_235' title='bbox 1005 2973 1156 3059; x_wconf 90' lang='lat' dir='ltr'>quicquam</span> <span class='ocrx_word' id='word_1_236' title='bbox 1176 2975 1215 3037; x_wconf 90' lang='lat' dir='ltr'>sit</span> 
     </span>
     <span class='ocr_line' id='line_1_27' title="bbox 64 3075 1213 3162; baseline -0.003 -22"><span class='ocrx_word' id='word_1_237' title='bbox 64 3076 142 3161; x_wconf 85' lang='lat' dir='ltr'>qnod</span> <span class='ocrx_word' id='word_1_238' title='bbox 157 3076 235 3139; x_wconf 91' lang='lat' dir='ltr'>illios</span> <span class='ocrx_word' id='word_1_239' title='bbox 251 3077 389 3152; x_wconf 79' lang='lat' dir='ltr'>formam,</span> <span class='ocrx_word' id='word_1_240' title='bbox 421 3075 503 3139; x_wconf 88' lang='lat' dir='ltr'>coins</span> <span class='ocrx_word' id='word_1_241' title='bbox 522 3078 696 3141; x_wconf 89' lang='lat' dir='ltr'>elementum</span> <span class='ocrx_word' id='word_1_242' title='bbox 716 3088 778 3155; x_wconf 87' lang='lat' dir='ltr'>est,</span> <span class='ocrx_word' id='word_1_243' title='bbox 803 3077 942 3162; x_wconf 84' lang='lat' dir='ltr'>aspiciat,</span> <span class='ocrx_word' id='word_1_244' title='bbox 972 3076 1030 3138; x_wconf 89' lang='lat' dir='ltr'>imo</span> <span class='ocrx_word' id='word_1_245' title='bbox 1048 3097 1084 3141; x_wconf 92' lang='lat' dir='ltr'>ne</span> <span class='ocrx_word' id='word_1_246' title='bbox 1104 3097 1213 3159; x_wconf 90' lang='lat' dir='ltr'>cogno·</span> 
     </span>
     <span class='ocr_line' id='line_1_28' title="bbox 64 3176 1213 3263; baseline -0.002 -21"><span class='ocrx_word' id='word_1_247' title='bbox 64 3188 131 3242; x_wconf 84' lang='lat' dir='ltr'>scat</span> <span class='ocrx_word' id='word_1_248' title='bbox 149 3178 275 3262; x_wconf 90' lang='lat' dir='ltr'>quidem.</span> <span class='ocrx_word' id='word_1_249' title='bbox 318 3176 426 3262; x_wconf 90' lang='lat' dir='ltr'>Neque</span> <span class='ocrx_word' id='word_1_250' title='bbox 445 3199 533 3262; x_wconf 89' lang='lat' dir='ltr'>porro</span> <span class='ocrx_word' id='word_1_251' title='bbox 550 3179 639 3242; x_wconf 88' lang='lat' dir='ltr'>vicini</span> <span class='ocrx_word' id='word_1_252' title='bbox 657 3179 712 3243; x_wconf 90' lang='lat' dir='ltr'>sibi</span> <span class='ocrx_word' id='word_1_253' title='bbox 730 3180 875 3263; x_wconf 88' lang='lat' dir='ltr'>quodlicet</span> <span class='ocrx_word' id='word_1_254' title='bbox 893 3178 1029 3242; x_wconf 89' lang='lat' dir='ltr'>elementi</span> <span class='ocrx_word' id='word_1_255' title='bbox 1045 3179 1213 3262; x_wconf 89' lang='lat' dir='ltr'>pronuntia·</span> 
     </span>
     <span class='ocr_line' id='line_1_29' title="bbox 64 3278 1212 3366; baseline -0.002 -22"><span class='ocrx_word' id='word_1_256' title='bbox 64 3279 174 3345; x_wconf 91' lang='lat' dir='ltr'>tionem</span> <span class='ocrx_word' id='word_1_257' title='bbox 193 3280 292 3359; x_wconf 87' lang='lat' dir='ltr'>novit,</span> <span class='ocrx_word' id='word_1_258' title='bbox 323 3281 376 3343; x_wconf 89' lang='lat' dir='ltr'>sed</span> <span class='ocrx_word' id='word_1_259' title='bbox 395 3280 438 3343; x_wconf 91' lang='lat' dir='ltr'>sio</span> <span class='ocrx_word' id='word_1_260' title='bbox 456 3280 504 3344; x_wconf 88' lang='lat' dir='ltr'>illc</span> <span class='ocrx_word' id='word_1_261' title='bbox 521 3282 703 3366; x_wconf 87' lang='lat' dir='ltr'>pronuntiat,</span> <span class='ocrx_word' id='word_1_262' title='bbox 736 3295 767 3344; x_wconf 87' lang='lat' dir='ltr'>ot</span> <span class='ocrx_word' id='word_1_263' title='bbox 785 3293 875 3345; x_wconf 91' lang='lat' dir='ltr'>totum</span> <span class='ocrx_word' id='word_1_264' title='bbox 892 3282 1046 3366; x_wconf 86' lang='lat' dir='ltr'>prolcrcns</span> <span class='ocrx_word' id='word_1_265' title='bbox 1061 3278 1212 3342; x_wconf 91' lang='lat' dir='ltr'>nominare</span> 
     </span>
     <span class='ocr_line' id='line_1_30' title="bbox 63 3378 1212 3469; baseline -0.004 -22"><span class='ocrx_word' id='word_1_266' title='bbox 63 3382 234 3447; x_wconf 84' lang='lat' dir='ltr'>universnm</span> <span class='ocrx_word' id='word_1_267' title='bbox 251 3382 410 3446; x_wconf 86' lang='lat' dir='ltr'>existimet.</span> <span class='ocrx_word' id='word_1_268' title='bbox 455 3378 577 3468; x_wconf 87' lang='lat' dir='ltr'>Singula</span> <span class='ocrx_word' id='word_1_269' title='bbox 592 3385 708 3469; x_wconf 90' lang='lat' dir='ltr'>qnippe,</span> <span class='ocrx_word' id='word_1_270' title='bbox 731 3405 795 3448; x_wconf 90' lang='lat' dir='ltr'>cum</span> <span class='ocrx_word' id='word_1_271' title='bbox 812 3385 940 3447; x_wconf 85' lang='lat' dir='ltr'>universi</span> <span class='ocrx_word' id='word_1_272' title='bbox 956 3383 1015 3445; x_wconf 89' lang='lat' dir='ltr'>sint</span> <span class='ocrx_word' id='word_1_273' title='bbox 1030 3392 1138 3466; x_wconf 88' lang='lat' dir='ltr'>partes,</span> <span class='ocrx_word' id='word_1_274' title='bbox 1163 3401 1212 3463; x_wconf 92' lang='lat' dir='ltr'>pe·</span> 
     </span>
     <span class='ocr_line' id='line_1_31' title="bbox 63 3484 1210 3572; baseline -0.002 -23"><span class='ocrx_word' id='word_1_275' title='bbox 63 3485 203 3549; x_wconf 89' lang='lat' dir='ltr'>culiarcm</span> <span class='ocrx_word' id='word_1_276' title='bbox 222 3484 278 3547; x_wconf 91' lang='lat' dir='ltr'>sibi</span> <span class='ocrx_word' id='word_1_277' title='bbox 295 3504 398 3548; x_wconf 87' lang='lat' dir='ltr'>sonum</span> <span class='ocrx_word' id='word_1_278' title='bbox 419 3486 498 3550; x_wconf 87' lang='lat' dir='ltr'>velut</span> <span class='ocrx_word' id='word_1_279' title='bbox 516 3495 606 3549; x_wconf 90' lang='lat' dir='ltr'>totum</span> <span class='ocrx_word' id='word_1_280' title='bbox 624 3486 748 3566; x_wconf 81' lang='lat' dir='ltr'>efferre,</span> <span class='ocrx_word' id='word_1_281' title='bbox 782 3507 836 3550; x_wconf 87' lang='lat' dir='ltr'>rrec</span> <span class='ocrx_word' id='word_1_282' title='bbox 852 3487 932 3572; x_wconf 89' lang='lat' dir='ltr'>prius</span> <span class='ocrx_word' id='word_1_283' title='bbox 952 3485 988 3548; x_wconf 90' lang='lat' dir='ltr'>ab</span> <span class='ocrx_word' id='word_1_284' title='bbox 1006 3485 1118 3547; x_wconf 89' lang='lat' dir='ltr'>edendo</span> <span class='ocrx_word' id='word_1_285' title='bbox 1136 3505 1210 3547; x_wconf 91' lang='lat' dir='ltr'>sono</span> 
     </span>
    </p>
   </div>
   <div class='ocr_carea' id='block_1_3' title="bbox 56 3665 1211 4699">
    <p class='ocr_par' dir='ltr' id='par_1_3' title="bbox 56 3665 1211 4699">
     <span class='ocr_line' id='line_1_32' title="bbox 59 3665 1210 3741; baseline -0.003 -17"><span class='ocrx_word' id='word_1_286' title='bbox 59 3677 154 3734; x_wconf 72' lang='lat' dir='ltr'>metra,</span> <span class='ocrx_word' id='word_1_287' title='bbox 181 3675 228 3723; x_wconf 80' lang='lat' dir='ltr'>Vct.</span> <span class='ocrx_word' id='word_1_288' title='bbox 244 3675 377 3735; x_wconf 76' lang='lat' dir='ltr'>luterpnb&#39;s</span> <span class='ocrx_word' id='word_1_289' title='bbox 396 3677 524 3725; x_wconf 71' lang='lat' dir='ltr'>cerdonem</span> <span class='ocrx_word' id='word_1_290' title='bbox 541 3690 621 3741; x_wconf 84' lang='lat' dir='ltr'>neque</span> <span class='ocrx_word' id='word_1_291' title='bbox 689 3675 727 3726; x_wconf 84' lang='lat'>15.</span> <span class='ocrx_word' id='word_1_292' title='bbox 744 3667 759 3728; x_wconf 76' lang='lat' dir='ltr'>i</span> <span class='ocrx_word' id='word_1_293' title='bbox 777 3671 838 3728; x_wconf 78' lang='lat' dir='ltr'>adri</span> <span class='ocrx_word' id='word_1_294' title='bbox 856 3690 904 3737; x_wconf 77' lang='lat' dir='ltr'>eqo.</span> <span class='ocrx_word' id='word_1_295' title='bbox 935 3675 1007 3733; x_wconf 81' lang='lat' dir='ltr'>Vntpo</span> <span class='ocrx_word' id='word_1_296' title='bbox 1021 3665 1210 3731; x_wconf 72' lang='lat' dir='ltr'>eatotdeo’rde.</span> 
     </span>
     <span class='ocr_line' id='line_1_33' title="bbox 59 3739 1211 3808; baseline 0.002 -18"><span class='ocrx_word' id='word_1_297' title='bbox 59 3739 228 3808; x_wconf 82' lang='lat' dir='ltr'>ipsumsnpcr</span> <span class='ocrx_word' id='word_1_298' title='bbox 241 3739 389 3790; x_wconf 83' lang='lat' dir='ltr'>elementum</span> <span class='ocrx_word' id='word_1_299' title='bbox 404 3753 449 3795; x_wconf 83' lang='lat' dir='ltr'>est.</span> <span class='ocrx_word' id='word_1_300' title='bbox 465 3747 556 3794; x_wconf 75' lang='lat' dir='ltr'>uantur</span> <span class='ocrx_word' id='word_1_301' title='bbox 568 3757 621 3804; x_wconf 83' lang='lat' dir='ltr'>spe-</span> <span class='ocrx_word' id='word_1_302' title='bbox 689 3740 728 3793; x_wconf 85' lang='lat'>16.</span> <span class='ocrx_word' id='word_1_303' title='bbox 744 3740 787 3796; x_wconf 81' lang='lat' dir='ltr'>rin</span> <span class='ocrx_word' id='word_1_304' title='bbox 810 3759 859 3806; x_wconf 80' lang='lat' dir='ltr'>epo.</span> <span class='ocrx_word' id='word_1_305' title='bbox 892 3739 920 3794; x_wconf 86' lang='grc' dir='ltr'><strong>τό</strong></span> <span class='ocrx_word' id='word_1_306' title='bbox 944 3743 997 3790; x_wconf 76' lang='lat' dir='ltr'>litari</span> <span class='ocrx_word' id='word_1_307' title='bbox 1015 3754 1099 3790; x_wconf 81' lang='lat' dir='ltr'>omues.</span> <span class='ocrx_word' id='word_1_308' title='bbox 1133 3743 1211 3792; x_wconf 84' lang='lat' dir='ltr'>Possis</span> 
     </span>
     <span class='ocr_line' id='line_1_34' title="bbox 59 3803 1208 3874; baseline -0.003 -13"><span class='ocrx_word' id='word_1_309' title='bbox 59 3811 147 3861; x_wconf 70' lang='lat' dir='ltr'>cutm</span> <span class='ocrx_word' id='word_1_310' title='bbox 155 3823 228 3871; x_wconf 82' lang='lat' dir='ltr'>quoru</span> <span class='ocrx_word' id='word_1_311' title='bbox 237 3811 316 3859; x_wconf 81' lang='lat' dir='ltr'>certus</span> <span class='ocrx_word' id='word_1_312' title='bbox 326 3813 424 3860; x_wconf 69' lang='lat' dir='ltr'>commu</span> <span class='ocrx_word' id='word_1_313' title='bbox 434 3803 448 3863; x_wconf 80' lang='grc' dir='ltr'>ὃ</span> <span class='ocrx_word' id='word_1_314' title='bbox 460 3804 522 3874; x_wconf 75' lang='lat' dir='ltr'>rinip</span> <span class='ocrx_word' id='word_1_315' title='bbox 532 3803 618 3862; x_wconf 77' lang='lat' dir='ltr'>edroi.</span> <span class='ocrx_word' id='word_1_316' title='bbox 653 3814 724 3862; x_wconf 76' lang='lat' dir='ltr'>maon</span> <span class='ocrx_word' id='word_1_317' title='bbox 739 3811 769 3864; x_wconf 83' lang='grc' dir='ltr'>τὸ</span> <span class='ocrx_word' id='word_1_318' title='bbox 787 3812 850 3869; x_wconf 81' lang='grc' dir='ltr'>πᾶν.</span> <span class='ocrx_word' id='word_1_319' title='bbox 872 3811 941 3859; x_wconf 86' lang='lat' dir='ltr'>modo</span> <span class='ocrx_word' id='word_1_320' title='bbox 958 3806 1112 3874; x_wconf 74' lang='grc' dir='ltr'>ἐκφωνῶντα</span> <span class='ocrx_word' id='word_1_321' title='bbox 1126 3811 1208 3871; x_wconf 83' lang='lat' dir='ltr'>pluro-</span> 
     </span>
     <span class='ocr_line' id='line_1_35' title="bbox 59 3870 1210 3944; baseline 0 -17"><span class='ocrx_word' id='word_1_322' title='bbox 59 3883 90 3928; x_wconf 75' lang='grc' dir='ltr'>,ιι</span> <span class='ocrx_word' id='word_1_323' title='bbox 102 3878 143 3927; x_wconf 81' lang='lat' dir='ltr'>ttta</span> <span class='ocrx_word' id='word_1_324' title='bbox 153 3879 235 3941; x_wconf 76' lang='lat' dir='ltr'>tsptsse</span> <span class='ocrx_word' id='word_1_325' title='bbox 246 3879 323 3938; x_wconf 83' lang='lat' dir='ltr'>potius</span> <span class='ocrx_word' id='word_1_326' title='bbox 335 3879 426 3927; x_wconf 81' lang='lat' dir='ltr'>uidetur</span> <span class='ocrx_word' id='word_1_327' title='bbox 438 3870 456 3944; x_wconf 69' lang='grc' dir='ltr'>ἦ</span> <span class='ocrx_word' id='word_1_328' title='bbox 470 3870 533 3944; x_wconf 78' lang='lat' dir='ltr'>b&#39;nep</span> <span class='ocrx_word' id='word_1_329' title='bbox 547 3871 620 3942; x_wconf 80' lang='lat' dir='ltr'>oriri,</span> <span class='ocrx_word' id='word_1_330' title='bbox 652 3882 704 3930; x_wconf 85' lang='lat' dir='ltr'>ttter</span> <span class='ocrx_word' id='word_1_331' title='bbox 715 3895 803 3939; x_wconf 82' lang='lat' dir='ltr'>mmor,</span> <span class='ocrx_word' id='word_1_332' title='bbox 817 3882 850 3928; x_wconf 87' lang='lat' dir='ltr'>nd</span> <span class='ocrx_word' id='word_1_333' title='bbox 864 3875 967 3930; x_wconf 76' lang='grc' dir='ltr'>ἕκαστον</span> <span class='ocrx_word' id='word_1_334' title='bbox 978 3878 1129 3938; x_wconf 75' lang='lat' dir='ltr'>referendum.</span> <span class='ocrx_word' id='word_1_335' title='bbox 1154 3878 1210 3927; x_wconf 81' lang='lat' dir='ltr'>Luci</span> 
     </span>
     <span class='ocr_line' id='line_1_36' title="bbox 58 3944 1208 4011; baseline 0 -16"><span class='ocrx_word' id='word_1_336' title='bbox 58 3946 159 4008; x_wconf 79' lang='lat' dir='ltr'>indeque</span> <span class='ocrx_word' id='word_1_337' title='bbox 180 3947 299 4008; x_wconf 77' lang='lat' dir='ltr'>rcrtprim</span> <span class='ocrx_word' id='word_1_338' title='bbox 323 3952 349 3993; x_wconf 83' lang='lat' dir='ltr'>et</span> <span class='ocrx_word' id='word_1_339' title='bbox 371 3944 433 3994; x_wconf 88' lang='lat' dir='ltr'>nihil</span> <span class='ocrx_word' id='word_1_340' title='bbox 455 3961 540 3996; x_wconf 85' lang='lat' dir='ltr'>eornm</span> <span class='ocrx_word' id='word_1_341' title='bbox 566 3962 619 3996; x_wconf 85' lang='lat' dir='ltr'>esse</span> <span class='ocrx_word' id='word_1_342' title='bbox 651 3951 858 4011; x_wconf 77' lang='lat' dir='ltr'>interpretationem</span> <span class='ocrx_word' id='word_1_343' title='bbox 880 3949 1026 3995; x_wconf 84' lang='lat' dir='ltr'>verissimum</span> <span class='ocrx_word' id='word_1_344' title='bbox 1048 3946 1110 3995; x_wconf 83' lang='lat' dir='ltr'>dedit</span> <span class='ocrx_word' id='word_1_345' title='bbox 1129 3947 1155 3994; x_wconf 78' lang='lat' dir='ltr'>V.</span> <span class='ocrx_word' id='word_1_346' title='bbox 1175 3947 1208 3995; x_wconf 86' lang='lat' dir='ltr'>cl.</span> 
     </span>
     <span class='ocr_line' id='line_1_37' title="bbox 59 4010 1208 4082; baseline 0.001 -19"><span class='ocrx_word' id='word_1_347' title='bbox 59 4012 129 4079; x_wconf 84' lang='lat' dir='ltr'>quod</span> <span class='ocrx_word' id='word_1_348' title='bbox 149 4010 215 4063; x_wconf 83' lang='lat' dir='ltr'>illins</span> <span class='ocrx_word' id='word_1_349' title='bbox 235 4011 321 4062; x_wconf 83' lang='lat' dir='ltr'>vident</span> <span class='ocrx_word' id='word_1_350' title='bbox 337 4011 458 4076; x_wconf 74' lang='lat' dir='ltr'>formam,</span> <span class='ocrx_word' id='word_1_351' title='bbox 484 4030 532 4064; x_wconf 91' lang='lat' dir='ltr'>nec</span> <span class='ocrx_word' id='word_1_352' title='bbox 553 4014 621 4082; x_wconf 90' lang='lat' dir='ltr'>qnod</span> <span class='ocrx_word' id='word_1_353' title='bbox 653 4017 828 4078; x_wconf 74' lang='lat' dir='ltr'>naptt&#39;ecndu·</span> <span class='ocrx_word' id='word_1_354' title='bbox 840 4017 865 4064; x_wconf 84' lang='lat' dir='ltr'>iu</span> <span class='ocrx_word' id='word_1_355' title='bbox 877 4015 1071 4075; x_wconf 69' lang='lat' dir='ltr'>Genetdutwrrrs</span> <span class='ocrx_word' id='word_1_356' title='bbox 1078 4015 1120 4063; x_wconf 87' lang='lat' dir='ltr'>der</span> <span class='ocrx_word' id='word_1_357' title='bbox 1130 4016 1208 4064; x_wconf 85' lang='lat' dir='ltr'>Gnost.</span> 
     </span>
     <span class='ocr_line' id='line_1_38' title="bbox 58 4080 1208 4149; baseline 0.001 -19"><span class='ocrx_word' id='word_1_358' title='bbox 58 4080 141 4149; x_wconf 81' lang='lat' dir='ltr'>ipsum</span> <span class='ocrx_word' id='word_1_359' title='bbox 155 4096 231 4146; x_wconf 87' lang='lat' dir='ltr'>snper</span> <span class='ocrx_word' id='word_1_360' title='bbox 247 4080 395 4131; x_wconf 83' lang='lat' dir='ltr'>elementum</span> <span class='ocrx_word' id='word_1_361' title='bbox 411 4091 457 4131; x_wconf 88' lang='lat' dir='ltr'>cst.</span> <span class='ocrx_word' id='word_1_362' title='bbox 652 4081 857 4145; x_wconf 65' lang='lat' dir='ltr'>sparsurum.</span> <span class='ocrx_word' id='word_1_363' title='bbox 894 4085 940 4132; x_wconf 80' lang='lat' dir='ltr'>Vct.</span> <span class='ocrx_word' id='word_1_364' title='bbox 956 4085 1069 4144; x_wconf 74' lang='lat' dir='ltr'>tutemus</span> <span class='ocrx_word' id='word_1_365' title='bbox 1082 4096 1112 4132; x_wconf 79' lang='lat' dir='ltr'>ec</span> <span class='ocrx_word' id='word_1_366' title='bbox 1129 4096 1208 4131; x_wconf 83' lang='lat' dir='ltr'>comr-</span> 
     </span>
     <span class='ocr_line' id='line_1_39' title="bbox 96 4145 1207 4216; baseline 0 -16"><span class='ocrx_word' id='word_1_367' title='bbox 96 4148 134 4201; x_wconf 83' lang='grc'>13.</span> <span class='ocrx_word' id='word_1_368' title='bbox 151 4145 436 4214; x_wconf 68' lang='lat' dir='ltr'>panormitanarum.</span> <span class='ocrx_word' id='word_1_369' title='bbox 460 4152 534 4213; x_wconf 70' lang='lat' dir='ltr'>Volgo</span> <span class='ocrx_word' id='word_1_370' title='bbox 547 4147 620 4216; x_wconf 69' lang='lat' dir='ltr'>pisct-</span> <span class='ocrx_word' id='word_1_371' title='bbox 650 4156 704 4213; x_wconf 79' lang='lat' dir='ltr'>pto,</span> <span class='ocrx_word' id='word_1_372' title='bbox 719 4157 790 4214; x_wconf 80' lang='lat' dir='ltr'>puto,</span> <span class='ocrx_word' id='word_1_373' title='bbox 805 4153 955 4213; x_wconf 79' lang='lat' dir='ltr'>reemptorio,</span> <span class='ocrx_word' id='word_1_374' title='bbox 970 4155 1062 4212; x_wconf 83' lang='lat' dir='ltr'>praeter</span> <span class='ocrx_word' id='word_1_375' title='bbox 1073 4164 1143 4200; x_wconf 70' lang='lat' dir='ltr'>omne</span> <span class='ocrx_word' id='word_1_376' title='bbox 1156 4163 1207 4200; x_wconf 83' lang='lat' dir='ltr'>sen·</span> 
     </span>
     <span class='ocr_line' id='line_1_40' title="bbox 60 4221 1207 4281; baseline 0.001 -11"><span class='ocrx_word' id='word_1_377' title='bbox 60 4233 125 4270; x_wconf 77' lang='grc' dir='ltr'>σιιιι.</span> <span class='ocrx_word' id='word_1_378' title='bbox 651 4221 1207 4281; x_wconf 80' lang='lat' dir='ltr'>tenttoctntetteprnttomomuem‚conuertttstc:</span> 
     </span>
     <span class='ocr_line' id='line_1_41' title="bbox 98 4279 1207 4353; baseline 0 -18"><span class='ocrx_word' id='word_1_379' title='bbox 98 4280 134 4335; x_wconf 70' lang='lat' dir='ltr'>li.</span> <span class='ocrx_word' id='word_1_380' title='bbox 150 4281 223 4336; x_wconf 75' lang='grc' dir='ltr'>πάλιν</span> <span class='ocrx_word' id='word_1_381' title='bbox 244 4279 330 4350; x_wconf 74' lang='grc' dir='ltr'>ἀρκεῖν</span> <span class='ocrx_word' id='word_1_382' title='bbox 350 4299 403 4334; x_wconf 81' lang='lat' dir='ltr'>meo</span> <span class='ocrx_word' id='word_1_383' title='bbox 425 4291 458 4336; x_wconf 83' lang='lat' dir='ltr'>eal</span> <span class='ocrx_word' id='word_1_384' title='bbox 480 4287 618 4335; x_wconf 82' lang='lat' dir='ltr'>emendatio.</span> <span class='ocrx_word' id='word_1_385' title='bbox 652 4286 702 4335; x_wconf 84' lang='lat' dir='ltr'>Sed</span> <span class='ocrx_word' id='word_1_386' title='bbox 720 4304 767 4337; x_wconf 90' lang='lat' dir='ltr'>nec</span> <span class='ocrx_word' id='word_1_387' title='bbox 782 4303 931 4353; x_wconf 86' lang='lat' dir='ltr'>cognoscere</span> <span class='ocrx_word' id='word_1_388' title='bbox 948 4303 1018 4347; x_wconf 86' lang='lat' dir='ltr'>eum,</span> <span class='ocrx_word' id='word_1_389' title='bbox 1041 4285 1086 4335; x_wconf 89' lang='lat' dir='ltr'>sed</span> <span class='ocrx_word' id='word_1_390' title='bbox 1102 4302 1133 4335; x_wconf 90' lang='lat' dir='ltr'>ne</span> <span class='ocrx_word' id='word_1_391' title='bbox 1150 4286 1207 4353; x_wconf 91' lang='lat' dir='ltr'>qui-</span> 
     </span>
     <span class='ocr_line' id='line_1_42' title="bbox 56 4353 1206 4422; baseline 0 -18"><span class='ocrx_word' id='word_1_392' title='bbox 56 4354 124 4404; x_wconf 78' lang='lat' dir='ltr'>Lrbrl</span> <span class='ocrx_word' id='word_1_393' title='bbox 148 4367 226 4402; x_wconf 75' lang='lat' dir='ltr'>omma</span> <span class='ocrx_word' id='word_1_394' title='bbox 245 4355 329 4403; x_wconf 79' lang='lat' dir='ltr'>notem</span> <span class='ocrx_word' id='word_1_395' title='bbox 348 4355 481 4416; x_wconf 78' lang='grc' dir='ltr'>πολιορκεῖ.</span> <span class='ocrx_word' id='word_1_396' title='bbox 513 4355 617 4403; x_wconf 77' lang='lat' dir='ltr'>Pseudo·</span> <span class='ocrx_word' id='word_1_397' title='bbox 651 4353 708 4403; x_wconf 89' lang='lat' dir='ltr'>dem</span> <span class='ocrx_word' id='word_1_398' title='bbox 723 4355 828 4421; x_wconf 83' lang='lat' dir='ltr'>proximi</span> <span class='ocrx_word' id='word_1_399' title='bbox 852 4354 903 4406; x_wconf 89' lang='lat' dir='ltr'>eius</span> <span class='ocrx_word' id='word_1_400' title='bbox 920 4353 1108 4422; x_wconf 87' lang='lat' dir='ltr'>unumquodque</span> <span class='ocrx_word' id='word_1_401' title='bbox 1125 4370 1206 4404; x_wconf 79' lang='lat' dir='ltr'>entin-</span> 
     </span>
     <span class='ocr_line' id='line_1_43' title="bbox 60 4415 1204 4490; baseline -0.003 -15"><span class='ocrx_word' id='word_1_402' title='bbox 60 4424 172 4483; x_wconf 71' lang='lat' dir='ltr'>omnmo</span> <span class='ocrx_word' id='word_1_403' title='bbox 184 4423 201 4471; x_wconf 90' lang='lat' dir='ltr'>l.</span> <span class='ocrx_word' id='word_1_404' title='bbox 215 4423 230 4470; x_wconf 77' lang='lat' dir='ltr'>l</span> <span class='ocrx_word' id='word_1_405' title='bbox 247 4415 308 4475; x_wconf 63' lang='grc' dir='ltr'>οὐδὲ</span> <span class='ocrx_word' id='word_1_406' title='bbox 322 4417 373 4487; x_wconf 66' lang='grc' dir='ltr'>μὴν</span> <span class='ocrx_word' id='word_1_407' title='bbox 388 4418 435 4487; x_wconf 71' lang='grc' dir='ltr'>τήν</span> <span class='ocrx_word' id='word_1_408' title='bbox 449 4422 492 4473; x_wconf 76' lang='grc' dir='ltr'>τοῦ</span> <span class='ocrx_word' id='word_1_409' title='bbox 509 4419 615 4486; x_wconf 75' lang='grc' dir='ltr'>πλησίον</span> <span class='ocrx_word' id='word_1_410' title='bbox 650 4421 779 4474; x_wconf 82' lang='lat' dir='ltr'>tiutionem</span> <span class='ocrx_word' id='word_1_411' title='bbox 792 4423 863 4484; x_wconf 87' lang='lat' dir='ltr'>seire,</span> <span class='ocrx_word' id='word_1_412' title='bbox 881 4422 925 4474; x_wconf 90' lang='lat' dir='ltr'>sed</span> <span class='ocrx_word' id='word_1_413' title='bbox 939 4424 1005 4490; x_wconf 90' lang='lat' dir='ltr'>quod</span> <span class='ocrx_word' id='word_1_414' title='bbox 1019 4422 1071 4489; x_wconf 87' lang='lat' dir='ltr'>ipse</span> <span class='ocrx_word' id='word_1_415' title='bbox 1085 4421 1204 4484; x_wconf 75' lang='lat' dir='ltr'>enuntiat,</span> 
     </span>
     <span class='ocr_line' id='line_1_44' title="bbox 58 4482 1205 4560; baseline 0.002 -20"><span class='ocrx_word' id='word_1_416' title='bbox 58 4482 136 4541; x_wconf 79' lang='lat' dir='ltr'>edroi</span> <span class='ocrx_word' id='word_1_417' title='bbox 147 4485 252 4542; x_wconf 68' lang='lat' dir='ltr'>&amp;aoros</span> <span class='ocrx_word' id='word_1_418' title='bbox 265 4485 408 4556; x_wconf 68' lang='grc' dir='ltr'>ἐκφῶνησιν</span> <span class='ocrx_word' id='word_1_419' title='bbox 419 4487 557 4555; x_wconf 76' lang='grc' dir='ltr'>γινώσκειν,</span> <span class='ocrx_word' id='word_1_420' title='bbox 571 4483 615 4542; x_wconf 85' lang='lat' dir='ltr'>o&#39;l-</span> <span class='ocrx_word' id='word_1_421' title='bbox 647 4489 681 4540; x_wconf 83' lang='lat' dir='ltr'>itn</span> <span class='ocrx_word' id='word_1_422' title='bbox 701 4509 774 4542; x_wconf 87' lang='lat' dir='ltr'>omne</span> <span class='ocrx_word' id='word_1_423' title='bbox 791 4492 859 4559; x_wconf 87' lang='lat' dir='ltr'>quod</span> <span class='ocrx_word' id='word_1_424' title='bbox 876 4492 987 4544; x_wconf 76' lang='lat' dir='ltr'>ennuntiat</span> <span class='ocrx_word' id='word_1_425' title='bbox 1003 4491 1065 4544; x_wconf 88' lang='lat' dir='ltr'>illud</span> <span class='ocrx_word' id='word_1_426' title='bbox 1082 4491 1149 4560; x_wconf 91' lang='lat' dir='ltr'>quod</span> <span class='ocrx_word' id='word_1_427' title='bbox 1166 4502 1205 4543; x_wconf 88' lang='lat' dir='ltr'>est</span> 
     </span>
     <span class='ocr_line' id='line_1_45' title="bbox 57 4552 863 4641; baseline 0.002 -32"><span class='ocrx_word' id='word_1_428' title='bbox 57 4552 90 4609; x_wconf 79' lang='lat' dir='ltr'>td</span> <span class='ocrx_word' id='word_1_429' title='bbox 104 4552 172 4622; x_wconf 65' lang='lat' dir='ltr'>{subl</span> <span class='ocrx_word' id='word_1_430' title='bbox 185 4553 307 4641; x_wconf 61' lang='lat' dir='ltr'>(symesin</span> <span class='ocrx_word' id='word_1_431' title='bbox 321 4552 357 4617; x_wconf 71' lang='lat' dir='ltr'>oi&lt;</span> <span class='ocrx_word' id='word_1_432' title='bbox 370 4555 398 4610; x_wconf 80' lang='grc' dir='ltr'>τό</span> <span class='ocrx_word' id='word_1_433' title='bbox 414 4558 461 4610; x_wconf 79' lang='grc' dir='ltr'>πᾶν</span> <span class='ocrx_word' id='word_1_434' title='bbox 474 4555 614 4624; x_wconf 73' lang='lat' dir='ltr'>deposcito·</span> <span class='ocrx_word' id='word_1_435' title='bbox 646 4569 727 4612; x_wconf 86' lang='lat' dir='ltr'>totum</span> <span class='ocrx_word' id='word_1_436' title='bbox 744 4561 863 4613; x_wconf 88' lang='lat' dir='ltr'>nominet.</span> 
     </span>
     <span class='ocr_line' id='line_1_46' title="bbox 56 4616 613 4699; baseline 0.002 -21"><span class='ocrx_word' id='word_1_437' title='bbox 56 4640 97 4688; x_wconf 78' lang='lat' dir='ltr'>ro,</span> <span class='ocrx_word' id='word_1_438' title='bbox 111 4616 152 4678; x_wconf 75' lang='grc' dir='ltr'>ὅτι</span> <span class='ocrx_word' id='word_1_439' title='bbox 161 4620 192 4678; x_wconf 78' lang='grc' dir='ltr'>τό</span> <span class='ocrx_word' id='word_1_440' title='bbox 204 4624 326 4699; x_wconf 62' lang='grc' dir='ltr'>ηγιῖσθαι</span> <span class='ocrx_word' id='word_1_441' title='bbox 335 4619 465 4692; x_wconf 78' lang='grc' dir='ltr'>ὀνομάζειν</span> <span class='ocrx_word' id='word_1_442' title='bbox 476 4621 552 4680; x_wconf 71' lang='grc' dir='ltr'>αὐτὸν</span> <span class='ocrx_word' id='word_1_443' title='bbox 562 4631 613 4679; x_wconf 81' lang='lat' dir='ltr'>cett.</span> 
     </span>
    </p>
   </div>
   <div class='ocr_carea' id='block_1_4' title="bbox 0 0 1528 5084">
    <p class='ocr_par' dir='ltr' id='par_1_4' title="bbox 0 0 1528 5084">
     <span class='ocr_line' id='line_1_47' title="bbox 0 0 1528 5084; baseline 0 8"><span class='ocrx_word' id='word_1_444' title='bbox 0 0 1528 5084; x_wconf 95' lang='lat' dir='ltr'> </span> 
     </span>
    </p>
   </div>
  </div>
 </body>
</html>
