3046 5084
388 331 523 384 renuunt
541 334 605 387 ιιι.
619 336 639 387 ι.
654 335 736 389 ron.
751 336 782 387 ιι.
799 336 898 387 nssn.
914 333 1015 386 xxxi.
1217 325 1279 388 359

125 473 200 538 gens
220 472 261 517 ex
282 470 351 517 sese
372 451 438 517 idias
460 451 602 517 eiusmodi
624 472 692 517 esse
709 463 802 539 potet.
847 452 1045 538 Quamobrem
1063 457 1220 542 prophetas
1238 477 1277 521 ex
1343 511 1346 516 .

125 555 180 636 iis,
204 555 252 619 rel
269 554 456 632 sacerdotes,
479 552 529 617 vei
544 572 633 636 reges
648 553 792 632 instituit,
816 575 850 617 ac
866 556 1001 640 piceaque
1015 578 1032 619 a
1048 557 1196 642 prophetis
1208 578 1276 643 pro·

125 656 259 722 nunciata
278 657 314 720 de
329 656 388 719 isto
403 654 516 719 semiue
531 656 775 740 interpretantur,
799 657 881 740 quusi
896 656 1011 720 iliorum
1025 657 1139 721 enimse
1154 669 1277 725 naturae

125 742 273 824 cuiusdim
291 756 469 821 sublimioris
487 756 653 821 extiterint.
686 754 854 840 Quinetiam
869 758 904 821 de
920 758 1097 823 coelestibus
1112 760 1201 823 nutu
1217 761 1276 825 dis·

124 872 244 948 putasse
261 857 408 938 Matrem,
440 858 534 941 deque
550 858 657 923 unionis
675 880 748 944 qrros
766 860 813 922 rei
836 859 885 923 iile
908 859 956 923 vel
978 861 1024 945 qui
1041 860 1077 924 ab
1093 861 1143 925 iiio
1160 861 1275 925 oriundi

124 974 194 1028 sunt
217 961 429 1047 produxerunt.
482 956 567 1025 Unde
589 971 621 1024 ct
642 961 847 1046 prophetarum
871 961 1009 1026 vaticinia
1033 964 1074 1027 ita
1099 963 1273 1048 pertinetur,

125 1065 266 1150 quaedam
284 1073 316 1127 ut
331 1062 419 1126 cuum
434 1058 543 1127 Metuis
559 1083 627 1127 esse
644 1062 753 1142 velint,
777 1063 832 1126 aiis
850 1063 886 1127 ab
903 1064 1032 1144 semine,
1056 1065 1144 1129 aliua
1164 1060 1275 1130 Condi·

124 1178 190 1230 tore
207 1166 348 1251 proiecta.
385 1160 484 1250 ipsum
500 1164 587 1229 etiam
602 1160 699 1229 iesuru
714 1165 817 1250 purtim
832 1188 850 1228 a
865 1162 1021 1231 salvatore
1036 1166 1152 1247 tradite,
1171 1167 1273 1252 partim

125 1266 277 1345 aMetre,
303 1265 405 1353 purtim
424 1266 585 1351 deniquae
603 1262 764 1333 Couditnre
782 1268 910 1347 dixisse,
934 1269 962 1331 id
982 1269 1056 1353 quod
1077 1270 1107 1333 in
1124 1270 1273 1353 sequenti·

124 1372 179 1435 bus
196 1369 393 1434 ostendemus.
438 1364 628 1434 Conditorem
645 1389 717 1434 vero
731 1390 832 1433 eorum
850 1390 925 1454 quse
940 1390 1028 1456 supro
1043 1391 1076 1435 se
1091 1381 1177 1435 eraut
1190 1371 1273 1456 igna-

125 1495 206 1552 rum,
230 1472 267 1536 iis
283 1489 355 1535 sanc
372 1490 445 1554 quae
461 1471 752 1535 commemoravimus
771 1471 862 1536 inisse
878 1486 1071 1553 commotum,
1102 1474 1154 1537 sed
1169 1475 1271 1538 eudem

124 1573 334 1659 contempsisse
349 1571 554 1652 niiiiominns,
586 1584 617 1637 et
635 1573 709 1639 adias
727 1573 813 1638 alium
831 1594 898 1637 esse
917 1595 1050 1639 caussam
1069 1576 1268 1655 existimasse,

122 1678 187 1742 sive
202 1674 370 1763 prophetico
385 1673 483 1739 afflutu
495 1674 657 1759 praeditum
671 1676 816 1761 spiritum,
833 1676 908 1761 quod
925 1677 1042 1763 proprio
1056 1679 1177 1763 quodam
1191 1689 1272 1743 motu

122 1780 227 1857 cietur,
242 1779 307 1841 sive
322 1776 480 1856 hominurn,
494 1777 560 1841 sire
573 1776 750 1841 deteriorum
767 1778 1012 1863 complexionem.
1041 1776 1076 1845 ln
1091 1801 1183 1866 euque
1196 1792 1269 1845 turn·

122 1882 170 1945 diu
187 1880 371 1965 ignoratione
386 1888 536 1943 versatum
553 1878 647 1962 quoad
662 1876 807 1943 Dominus
822 1881 984 1945 advenerit.
1031 1878 1125 1947 Simul
1140 1882 1218 1948 enim
1234 1904 1269 1947 ao

120 1980 259 2050 Scis-ator
274 1982 416 2061 accessit,
440 1982 476 2045 ab
494 2001 530 2044 eo
549 1990 653 2043 cuneta
670 1980 806 2044 didicisse
824 1991 941 2065 putant,
964 1984 1045 2046 etad
1062 1985 1270 2049 cumiibenter

121 2107 186 2150 curn
201 2084 336 2149 ominibus
354 2085 415 2148 suis
434 2083 526 2169 copiis
543 2082 713 2161 trunsiisse‚
738 2103 861 2168 euntque
877 2083 956 2147 illum
974 2104 1041 2149 esse
1058 2082 1268 2150 Centurioucru

121 2188 215 2274 quiin
232 2186 386 2271 evaugelio
404 2185 444 2250 itu
460 2182 645 2252 Sulcatorem
663 2185 835 2270 adloquitur:
865 2189 938 2249 Num
955 2198 985 2248 ct
999 2209 1052 2267 ego
1069 2191 1098 2249 r'n
1114 2209 1174 2249 rnen
1187 2200 1268 2269 potc-
1280 2201 1417 2257 tracuus

119 2303 193 2353 stete
212 2292 302 2353 Audeo
322 2294 442 2364 milites,
465 2300 496 2351 ct
513 2310 625 2362 seruos,
654 2300 683 2351 et
702 2292 892 2370 qaodcunque
912 2294 1083 2370 sinperuucro
1100 2293 1263 2372 perficiunt.
1278 2272 1334 2317 ¹¹¹¹*
1347 2269 1400 2324 ’ἰ

121 2394 243 2457 Addunt
257 2393 355 2457 muudi
371 2392 450 2456 ilium
468 2389 666 2477 procuretioui
681 2393 717 2455 ud
733 2391 868 2455 idoneum
886 2412 977 2476 usque
994 2400 1106 2477 tempus
1121 2393 1268 2479 preciutu·

120 2516 202 2575 rum,
238 2494 409 2580 pracsertim
436 2493 473 2557 od
496 2491 650 2558 Ecclesiae
674 2493 973 2573 administrationem,
1006 2494 1127 2579 eiusque
1149 2495 1268 2580 praemii

120 2598 330 2682 coguitionem,
354 2597 430 2681 quod
446 2596 538 2660 eidem
556 2606 602 2661 est
615 2596 823 2676 constitutum,
848 2595 983 2662 nimirum
1002 2607 1033 2662 ut
1048 2598 1083 2661 ad
1100 2594 1207 2663 Matris
1220 2618 1269 2662 se·

120 2701 185 2765 dem
209 2700 361 2765 evehatur.

205 2904 363 2971 Hominum
383 2925 470 2991 porro
489 2904 546 2969 triu
562 2924 673 2990 genere
689 2914 874 2984 statuuntur,
899 2901 1058 2990 Spiriteie,
1085 2905 1264 2985 Terrenum,
1303 2922 1361 2987 cap.

122 3008 276 3088 Auimaie,
301 3028 375 3092 quae
392 3007 422 3071 iu
437 3003 550 3088 Ceiuo,
573 3006 669 3071 Abeie
686 3029 721 3071 ec
736 3006 829 3071 Setino
846 3018 1016 3073 cernuntur.
1060 3009 1087 3072 A
1105 3009 1209 3094 quibus
1223 3019 1267 3073 tu·
1290 2988 1376 3040 W·

121 3112 209 3177 tidem
226 3123 348 3175 naturus
364 3130 421 3173 nou
440 3110 498 3173 isrn
516 3111 546 3174 in
564 3109 704 3195 singuiis,
734 3110 785 3173 sed
804 3130 857 3194 per
872 3130 980 3194 genero
996 3122 1174 3197 propagatae
1188 3122 1266 3175 sunt.

119 3213 171 3279 Ex
187 3214 225 3279 iis
241 3212 408 3277 Terrenum
425 3212 613 3298 corruptione
629 3210 768 3291 dissolvi,
791 3212 929 3276 Animaie
944 3232 1034 3292 vero,
1058 3214 1083 3276 si
1100 3234 1133 3275 se
1150 3212 1270 3299 potiori·

120 3316 175 3381 bus
189 3315 344 3394 dediderit,
368 3314 507 3378 mediocri
522 3315 552 3378 in
567 3314 689 3398 regione
704 3316 925 3399 conquiescere,
945 3315 990 3378 siu
1006 3315 1152 3380 deteriora
1167 3315 1268 3400 eliget,

120 3420 155 3483 ad
180 3419 286 3483 similia
308 3418 474 3481 transferri.
521 3413 670 3503 Spiritoiia
694 3417 838 3502 deniqne,
873 3438 948 3503 quae
970 3418 1084 3502 quidem
1106 3417 1270 3481 Achamoth

120 3520 306 3600 conseverit,
339 3541 380 3584 ex
401 3519 451 3584 ilio
473 3530 604 3606 tempore
625 3521 655 3583 iu
677 3520 847 3584 hodiernum
870 3540 961 3605 usque
981 3520 1091 3605 piarum
1111 3519 1269 3583 animorum

120 3622 289 3709 disciptinae
312 3623 466 3687 commissu
493 3634 524 3687 et
545 3624 687 3700 educata,
720 3624 795 3707 quod
822 3623 915 3686 udiruc
939 3622 1062 3686 iniuntia
1084 3621 1173 3685 missa
1198 3621 1269 3701 siut,

120 3736 222 3815 postes
239 3725 287 3789 ubi
304 3726 512 3812 perfectionem
531 3726 632 3810 adepta
650 3725 776 3807 inerint,
801 3723 964 3791 Salvatoris
980 3723 1105 3810 Angelis
1121 3725 1270 3790 matrimo-

120 3830 169 3895 nio
189 3829 345 3908 eciiocsri,
376 3850 441 3893 cunr
461 3828 576 3893 interim
597 3831 712 3893 animae
732 3829 813 3916 ipsae
834 3850 899 3892 curn
921 3824 1081 3892 Conditnre
1101 3828 1269 3895 necessario

119 4090 160 4152 uni
179 4088 260 4139 initi:
285 4086 335 4137 ism
359 4100 410 4137 non
432 4083 566 4136 seeundum
587 4100 677 4136 nuum·
745 4086 769 4138 5.
787 4083 912 4152 τραφέντα
928 4086 980 4136 cod.
995 4087 1049 4136 Vra.

120 4170 251 4223 quemque.
287 4158 360 4218 Vutpo
376 4147 436 4207 καθ’
450 4149 478 4207 ἲν
495 4157 565 4204 mut.
744 4150 770 4205 6.
787 4151 960 4235 ἐκπέμπξσθαι
976 4156 1027 4239 cod:
1045 4156 1099 4237 desp.
1203 4226 1208 4237 ι

152 4220 230 4345 Ainis
240 4226 681 4355 maismacensem
712 4219 1269 4365 cn⁷ii0iiiziffiiiiciiciiAfflZAA

119 4362 188 4413 ectu
200 4356 356 4426 πνευματικὰ
369 4356 571 4439 {remouerique
579 4372 679 4437 'murem
712 4372 742 4409 ce
755 4361 891 4409 cuduntutc
906 4361 958 4411 cod.
974 4362 1058 4411 Veneti.

118 4424 602 4559 rur...
615 4442 680 4547 ιι
713 4424 950 4547 nuru
963 4426 989 4483 ι
1004 4425 1198 4497 ιιι

119 4556 137 4629 t
153 4557 184 4619 dr
199 4563 366 4634 meten.
