3046 5084
387 359 521 410 redemi
537 360 600 413 ΗΒ.
613 362 633 417 i.
648 362 731 415 TOM.
745 362 779 415 tt.
796 364 895 415 trente
910 364 1008 417 XXXI.
1211 357 1272 420 375

125 489 236 565 partem
253 478 411 560 indexam,
434 501 521 565 qnam
535 480 567 545 in
583 480 726 567 baptismo
739 484 903 568 acceperit,
925 485 999 571 apud
1015 506 1047 549 se
1062 487 1199 566 retineat,
1222 489 1272 553 de·

125 592 256 668 prompta
278 583 372 647 sacris
390 604 407 645 c
424 582 518 647 diteris
538 583 678 647 voeabuiu
696 571 733 648 ac
749 585 891 648 dictiones
909 596 939 649 et
954 586 1104 671 parabolas
1119 603 1271 672 agnoscat,

124 685 368 749 contumeliosum
383 685 439 749 hoo
454 706 528 749 uero
542 685 571 749 in
587 687 672 749 deum
687 696 887 771 argumentum
904 688 1048 772 repudiet,
1071 700 1158 774 atquc
1170 691 1199 755 in
1214 702 1273 756 tes-

123 786 237 851 serulae
254 787 483 865 animadvertet,
508 808 654 873 nunquam
670 799 702 851 ut
717 788 897 873 vulpeculam
912 811 964 874 pro
981 790 1164 875 imperatoris
1179 793 1273 878 effigie

122 888 238 976 obtrudi
253 889 308 953 siiri
322 889 464 974 patiatur,
489 911 591 954 verum
609 891 832 975 ununrqnodque
847 912 948 954 eorum
965 913 1039 976 quae
1053 893 1210 957 dictasunt
1224 916 1273 958 or·

76 976 83 993 ⁹
122 990 181 1055 dini
202 1012 258 1054 suo
276 991 419 1073 reddens,
453 1013 488 1056 ae
507 992 639 1057 veritatis
658 993 739 1056 reiut
753 993 869 1078 corpori
887 996 1126 1074 accommodans,
1156 995 1270 1060 iliorum

120 1114 214 1177 augus
236 1093 355 1179 detegat
376 1107 462 1179 atque
483 1099 586 1158 inanes
607 1116 676 1159 esso
693 1096 889 1159 demonsiret.

204 1192 360 1261 Postremo
377 1197 516 1281 quinium
534 1198 616 1261 vetut
629 1198 659 1261 in
676 1216 766 1261 soona
783 1209 901 1282 peracto
920 1199 1033 1263 iabuiae
1048 1200 1155 1264 exodio
1172 1202 1267 1266 dimit·
1309 1209 1368 1275 cip.

119 1297 198 1361 tendi
219 1308 330 1384 tempus
347 1311 408 1379 est,
440 1298 603 1364 consultum
622 1300 686 1363 iore
701 1299 854 1378 duximus,
886 1301 911 1362 si
930 1302 965 1364 ad
982 1302 1095 1366 iliorum
1114 1305 1266 1369 contoum-
1283 1278 1395 1332 mn·

119 1399 186 1464 dum
208 1420 339 1464 errorem
359 1401 465 1484 aliquid
484 1400 707 1466 subiiceremus.
753 1399 813 1466 Sed
837 1404 916 1488 prius
937 1415 1033 1468 tamen
1057 1405 1266 1470 ostendendum

118 1503 186 1566 ittot
205 1512 267 1581 est,
290 1502 394 1587 quidus
414 1502 443 1566 in
461 1504 550 1568 rebus
568 1504 683 1569 fabulae
701 1504 779 1568 iiiios
798 1517 933 1570 auctores
952 1528 967 1569 a
987 1507 1163 1571 seinvicem
1181 1509 1267 1573 dissi·

117 1605 221 1685 deant,
250 1625 324 1690 quos
341 1605 449 1672 diuersi
466 1607 549 1670 vetut
564 1607 697 1670 totsiuris
712 1607 832 1693 spiritus
849 1609 1012 1672 contrarias
1028 1609 1057 1673 io
1074 1621 1172 1694 partes
1188 1610 1266 1675 abri-

116 1706 209 1792 piunt.
254 1705 320 1771 Hoc
341 1709 418 1772 enim
441 1729 481 1772 ex
499 1709 593 1793 cupite
616 1709 662 1772 vei
685 1709 759 1774 citra
779 1711 977 1795 probationem
998 1711 1083 1775 utiam
1102 1712 1265 1777 certissime

114 1808 271 1890 constabit,
295 1830 360 1874 cunr
375 1811 497 1875 solidam
513 1832 549 1874 ae
562 1811 695 1874 stabilem
709 1831 776 1875 esse
793 1813 945 1876 veritatem
962 1813 1051 1892 ittam,
1073 1835 1157 1897 quom
1171 1815 1265 1879 eccie-

114 1913 157 1977 sia
172 1912 338 1998 praedicat,
363 1925 423 1977 tum
438 1913 631 1977 adulterinam
647 1934 683 1976 ac
697 1914 864 1977 mendacem
880 1915 993 1978 iliorum
1009 1935 1077 1978 esso
1092 1916 1263 1982 doctrinam.

114 2012 264 2100 Siquidem
280 2014 407 2079 eeclesia
423 2025 486 2079 toto
502 2015 570 2078 iicet
586 2015 657 2079 orbe
673 2015 709 2078 ad
723 2026 873 2080 extremos
890 2037 982 2102 usque
998 2028 1141 2080 terrorum
1157 2017 1263 2082 limites

114 2117 262 2203 dispersa,
295 2138 360 2181 cum
384 2117 420 2181 ob
443 2118 583 2203 apostolis
609 2138 768 2202 eorumque
791 2118 939 2202 discinctis
961 2119 1046 2183 fidem
1067 2120 1212 2204 acceperit
1233 2120 1262 2183 in

113 2242 201 2285 uuam
224 2221 309 2285 deum
328 2210 444 2305 ¹patrem
461 2221 706 2305 omnipotentem,
738 2220 786 2304 qui
806 2221 917 2283 coetum
938 2230 1101 2305 terramque
1123 2222 1262 2285 aemerio

111 2345 176 2388 onm
196 2322 344 2389 uniuersis
366 2343 440 2407 quae
462 2321 492 2386 io
513 2323 572 2386 iliis
589 2322 797 2408 comprehensa
817 2334 884 2386 sunt
900 2323 1043 2402 condidit,
1076 2333 1105 2386 et
1126 2323 1155 2385 in
1174 2344 1261 2387 uuum

113 2422 209 2491 iosnrn
228 2426 316 2489 filium
334 2426 400 2505 dei,
423 2426 472 2510 qui
491 2445 544 2511 pro
562 2435 663 2489 nostra
678 2425 772 2489 sainte
789 2446 906 2488 carnem
919 2425 1027 2504 induit,
1051 2435 1137 2508 utque
1154 2425 1184 2487 in
1203 2425 1261 2510 spi-

111 2528 198 2593 ritum
221 2538 372 2606 sanctum,
407 2527 455 2612 qni
478 2548 592 2592 omnem
615 2527 692 2591 iiiam
715 2528 801 2592 noice
821 2527 917 2592 diiecti
937 2524 1045 2592 Christi
1063 2523 1129 2590 lesu
1152 2527 1259 2591 domini

111 2631 205 2696 nostri
224 2630 505 2695 administrationem
528 2641 559 2693 et
577 2632 732 2695 adrentum
752 2642 904 2715 ortumque
926 2631 961 2692 de
984 2627 1097 2713 virgine
1120 2650 1172 2713 per
1194 2651 1260 2715 pro·

111 2734 215 2821 phetas
232 2733 463 2819 praenuntiavit,
497 2754 553 2798 nec
574 2755 632 2797 noo
656 2744 686 2796 et
704 2733 919 2818 perpessionem
944 2752 978 2796 oc
998 2731 1256 2810 resurrectionem,

110 2846 142 2902 et
165 2837 194 2900 iu
216 2836 329 2900 coetum
349 2837 553 2900 escensionem
577 2856 643 2900 cum
665 2856 804 2920 corpore,
837 2836 1020 2918 futurumque
1042 2834 1109 2897 otim
1132 2834 1257 2899 indidem

110 2951 231 3026 paterna
249 2961 314 3002 oum
329 2939 482 3002 maiestate
497 2940 681 3016 descensum,
701 2948 732 3001 ut
744 2937 773 2999 in
790 2958 928 3000 summum
942 2937 1023 3000 velut
1037 2939 1174 3001 universa
1188 2959 1257 3002 con-

110 3042 223 3122 tradat,
256 3052 286 3105 et
308 3041 435 3105 omnium
458 3042 604 3106 hominnm
629 3060 751 3126 oorporu
776 3048 895 3102 revocet
916 3040 951 3102 ed
976 3039 1082 3117 vitam,
1113 3051 1200 3123 atquo
1225 3051 1329 3112 uttepu.
1343 3055 1363 3111 r,
1377 3057 1408 3102 m

110 3141 232 3210 Christo
251 3142 318 3208 iesu
335 3143 452 3207 domino
472 3153 573 3208 nostro
592 3164 626 3207 ac
643 3144 698 3206 deo
715 3151 746 3205 et
763 3141 899 3204 salvatori
917 3141 1037 3225 regique
1060 3142 1095 3205 de
1112 3143 1189 3207 iilius
1208 3144 1256 3228 qui

110 3247 204 3311 videri
222 3268 281 3311 non
302 3255 414 3331 potest,
447 3246 597 3310 voluntate
612 3243 718 3330 patris,
749 3248 833 3305 Omne
845 3248 1069 3328 genuflectatur
1083 3249 1252 3320 coelestum,
1268 3258 1327 3304 rtur.
1340 3261 1361 3316 r,
1376 3263 1407 3307 m

109 3355 286 3414 tmertrr'am
307 3360 336 3411 et
353 3351 544 3433 rirjeroorum,
573 3351 704 3411 edomari
721 3352 810 3428 aprum
828 3350 926 3426 diegus
943 3350 1126 3428 confitentur,
1158 3347 1255 3431 ntique

49 3491 54 3502 ·
108 3462 221 3519 rectum
237 3452 268 3516 in
284 3473 386 3517 omnes
403 3451 539 3517 indicium
554 3459 714 3526 exerceat,
737 3469 772 3512 ao
788 3449 928 3534 spiritalia
945 3449 1109 3533 nequitiae,
1129 3449 1195 3513 -hoc
1210 3461 1256 3514 est

107 3556 277 3622 desertores
293 3555 415 3641 angelos
434 3576 470 3618 oo
487 3551 628 3631 rebeiies,
657 3561 688 3614 et
704 3550 808 3637 impios
825 3572 926 3616 omnes
943 3573 978 3614 ac
993 3551 1153 3616 sceleratos
1168 3563 1197 3616 et
1212 3554 1255 3618 ia-

108 3658 281 3739 cinorosos‚
315 3680 350 3722 oc
369 3655 595 3721 contumeliosos
616 3654 646 3718 in
668 3655 753 3718 deum
773 3655 905 3717 homines
926 3653 1111 3739 sempiternis
1132 3654 1253 3723 dammis

107 3761 237 3840 addicat,
261 3761 346 3825 iustis
363 3780 435 3823 vero
450 3758 636 3843 sanctisque,
659 3758 707 3842 qui
722 3758 857 3821 mandata
875 3778 928 3820 sua
944 3755 1099 3840 diligenter
1115 3758 1253 3825 obseres·

107 3863 205 3929 verint
222 3874 252 3926 et
267 3864 296 3926 in
312 3864 375 3926 eius
391 3861 514 3925 caritate
529 3862 593 3926 sive
608 3861 666 3924 iam
681 3860 748 3924 inda
765 3860 800 3923 ab
817 3860 916 3937 initio,
940 3860 1003 3924 sive
1020 3870 1086 3946 post
1102 3861 1253 3948 poeniteu-

108 3966 177 4031 tiam
193 3963 458 4051 perseveraverint,
475 3964 563 4028 sitam
575 3963 878 4045 immortalitatemque
892 3963 1044 4046 targiatur,
1057 3975 1143 4050 atqoe
1158 3978 1253 4030 oeter-

107 4090 175 4135 nam
195 4067 253 4133 iliis
273 4064 395 4151 gloriam
418 4065 575 4152 impertiat.

107 4225 209 4289 rutente
224 4224 342 4285 scripturo
358 4226 391 4271 ert
407 4217 561 4303 derisisse..
590 4178 595 4185 ι
699 4222 746 4273 Vst
761 4224 891 4302 toterppets.
927 4221 1000 4286 Vutpo
1016 4216 1064 4278 ede
1079 4217 1199 4305 madoco.

140 4291 355 4429 ditm
375 4289 569 4409 ddt'ttu
591 4357 663 4407 aas.
730 4287 1072 4411 dissidetis&
1087 4292 1159 4342 'tt

108 4430 183 4491 rutro
195 4420 231 4481 dri
296 4442 317 4487 ς.
732 4426 771 4477 10.
790 4422 820 4480 di
836 4424 880 4479 καὶ
896 4423 925 4480 dx
941 4427 992 4477 eod.
1007 4429 1078 4480 vute.

140 4493 167 4549 7.
181 4492 228 4563 mie
285 4509 339 4550 urar
354 4496 443 4569 rqrtttui
459 4507 489 4545 ca
505 4494 556 4545 sod.
572 4493 665 4544 Vana
692 4526 695 4535 ·
