<?xml version="1.0" encoding="UTF-8"?>
<!DOCTYPE html PUBLIC "-//W3C//DTD XHTML 1.0 Transitional//EN"
    "http://www.w3.org/TR/xhtml1/DTD/xhtml1-transitional.dtd">
<html xmlns="http://www.w3.org/1999/xhtml" xml:lang="en" lang="en">
 <head>
  <title>
</title>
<meta http-equiv="Content-Type" content="text/html;charset=utf-8" />
  <meta name='ocr-system' content='tesseract 3.04.00' />
  <meta name='ocr-capabilities' content='ocr_page ocr_carea ocr_par ocr_line ocrx_word'/>
</head>
<body>
  <div class='ocr_page' id='page_1' title='image "./corporishaerese01unkngoog_0687.png"; bbox 0 0 3046 5084; ppageno 0'>
   <div class='ocr_carea' id='block_1_1' title="bbox 362 359 1245 425">
    <p class='ocr_par' dir='ltr' id='par_1_1' title="bbox 362 359 1245 425">
     <span class='ocr_line' id='line_1_1' title="bbox 362 359 1245 425; baseline 0.002 -4"><span class='ocrx_word' id='word_1_1' title='bbox 362 368 768 424; x_wconf 61' lang='lat' dir='ltr'>rananuurauuoutru.</span> <span class='ocrx_word' id='word_1_2' title='bbox 785 368 981 423; x_wconf 60' lang='lat' dir='ltr'>aaauucu.</span> <span class='ocrx_word' id='word_1_3' title='bbox 1184 359 1245 425; x_wconf 76' lang='grc'>683</span> 
     </span>
    </p>
   </div>
   <div class='ocr_carea' id='block_1_2' title="bbox 95 489 1250 3858">
    <p class='ocr_par' dir='ltr' id='par_1_2' title="bbox 95 489 1248 1294">
     <span class='ocr_line' id='line_1_2' title="bbox 97 489 1245 576; baseline -0.002 -20"><span class='ocrx_word' id='word_1_4' title='bbox 97 501 168 556; x_wconf 87' lang='lat' dir='ltr'>nent</span> <span class='ocrx_word' id='word_1_5' title='bbox 184 490 311 575; x_wconf 75' lang='lat' dir='ltr'>legendo</span> <span class='ocrx_word' id='word_1_6' title='bbox 326 489 493 570; x_wconf 81' lang='lat' dir='ltr'>discemus,</span> <span class='ocrx_word' id='word_1_7' title='bbox 516 501 640 576; x_wconf 82' lang='lat' dir='ltr'>tuasque</span> <span class='ocrx_word' id='word_1_8' title='bbox 656 508 707 555; x_wconf 88' lang='lat' dir='ltr'>res</span> <span class='ocrx_word' id='word_1_9' title='bbox 721 490 911 574; x_wconf 82' lang='lat' dir='ltr'>intelligendo</span> <span class='ocrx_word' id='word_1_10' title='bbox 928 491 985 555; x_wconf 84' lang='lat' dir='ltr'>teia</span> <span class='ocrx_word' id='word_1_11' title='bbox 1001 490 1050 555; x_wconf 85' lang='lat' dir='ltr'>illa</span> <span class='ocrx_word' id='word_1_12' title='bbox 1066 502 1181 556; x_wconf 84' lang='lat' dir='ltr'>temere</span> <span class='ocrx_word' id='word_1_13' title='bbox 1194 491 1245 554; x_wconf 85' lang='lat' dir='ltr'>abs</span> 
     </span>
     <span class='ocr_line' id='line_1_3' title="bbox 97 592 1248 679; baseline 0 -23"><span class='ocrx_word' id='word_1_14' title='bbox 97 605 127 657; x_wconf 89' lang='lat' dir='ltr'>te</span> <span class='ocrx_word' id='word_1_15' title='bbox 153 593 321 677; x_wconf 80' lang='lat' dir='ltr'>excogitata</span> <span class='ocrx_word' id='word_1_16' title='bbox 346 592 486 678; x_wconf 85' lang='lat' dir='ltr'>principia</span> <span class='ocrx_word' id='word_1_17' title='bbox 514 593 656 679; x_wconf 88' lang='lat' dir='ltr'>principio</span> <span class='ocrx_word' id='word_1_18' title='bbox 677 593 806 656; x_wconf 80' lang='lat' dir='ltr'>mrentia</span> <span class='ocrx_word' id='word_1_19' title='bbox 830 603 859 655; x_wconf 96' lang='lat' dir='ltr'>et</span> <span class='ocrx_word' id='word_1_20' title='bbox 881 611 899 655; x_wconf 84' lang='lat' dir='ltr'>a</span> <span class='ocrx_word' id='word_1_21' title='bbox 921 613 953 657; x_wconf 86' lang='lat' dir='ltr'>se</span> <span class='ocrx_word' id='word_1_22' title='bbox 978 593 1103 657; x_wconf 82' lang='lat' dir='ltr'>invicem</span> <span class='ocrx_word' id='word_1_23' title='bbox 1131 594 1248 657; x_wconf 86' lang='lat' dir='ltr'>diversa</span> 
     </span>
     <span class='ocr_line' id='line_1_4' title="bbox 97 693 1247 780; baseline 0 -22"><span class='ocrx_word' id='word_1_24' title='bbox 97 697 279 759; x_wconf 72' lang='lat' dir='ltr'><strong>damnemus.</strong></span> <span class='ocrx_word' id='word_1_25' title='bbox 325 693 431 779; x_wconf 81' lang='lat' dir='ltr'>Longe</span> <span class='ocrx_word' id='word_1_26' title='bbox 448 695 525 759; x_wconf 86' lang='lat' dir='ltr'>euim</span> <span class='ocrx_word' id='word_1_27' title='bbox 544 695 602 760; x_wconf 88' lang='lat' dir='ltr'>elia</span> <span class='ocrx_word' id='word_1_28' title='bbox 619 705 666 760; x_wconf 86' lang='lat' dir='ltr'>est</span> <span class='ocrx_word' id='word_1_29' title='bbox 683 694 805 780; x_wconf 85' lang='lat' dir='ltr'>apostoli</span> <span class='ocrx_word' id='word_1_30' title='bbox 824 695 954 758; x_wconf 84' lang='lat' dir='ltr'>doctrina</span> <span class='ocrx_word' id='word_1_31' title='bbox 971 716 1005 758; x_wconf 91' lang='lat' dir='ltr'>ao</span> <span class='ocrx_word' id='word_1_32' title='bbox 1022 697 1125 779; x_wconf 76' lang='lat' dir='ltr'>dogma</span> <span class='ocrx_word' id='word_1_33' title='bbox 1142 695 1247 758; x_wconf 87' lang='lat' dir='ltr'>firmis·</span> 
     </span>
     <span class='ocr_line' id='line_1_5' title="bbox 95 794 1246 882; baseline -0.002 -20"><span class='ocrx_word' id='word_1_34' title='bbox 95 797 219 878; x_wconf 78' lang='lat' dir='ltr'>simum,</span> <span class='ocrx_word' id='word_1_35' title='bbox 243 798 318 882; x_wconf 93' lang='lat' dir='ltr'>quod</span> <span class='ocrx_word' id='word_1_36' title='bbox 337 817 353 860; x_wconf 87' lang='lat' dir='ltr'>u</span> <span class='ocrx_word' id='word_1_37' title='bbox 375 797 461 880; x_wconf 82' lang='lat' dir='ltr'>nugis</span> <span class='ocrx_word' id='word_1_38' title='bbox 482 797 540 861; x_wconf 88' lang='lat' dir='ltr'>tuis</span> <span class='ocrx_word' id='word_1_39' title='bbox 563 818 597 861; x_wconf 87' lang='lat' dir='ltr'>uc</span> <span class='ocrx_word' id='word_1_40' title='bbox 623 796 729 861; x_wconf 86' lang='lat' dir='ltr'>lebulis</span> <span class='ocrx_word' id='word_1_41' title='bbox 752 816 929 882; x_wconf 82' lang='lat' dir='ltr'>magnopere</span> <span class='ocrx_word' id='word_1_42' title='bbox 952 797 1083 861; x_wconf 84' lang='lat' dir='ltr'>dissidet.</span> <span class='ocrx_word' id='word_1_43' title='bbox 1128 794 1246 861; x_wconf 87' lang='lat' dir='ltr'>Etenim</span> 
     </span>
     <span class='ocr_line' id='line_1_6' title="bbox 97 900 1243 986; baseline -0.001 -23"><span class='ocrx_word' id='word_1_44' title='bbox 97 901 251 986; x_wconf 85' lang='lat' dir='ltr'>perspicue</span> <span class='ocrx_word' id='word_1_45' title='bbox 275 921 359 961; x_wconf 82' lang='lat' dir='ltr'>unum</span> <span class='ocrx_word' id='word_1_46' title='bbox 381 904 520 961; x_wconf 76' lang='lat' dir='ltr'>dominum</span> <span class='ocrx_word' id='word_1_47' title='bbox 540 900 640 963; x_wconf 85' lang='lat' dir='ltr'>debuit</span> <span class='ocrx_word' id='word_1_48' title='bbox 657 918 742 980; x_wconf 89' lang='lat' dir='ltr'>esse,</span> <span class='ocrx_word' id='word_1_49' title='bbox 766 921 849 962; x_wconf 81' lang='lat' dir='ltr'>uuum</span> <span class='ocrx_word' id='word_1_50' title='bbox 863 904 969 982; x_wconf 79' lang='lat' dir='ltr'>fidem,</span> <span class='ocrx_word' id='word_1_51' title='bbox 995 922 1079 963; x_wconf 80' lang='lat' dir='ltr'>coam</span> <span class='ocrx_word' id='word_1_52' title='bbox 1098 902 1243 982; x_wconf 75' lang='lat' dir='ltr'>bcpu&#39;amm</span> 
     </span>
     <span class='ocr_line' id='line_1_7' title="bbox 96 1005 1248 1084; baseline -0.001 -19"><span class='ocrx_word' id='word_1_53' title='bbox 96 1025 181 1065; x_wconf 79' lang='lat' dir='ltr'>cnam</span> <span class='ocrx_word' id='word_1_54' title='bbox 199 1007 279 1065; x_wconf 82' lang='lat' dir='ltr'>deum</span> <span class='ocrx_word' id='word_1_55' title='bbox 297 1006 467 1084; x_wconf 82' lang='lat' dir='ltr'>eundemque</span> <span class='ocrx_word' id='word_1_56' title='bbox 477 1013 589 1084; x_wconf 82' lang='lat' dir='ltr'>putrem</span> <span class='ocrx_word' id='word_1_57' title='bbox 604 1007 742 1077; x_wconf 70' lang='lat' dir='ltr'>umatum,</span> <span class='ocrx_word' id='word_1_58' title='bbox 768 1007 820 1083; x_wconf 82' lang='lat' dir='ltr'>qui</span> <span class='ocrx_word' id='word_1_59' title='bbox 830 1024 916 1084; x_wconf 82' lang='lat' dir='ltr'>super</span> <span class='ocrx_word' id='word_1_60' title='bbox 929 1009 1021 1064; x_wconf 72' lang='lat' dir='ltr'>omnib</span> <span class='ocrx_word' id='word_1_61' title='bbox 1036 1014 1066 1064; x_wconf 86' lang='lat' dir='ltr'>et</span> <span class='ocrx_word' id='word_1_62' title='bbox 1079 1008 1108 1065; x_wconf 80' lang='lat' dir='ltr'>in</span> <span class='ocrx_word' id='word_1_63' title='bbox 1122 1005 1248 1066; x_wconf 80' lang='lat' dir='ltr'>omnebus</span> 
     </span>
     <span class='ocr_line' id='line_1_8' title="bbox 96 1103 1247 1190; baseline 0.001 -23"><span class='ocrx_word' id='word_1_64' title='bbox 96 1117 153 1180; x_wconf 81' lang='lat' dir='ltr'>est,</span> <span class='ocrx_word' id='word_1_65' title='bbox 179 1105 282 1168; x_wconf 90' lang='lat' dir='ltr'>tamin</span> <span class='ocrx_word' id='word_1_66' title='bbox 302 1104 368 1188; x_wconf 83' lang='lat' dir='ltr'>lege</span> <span class='ocrx_word' id='word_1_67' title='bbox 385 1124 470 1189; x_wconf 90' lang='lat' dir='ltr'>quam</span> <span class='ocrx_word' id='word_1_68' title='bbox 485 1103 515 1167; x_wconf 93' lang='lat' dir='ltr'>in</span> <span class='ocrx_word' id='word_1_69' title='bbox 532 1104 680 1190; x_wconf 86' lang='lat' dir='ltr'>propbetie</span> <span class='ocrx_word' id='word_1_70' title='bbox 698 1115 728 1167; x_wconf 88' lang='lat' dir='ltr'>et</span> <span class='ocrx_word' id='word_1_71' title='bbox 744 1104 773 1167; x_wconf 90' lang='lat' dir='ltr'>in</span> <span class='ocrx_word' id='word_1_72' title='bbox 791 1104 930 1190; x_wconf 89' lang='lat' dir='ltr'>apostolis</span> <span class='ocrx_word' id='word_1_73' title='bbox 946 1105 1091 1186; x_wconf 87' lang='lat' dir='ltr'>omnibus,</span> <span class='ocrx_word' id='word_1_74' title='bbox 1116 1125 1150 1169; x_wconf 87' lang='lat' dir='ltr'>ao</span> <span class='ocrx_word' id='word_1_75' title='bbox 1167 1104 1247 1169; x_wconf 87' lang='lat' dir='ltr'>deiu-</span> 
     </span>
     <span class='ocr_line' id='line_1_9' title="bbox 98 1208 309 1294; baseline -0.005 -23"><span class='ocrx_word' id='word_1_76' title='bbox 98 1227 168 1294; x_wconf 86' lang='lat' dir='ltr'>ceps</span> <span class='ocrx_word' id='word_1_77' title='bbox 190 1208 309 1272; x_wconf 88' lang='lat' dir='ltr'>ceteris.</span> 
     </span>
    </p>

    <p class='ocr_par' dir='ltr' id='par_1_3' title="bbox 97 1308 1250 3858">
     <span class='ocr_line' id='line_1_10' title="bbox 179 1308 1247 1396; baseline -0.001 -22"><span class='ocrx_word' id='word_1_78' title='bbox 179 1309 259 1374; x_wconf 84' lang='lat' dir='ltr'>llaec</span> <span class='ocrx_word' id='word_1_79' title='bbox 277 1310 366 1394; x_wconf 82' lang='lat' dir='ltr'>igitur</span> <span class='ocrx_word' id='word_1_80' title='bbox 384 1329 401 1372; x_wconf 90' lang='lat' dir='ltr'>e</span> <span class='ocrx_word' id='word_1_81' title='bbox 418 1328 569 1372; x_wconf 84' lang='lat' dir='ltr'>sacrarum</span> <span class='ocrx_word' id='word_1_82' title='bbox 591 1309 740 1373; x_wconf 86' lang='lat' dir='ltr'>literarum</span> <span class='ocrx_word' id='word_1_83' title='bbox 757 1309 905 1394; x_wconf 84' lang='lat' dir='ltr'>reliquiis,</span> <span class='ocrx_word' id='word_1_84' title='bbox 931 1330 1004 1394; x_wconf 88' lang='lat' dir='ltr'>quae</span> <span class='ocrx_word' id='word_1_85' title='bbox 1028 1312 1102 1396; x_wconf 91' lang='lat' dir='ltr'>apud</span> <span class='ocrx_word' id='word_1_86' title='bbox 1117 1308 1247 1375; x_wconf 87' lang='lat' dir='ltr'>Marcio·</span> 
     </span>
     <span class='ocr_line' id='line_1_11' title="bbox 97 1411 1247 1497; baseline 0 -22"><span class='ocrx_word' id='word_1_87' title='bbox 97 1432 163 1475; x_wconf 89' lang='lat' dir='ltr'>nem</span> <span class='ocrx_word' id='word_1_88' title='bbox 182 1412 276 1475; x_wconf 88' lang='lat' dir='ltr'>adbuc</span> <span class='ocrx_word' id='word_1_89' title='bbox 294 1413 496 1497; x_wconf 87' lang='lat' dir='ltr'>reperiuntur,</span> <span class='ocrx_word' id='word_1_90' title='bbox 521 1432 536 1473; x_wconf 91' lang='lat' dir='ltr'>u</span> <span class='ocrx_word' id='word_1_91' title='bbox 556 1411 640 1476; x_wconf 88' lang='lat' dir='ltr'>uobis</span> <span class='ocrx_word' id='word_1_92' title='bbox 657 1411 779 1476; x_wconf 87' lang='lat' dir='ltr'>collecta</span> <span class='ocrx_word' id='word_1_93' title='bbox 796 1413 820 1475; x_wconf 91' lang='lat' dir='ltr'>si</span> <span class='ocrx_word' id='word_1_94' title='bbox 841 1413 905 1496; x_wconf 90' lang='lat' dir='ltr'>quis</span> <span class='ocrx_word' id='word_1_95' title='bbox 925 1414 1107 1494; x_wconf 77' lang='lat' dir='ltr'>consideret,</span> <span class='ocrx_word' id='word_1_96' title='bbox 1132 1413 1247 1477; x_wconf 76' lang='lat' dir='ltr'>diuinae</span> 
     </span>
     <span class='ocr_line' id='line_1_12' title="bbox 97 1512 1248 1600; baseline 0.002 -22"><span class='ocrx_word' id='word_1_97' title='bbox 97 1514 299 1600; x_wconf 88' lang='lat' dir='ltr'>providentiae</span> <span class='ocrx_word' id='word_1_98' title='bbox 321 1513 566 1598; x_wconf 80' lang='lat' dir='ltr'>magnificentiam</span> <span class='ocrx_word' id='word_1_99' title='bbox 591 1514 789 1600; x_wconf 78' lang='lat' dir='ltr'>obstupescet.</span> <span class='ocrx_word' id='word_1_100' title='bbox 836 1512 911 1579; x_wconf 82' lang='lat' dir='ltr'>Cum</span> <span class='ocrx_word' id='word_1_101' title='bbox 932 1517 1009 1578; x_wconf 90' lang='lat' dir='ltr'>enim</span> <span class='ocrx_word' id='word_1_102' title='bbox 1033 1516 1179 1600; x_wconf 88' lang='lat' dir='ltr'>quaelibet</span> <span class='ocrx_word' id='word_1_103' title='bbox 1199 1536 1248 1581; x_wconf 88' lang='lat' dir='ltr'>res</span> 
     </span>
     <span class='ocr_line' id='line_1_13' title="bbox 97 1615 1248 1704; baseline 0.003 -25"><span class='ocrx_word' id='word_1_104' title='bbox 97 1617 190 1681; x_wconf 89' lang='lat' dir='ltr'>tribus</span> <span class='ocrx_word' id='word_1_105' title='bbox 209 1615 385 1680; x_wconf 88' lang='lat' dir='ltr'>testimoniis</span> <span class='ocrx_word' id='word_1_106' title='bbox 406 1615 559 1702; x_wconf 88' lang='lat' dir='ltr'>approbari</span> <span class='ocrx_word' id='word_1_107' title='bbox 576 1628 605 1679; x_wconf 93' lang='lat' dir='ltr'>et</span> <span class='ocrx_word' id='word_1_108' title='bbox 623 1616 723 1682; x_wconf 87' lang='lat' dir='ltr'>baberi</span> <span class='ocrx_word' id='word_1_109' title='bbox 740 1637 793 1702; x_wconf 85' lang='lat' dir='ltr'>pro</span> <span class='ocrx_word' id='word_1_110' title='bbox 810 1629 959 1703; x_wconf 89' lang='lat' dir='ltr'>comperta</span> <span class='ocrx_word' id='word_1_111' title='bbox 973 1620 1083 1698; x_wconf 78' lang='lat' dir='ltr'>soleat,</span> <span class='ocrx_word' id='word_1_112' title='bbox 1108 1619 1248 1704; x_wconf 79' lang='lat' dir='ltr'><strong>singulari</strong></span> 
     </span>
     <span class='ocr_line' id='line_1_14' title="bbox 98 1719 1249 1799; baseline 0.002 -17"><span class='ocrx_word' id='word_1_113' title='bbox 98 1731 144 1782; x_wconf 87' lang='lat' dir='ltr'>est</span> <span class='ocrx_word' id='word_1_114' title='bbox 161 1719 208 1783; x_wconf 90' lang='lat' dir='ltr'>dei</span> <span class='ocrx_word' id='word_1_115' title='bbox 225 1719 368 1782; x_wconf 83' lang='lat' dir='ltr'>beneflcio</span> <span class='ocrx_word' id='word_1_116' title='bbox 383 1729 413 1782; x_wconf 96' lang='lat' dir='ltr'>et</span> <span class='ocrx_word' id='word_1_117' title='bbox 430 1719 700 1799; x_wconf 76' lang='lat' dir='ltr'>administratione,</span> <span class='ocrx_word' id='word_1_118' title='bbox 723 1720 764 1782; x_wconf 93' lang='lat' dir='ltr'>uti</span> <span class='ocrx_word' id='word_1_119' title='bbox 782 1719 925 1798; x_wconf 81' lang='lat' dir='ltr'>diximus,</span> <span class='ocrx_word' id='word_1_120' title='bbox 952 1723 1076 1798; x_wconf 89' lang='lat' dir='ltr'>lactum,</span> <span class='ocrx_word' id='word_1_121' title='bbox 1100 1732 1132 1783; x_wconf 96' lang='lat' dir='ltr'>ut</span> <span class='ocrx_word' id='word_1_122' title='bbox 1149 1721 1203 1785; x_wconf 90' lang='lat' dir='ltr'>boc</span> <span class='ocrx_word' id='word_1_123' title='bbox 1219 1721 1249 1784; x_wconf 89' lang='lat' dir='ltr'>in</span> 
     </span>
     <span class='ocr_line' id='line_1_15' title="bbox 99 1821 1249 1911; baseline 0.003 -27"><span class='ocrx_word' id='word_1_124' title='bbox 99 1822 219 1905; x_wconf 85' lang='lat' dir='ltr'>negotio</span> <span class='ocrx_word' id='word_1_125' title='bbox 241 1832 309 1884; x_wconf 89' lang='lat' dir='ltr'>octo</span> <span class='ocrx_word' id='word_1_126' title='bbox 332 1821 416 1884; x_wconf 90' lang='lat' dir='ltr'>uobis</span> <span class='ocrx_word' id='word_1_127' title='bbox 435 1842 468 1884; x_wconf 87' lang='lat' dir='ltr'>ac</span> <span class='ocrx_word' id='word_1_128' title='bbox 485 1821 668 1906; x_wconf 76' lang='lat' dir='ltr'>septuaginta</span> <span class='ocrx_word' id='word_1_129' title='bbox 691 1821 856 1884; x_wconf 89' lang='lat' dir='ltr'>testimonia</span> <span class='ocrx_word' id='word_1_130' title='bbox 881 1842 920 1885; x_wconf 86' lang='lat' dir='ltr'>ex</span> <span class='ocrx_word' id='word_1_131' title='bbox 942 1823 1096 1907; x_wconf 80' lang='lat' dir='ltr'>evaugelio</span> <span class='ocrx_word' id='word_1_132' title='bbox 1114 1835 1249 1911; x_wconf 88' lang='lat' dir='ltr'>suppete-</span> 
     </span>
     <span class='ocr_line' id='line_1_16' title="bbox 98 1921 1249 2010; baseline 0.001 -22"><span class='ocrx_word' id='word_1_133' title='bbox 98 1936 183 2002; x_wconf 90' lang='lat' dir='ltr'>rent,</span> <span class='ocrx_word' id='word_1_134' title='bbox 209 1945 248 1987; x_wconf 81' lang='lat' dir='ltr'>ex</span> <span class='ocrx_word' id='word_1_135' title='bbox 273 1925 406 2009; x_wconf 91' lang='lat' dir='ltr'>apostolo</span> <span class='ocrx_word' id='word_1_136' title='bbox 433 1924 635 2008; x_wconf 84' lang='lat' dir='ltr'>quadraginta.</span> <span class='ocrx_word' id='word_1_137' title='bbox 681 1921 765 2008; x_wconf 83' lang='lat' dir='ltr'>Quae</span> <span class='ocrx_word' id='word_1_138' title='bbox 789 1924 886 1987; x_wconf 89' lang='lat' dir='ltr'>omnia</span> <span class='ocrx_word' id='word_1_139' title='bbox 904 1925 939 1987; x_wconf 87' lang='lat' dir='ltr'>ad</span> <span class='ocrx_word' id='word_1_140' title='bbox 964 1925 1038 1987; x_wconf 87' lang='lat' dir='ltr'>bane</span> <span class='ocrx_word' id='word_1_141' title='bbox 1059 1945 1152 2010; x_wconf 86' lang='lat' dir='ltr'>usque</span> <span class='ocrx_word' id='word_1_142' title='bbox 1174 1926 1249 1989; x_wconf 92' lang='lat' dir='ltr'>diem</span> 
     </span>
     <span class='ocr_line' id='line_1_17' title="bbox 98 2025 1249 2112; baseline 0.003 -23"><span class='ocrx_word' id='word_1_143' title='bbox 98 2027 171 2112; x_wconf 87' lang='lat' dir='ltr'>apud</span> <span class='ocrx_word' id='word_1_144' title='bbox 194 2027 275 2090; x_wconf 90' lang='lat' dir='ltr'>illum</span> <span class='ocrx_word' id='word_1_145' title='bbox 298 2037 432 2104; x_wconf 87' lang='lat' dir='ltr'>servata,</span> <span class='ocrx_word' id='word_1_146' title='bbox 464 2046 518 2088; x_wconf 88' lang='lat' dir='ltr'>uec</span> <span class='ocrx_word' id='word_1_147' title='bbox 545 2026 575 2088; x_wconf 91' lang='lat' dir='ltr'>iu</span> <span class='ocrx_word' id='word_1_148' title='bbox 602 2025 833 2089; x_wconf 85' lang='lat' dir='ltr'>controversiam</span> <span class='ocrx_word' id='word_1_149' title='bbox 859 2026 981 2090; x_wconf 87' lang='lat' dir='ltr'>adducta</span> <span class='ocrx_word' id='word_1_150' title='bbox 1008 2039 1091 2108; x_wconf 81' lang='lat' dir='ltr'>sunt3</span> <span class='ocrx_word' id='word_1_151' title='bbox 1122 2030 1195 2092; x_wconf 91' lang='lat' dir='ltr'>adeo</span> <span class='ocrx_word' id='word_1_152' title='bbox 1218 2041 1249 2092; x_wconf 93' lang='lat' dir='ltr'>ut</span> 
     </span>
     <span class='ocr_line' id='line_1_18' title="bbox 98 2125 1249 2214; baseline 0.003 -22"><span class='ocrx_word' id='word_1_153' title='bbox 98 2141 214 2193; x_wconf 89' lang='lat' dir='ltr'>centum</span> <span class='ocrx_word' id='word_1_154' title='bbox 238 2129 357 2192; x_wconf 88' lang='lat' dir='ltr'>omniuo</span> <span class='ocrx_word' id='word_1_155' title='bbox 382 2141 469 2214; x_wconf 93' lang='lat' dir='ltr'>atque</span> <span class='ocrx_word' id='word_1_156' title='bbox 495 2128 656 2192; x_wconf 76' lang='lat' dir='ltr'>octodecim</span> <span class='ocrx_word' id='word_1_157' title='bbox 682 2139 795 2191; x_wconf 81' lang='lat' dir='ltr'>extent.</span> <span class='ocrx_word' id='word_1_158' title='bbox 842 2125 927 2212; x_wconf 83' lang='lat' dir='ltr'>Quae</span> <span class='ocrx_word' id='word_1_159' title='bbox 950 2129 1064 2213; x_wconf 89' lang='lat' dir='ltr'>quidem</span> <span class='ocrx_word' id='word_1_160' title='bbox 1088 2128 1249 2195; x_wconf 84' lang='lat' dir='ltr'>Marcionis</span> 
     </span>
     <span class='ocr_line' id='line_1_19' title="bbox 98 2230 1249 2320; baseline 0.002 -25"><span class='ocrx_word' id='word_1_161' title='bbox 98 2231 281 2318; x_wconf 80' lang='lat' dir='ltr'>opinionibus</span> <span class='ocrx_word' id='word_1_162' title='bbox 306 2230 527 2310; x_wconf 84' lang='lat' dir='ltr'>contradicunt,</span> <span class='ocrx_word' id='word_1_163' title='bbox 558 2231 601 2294; x_wconf 83' lang='lat' dir='ltr'>aio</span> <span class='ocrx_word' id='word_1_164' title='bbox 627 2241 763 2315; x_wconf 87' lang='lat' dir='ltr'>tunquam</span> <span class='ocrx_word' id='word_1_165' title='bbox 788 2251 828 2294; x_wconf 82' lang='lat' dir='ltr'>ex</span> <span class='ocrx_word' id='word_1_166' title='bbox 854 2251 980 2315; x_wconf 85' lang='lat' dir='ltr'>persona</span> <span class='ocrx_word' id='word_1_167' title='bbox 1007 2232 1114 2296; x_wconf 89' lang='lat' dir='ltr'>domiui</span> <span class='ocrx_word' id='word_1_168' title='bbox 1138 2233 1249 2320; x_wconf 90' lang='lat' dir='ltr'>prolata</span> 
     </span>
     <span class='ocr_line' id='line_1_20' title="bbox 100 2332 1250 2421; baseline 0.001 -23"><span class='ocrx_word' id='word_1_169' title='bbox 100 2334 169 2399; x_wconf 87' lang='lat' dir='ltr'>siut.</span> <span class='ocrx_word' id='word_1_170' title='bbox 217 2332 276 2398; x_wconf 88' lang='lat' dir='ltr'>Sed</span> <span class='ocrx_word' id='word_1_171' title='bbox 297 2345 325 2397; x_wconf 90' lang='lat' dir='ltr'>et</span> <span class='ocrx_word' id='word_1_172' title='bbox 349 2334 426 2398; x_wconf 89' lang='lat' dir='ltr'>aliud</span> <span class='ocrx_word' id='word_1_173' title='bbox 444 2336 564 2418; x_wconf 85' lang='lat' dir='ltr'>insuper</span> <span class='ocrx_word' id='word_1_174' title='bbox 589 2333 716 2397; x_wconf 86' lang='lat' dir='ltr'>additum</span> <span class='ocrx_word' id='word_1_175' title='bbox 739 2343 785 2396; x_wconf 90' lang='lat' dir='ltr'>est</span> <span class='ocrx_word' id='word_1_176' title='bbox 803 2345 920 2418; x_wconf 85' lang='lat' dir='ltr'>praeter</span> <span class='ocrx_word' id='word_1_177' title='bbox 944 2336 1088 2420; x_wconf 82' lang='lat' dir='ltr'>evangelii</span> <span class='ocrx_word' id='word_1_178' title='bbox 1111 2337 1250 2421; x_wconf 89' lang='lat' dir='ltr'>apostoli·</span> 
     </span>
     <span class='ocr_line' id='line_1_21' title="bbox 100 2432 1250 2525; baseline 0.002 -24"><span class='ocrx_word' id='word_1_179' title='bbox 100 2458 157 2522; x_wconf 88' lang='lat' dir='ltr'>que</span> <span class='ocrx_word' id='word_1_180' title='bbox 175 2437 384 2500; x_wconf 75' lang='lat' dir='ltr'>testinnonium.</span> <span class='ocrx_word' id='word_1_181' title='bbox 429 2434 535 2520; x_wconf 86' lang='lat' dir='ltr'>Neque</span> <span class='ocrx_word' id='word_1_182' title='bbox 553 2436 630 2500; x_wconf 89' lang='lat' dir='ltr'>enim</span> <span class='ocrx_word' id='word_1_183' title='bbox 649 2435 755 2499; x_wconf 81' lang='lat' dir='ltr'>infelici</span> <span class='ocrx_word' id='word_1_184' title='bbox 772 2432 918 2498; x_wconf 87' lang='lat' dir='ltr'>Marcioni</span> <span class='ocrx_word' id='word_1_185' title='bbox 941 2438 1034 2501; x_wconf 89' lang='lat' dir='ltr'>visum</span> <span class='ocrx_word' id='word_1_186' title='bbox 1060 2450 1106 2502; x_wconf 90' lang='lat' dir='ltr'>est</span> <span class='ocrx_word' id='word_1_187' title='bbox 1128 2459 1168 2502; x_wconf 83' lang='lat' dir='ltr'>ex</span> <span class='ocrx_word' id='word_1_188' title='bbox 1189 2441 1250 2525; x_wconf 92' lang='lat' dir='ltr'>epi·</span> 
     </span>
     <span class='ocr_line' id='line_1_22' title="bbox 100 2537 1250 2624; baseline 0.002 -21"><span class='ocrx_word' id='word_1_189' title='bbox 100 2540 175 2604; x_wconf 88' lang='lat' dir='ltr'>stola</span> <span class='ocrx_word' id='word_1_190' title='bbox 194 2541 229 2603; x_wconf 89' lang='lat' dir='ltr'>ad</span> <span class='ocrx_word' id='word_1_191' title='bbox 247 2537 392 2624; x_wconf 84' lang='lat' dir='ltr'>Ephesios</span> <span class='ocrx_word' id='word_1_192' title='bbox 409 2538 611 2603; x_wconf 80' lang='lat' dir='ltr'>auctoritatem</span> <span class='ocrx_word' id='word_1_193' title='bbox 632 2538 709 2601; x_wconf 87' lang='lat' dir='ltr'>illam</span> <span class='ocrx_word' id='word_1_194' title='bbox 725 2538 850 2618; x_wconf 86' lang='lat' dir='ltr'>allerre,</span> <span class='ocrx_word' id='word_1_195' title='bbox 875 2541 926 2614; x_wconf 86' lang='lat' dir='ltr'>sed</span> <span class='ocrx_word' id='word_1_196' title='bbox 944 2561 984 2602; x_wconf 85' lang='lat' dir='ltr'>ex</span> <span class='ocrx_word' id='word_1_197' title='bbox 1003 2542 1087 2604; x_wconf 85' lang='lat' dir='ltr'>eund</span> <span class='ocrx_word' id='word_1_198' title='bbox 1105 2539 1250 2605; x_wconf 84' lang='lat' dir='ltr'>Laodice·</span> 
     </span>
     <span class='ocr_line' id='line_1_23' title="bbox 100 2640 1250 2728; baseline 0 -21"><span class='ocrx_word' id='word_1_199' title='bbox 100 2663 172 2721; x_wconf 90' lang='lat' dir='ltr'>uos,</span> <span class='ocrx_word' id='word_1_200' title='bbox 198 2661 270 2727; x_wconf 87' lang='lat' dir='ltr'>quae</span> <span class='ocrx_word' id='word_1_201' title='bbox 288 2663 428 2726; x_wconf 87' lang='lat' dir='ltr'>nusquam</span> <span class='ocrx_word' id='word_1_202' title='bbox 450 2643 524 2726; x_wconf 91' lang='lat' dir='ltr'>apud</span> <span class='ocrx_word' id='word_1_203' title='bbox 544 2642 708 2726; x_wconf 84' lang='lat' dir='ltr'>apostolum</span> <span class='ocrx_word' id='word_1_204' title='bbox 723 2641 865 2704; x_wconf 87' lang='lat' dir='ltr'>cernitur.</span> <span class='ocrx_word' id='word_1_205' title='bbox 911 2640 997 2726; x_wconf 84' lang='lat' dir='ltr'>Quae</span> <span class='ocrx_word' id='word_1_206' title='bbox 1014 2665 1078 2707; x_wconf 86' lang='lat' dir='ltr'>cum</span> <span class='ocrx_word' id='word_1_207' title='bbox 1098 2664 1186 2728; x_wconf 84' lang='lat' dir='ltr'>penus</span> <span class='ocrx_word' id='word_1_208' title='bbox 1202 2645 1250 2707; x_wconf 82' lang='lat' dir='ltr'>illa</span> 
     </span>
     <span class='ocr_line' id='line_1_24' title="bbox 97 2743 1248 2832; baseline 0.002 -23"><span class='ocrx_word' id='word_1_209' title='bbox 97 2765 151 2829; x_wconf 89' lang='lat' dir='ltr'>per</span> <span class='ocrx_word' id='word_1_210' title='bbox 174 2765 315 2809; x_wconf 87' lang='lat' dir='ltr'>summam</span> <span class='ocrx_word' id='word_1_211' title='bbox 340 2744 528 2808; x_wconf 79' lang='lat' dir='ltr'>stoliditatem</span> <span class='ocrx_word' id='word_1_212' title='bbox 554 2744 672 2807; x_wconf 86' lang='lat' dir='ltr'>minime</span> <span class='ocrx_word' id='word_1_213' title='bbox 691 2743 811 2828; x_wconf 80' lang='lat' dir='ltr'>legerit,</span> <span class='ocrx_word' id='word_1_214' title='bbox 844 2745 873 2807; x_wconf 94' lang='lat' dir='ltr'>in</span> <span class='ocrx_word' id='word_1_215' title='bbox 895 2745 1042 2830; x_wconf 83' lang='lat' dir='ltr'>plerisque</span> <span class='ocrx_word' id='word_1_216' title='bbox 1062 2746 1142 2832; x_wconf 85' lang='lat' dir='ltr'>lapsa</span> <span class='ocrx_word' id='word_1_217' title='bbox 1165 2768 1248 2832; x_wconf 88' lang='lat' dir='ltr'>quam</span> 
     </span>
     <span class='ocr_line' id='line_1_25' title="bbox 99 2845 1250 2933; baseline 0.002 -22"><span class='ocrx_word' id='word_1_218' title='bbox 99 2847 254 2912; x_wconf 82' lang='lat' dir='ltr'>manifeste</span> <span class='ocrx_word' id='word_1_219' title='bbox 278 2849 308 2911; x_wconf 90' lang='lat' dir='ltr'>in</span> <span class='ocrx_word' id='word_1_220' title='bbox 332 2847 453 2932; x_wconf 80' lang='lat' dir='ltr'>singulis</span> <span class='ocrx_word' id='word_1_221' title='bbox 481 2846 614 2909; x_wconf 86' lang='lat' dir='ltr'>convinci</span> <span class='ocrx_word' id='word_1_222' title='bbox 641 2867 675 2910; x_wconf 90' lang='lat' dir='ltr'>ac</span> <span class='ocrx_word' id='word_1_223' title='bbox 699 2845 834 2930; x_wconf 78' lang='lat' dir='ltr'>redargui</span> <span class='ocrx_word' id='word_1_224' title='bbox 858 2859 957 2932; x_wconf 88' lang='lat' dir='ltr'>posset</span> <span class='ocrx_word' id='word_1_225' title='bbox 981 2869 1161 2933; x_wconf 85' lang='lat' dir='ltr'>nequaquam</span> <span class='ocrx_word' id='word_1_226' title='bbox 1188 2851 1250 2915; x_wconf 88' lang='lat' dir='ltr'>ani·</span> 
     </span>
     <span class='ocr_line' id='line_1_26' title="bbox 99 2947 1250 3035; baseline 0.001 -22"><span class='ocrx_word' id='word_1_227' title='bbox 99 2951 265 3014; x_wconf 83' lang='lat' dir='ltr'>madvertit.</span> <span class='ocrx_word' id='word_1_228' title='bbox 311 2947 418 3034; x_wconf 86' lang='lat' dir='ltr'>Neque</span> <span class='ocrx_word' id='word_1_229' title='bbox 446 2970 519 3012; x_wconf 90' lang='lat' dir='ltr'>vero</span> <span class='ocrx_word' id='word_1_230' title='bbox 548 2949 671 3034; x_wconf 86' lang='lat' dir='ltr'>cuipiam</span> <span class='ocrx_word' id='word_1_231' title='bbox 698 2949 802 3012; x_wconf 89' lang='lat' dir='ltr'>mirum</span> <span class='ocrx_word' id='word_1_232' title='bbox 829 2949 898 3012; x_wconf 90' lang='lat' dir='ltr'>illud</span> <span class='ocrx_word' id='word_1_233' title='bbox 926 2951 1018 3014; x_wconf 87' lang='lat' dir='ltr'>videri</span> <span class='ocrx_word' id='word_1_234' title='bbox 1048 2951 1144 3015; x_wconf 86' lang='lat' dir='ltr'>debet.</span> <span class='ocrx_word' id='word_1_235' title='bbox 1190 2949 1250 3035; x_wconf 90' lang='lat' dir='ltr'>Qui</span> 
     </span>
     <span class='ocr_line' id='line_1_27' title="bbox 100 3050 1249 3141; baseline 0.002 -24"><span class='ocrx_word' id='word_1_236' title='bbox 100 3054 177 3118; x_wconf 90' lang='lat' dir='ltr'>euim</span> <span class='ocrx_word' id='word_1_237' title='bbox 197 3051 342 3136; x_wconf 83' lang='lat' dir='ltr'>evangelii</span> <span class='ocrx_word' id='word_1_238' title='bbox 359 3052 465 3136; x_wconf 89' lang='lat' dir='ltr'>aliquid</span> <span class='ocrx_word' id='word_1_239' title='bbox 485 3063 514 3116; x_wconf 91' lang='lat' dir='ltr'>et</span> <span class='ocrx_word' id='word_1_240' title='bbox 531 3052 656 3138; x_wconf 90' lang='lat' dir='ltr'>apostoli</span> <span class='ocrx_word' id='word_1_241' title='bbox 675 3050 782 3115; x_wconf 86' lang='lat' dir='ltr'>babere</span> <span class='ocrx_word' id='word_1_242' title='bbox 803 3072 836 3115; x_wconf 89' lang='lat' dir='ltr'>se</span> <span class='ocrx_word' id='word_1_243' title='bbox 854 3053 1057 3137; x_wconf 82' lang='lat' dir='ltr'>profiteretur,</span> <span class='ocrx_word' id='word_1_244' title='bbox 1081 3054 1184 3119; x_wconf 77' lang='lat' dir='ltr'>barium</span> <span class='ocrx_word' id='word_1_245' title='bbox 1199 3062 1249 3141; x_wconf 81' lang='lat' dir='ltr'>po‘·</span> 
     </span>
     <span class='ocr_line' id='line_1_28' title="bbox 101 3153 1249 3242; baseline 0 -24"><span class='ocrx_word' id='word_1_246' title='bbox 101 3156 172 3233; x_wconf 89' lang='lat' dir='ltr'>tuit,</span> <span class='ocrx_word' id='word_1_247' title='bbox 198 3165 230 3218; x_wconf 93' lang='lat' dir='ltr'>ut</span> <span class='ocrx_word' id='word_1_248' title='bbox 246 3175 304 3218; x_wconf 91' lang='lat' dir='ltr'>non</span> <span class='ocrx_word' id='word_1_249' title='bbox 323 3174 412 3238; x_wconf 83' lang='lat' dir='ltr'>pauca</span> <span class='ocrx_word' id='word_1_250' title='bbox 433 3155 534 3218; x_wconf 82' lang='lat' dir='ltr'>saltem</span> <span class='ocrx_word' id='word_1_251' title='bbox 554 3154 716 3239; x_wconf 89' lang='lat' dir='ltr'>scripturae</span> <span class='ocrx_word' id='word_1_252' title='bbox 733 3153 822 3218; x_wconf 83' lang='lat' dir='ltr'>verba</span> <span class='ocrx_word' id='word_1_253' title='bbox 844 3154 1005 3219; x_wconf 80' lang='lat' dir='ltr'>retineret?</span> <span class='ocrx_word' id='word_1_254' title='bbox 1048 3153 1163 3242; x_wconf 78' lang='lat' dir='ltr'>Quippe</span> <span class='ocrx_word' id='word_1_255' title='bbox 1186 3178 1249 3220; x_wconf 88' lang='lat' dir='ltr'>cum</span> 
     </span>
     <span class='ocr_line' id='line_1_29' title="bbox 99 3257 1250 3343; baseline -0.001 -21"><span class='ocrx_word' id='word_1_256' title='bbox 99 3270 192 3322; x_wconf 91' lang='lat' dir='ltr'>totum</span> <span class='ocrx_word' id='word_1_257' title='bbox 215 3259 378 3342; x_wconf 86' lang='lat' dir='ltr'>scripturae</span> <span class='ocrx_word' id='word_1_258' title='bbox 399 3258 499 3321; x_wconf 83' lang='lat' dir='ltr'>vivum</span> <span class='ocrx_word' id='word_1_259' title='bbox 522 3258 578 3336; x_wconf 87' lang='lat' dir='ltr'>sit,</span> <span class='ocrx_word' id='word_1_260' title='bbox 602 3268 634 3321; x_wconf 93' lang='lat' dir='ltr'>ut</span> <span class='ocrx_word' id='word_1_261' title='bbox 654 3257 695 3321; x_wconf 90' lang='lat' dir='ltr'>ita</span> <span class='ocrx_word' id='word_1_262' title='bbox 710 3257 854 3334; x_wconf 83' lang='lat' dir='ltr'>dixerim,</span> <span class='ocrx_word' id='word_1_263' title='bbox 879 3277 1001 3343; x_wconf 88' lang='lat' dir='ltr'>corpus,</span> <span class='ocrx_word' id='word_1_264' title='bbox 1025 3260 1156 3343; x_wconf 90' lang='lat' dir='ltr'>potuitne</span> <span class='ocrx_word' id='word_1_265' title='bbox 1173 3279 1250 3321; x_wconf 89' lang='lat' dir='ltr'>mor-</span> 
     </span>
     <span class='ocr_line' id='line_1_30' title="bbox 100 3358 1250 3446; baseline 0.001 -22"><span class='ocrx_word' id='word_1_266' title='bbox 100 3373 180 3425; x_wconf 92' lang='lat' dir='ltr'>tuum</span> <span class='ocrx_word' id='word_1_267' title='bbox 202 3360 291 3424; x_wconf 90' lang='lat' dir='ltr'>ullum</span> <span class='ocrx_word' id='word_1_268' title='bbox 309 3360 468 3423; x_wconf 83' lang='lat' dir='ltr'>membrum</span> <span class='ocrx_word' id='word_1_269' title='bbox 486 3381 540 3446; x_wconf 93' lang='lat' dir='ltr'>pro</span> <span class='ocrx_word' id='word_1_270' title='bbox 558 3359 646 3423; x_wconf 90' lang='lat' dir='ltr'>animi</span> <span class='ocrx_word' id='word_1_271' title='bbox 667 3359 713 3423; x_wconf 86' lang='lat' dir='ltr'>sui</span> <span class='ocrx_word' id='word_1_272' title='bbox 729 3358 847 3423; x_wconf 82' lang='lat' dir='ltr'>libidine</span> <span class='ocrx_word' id='word_1_273' title='bbox 866 3360 1014 3444; x_wconf 85' lang='lat' dir='ltr'>reperire,</span> <span class='ocrx_word' id='word_1_274' title='bbox 1039 3362 1114 3445; x_wconf 93' lang='lat' dir='ltr'>quod</span> <span class='ocrx_word' id='word_1_275' title='bbox 1132 3361 1168 3423; x_wconf 88' lang='lat' dir='ltr'>ad</span> <span class='ocrx_word' id='word_1_276' title='bbox 1190 3371 1250 3425; x_wconf 86' lang='lat' dir='ltr'>sta·</span> 
     </span>
     <span class='ocr_line' id='line_1_31' title="bbox 100 3460 1250 3550; baseline 0.001 -23"><span class='ocrx_word' id='word_1_277' title='bbox 100 3464 257 3528; x_wconf 90' lang='lat' dir='ltr'>biliendum</span> <span class='ocrx_word' id='word_1_278' title='bbox 285 3463 466 3526; x_wconf 88' lang='lat' dir='ltr'>mendacium</span> <span class='ocrx_word' id='word_1_279' title='bbox 493 3474 594 3527; x_wconf 88' lang='lat' dir='ltr'>contra</span> <span class='ocrx_word' id='word_1_280' title='bbox 623 3462 776 3527; x_wconf 86' lang='lat' dir='ltr'>veritatem</span> <span class='ocrx_word' id='word_1_281' title='bbox 806 3463 973 3547; x_wconf 86' lang='lat' dir='ltr'>prolerrot?</span> <span class='ocrx_word' id='word_1_282' title='bbox 1015 3460 1117 3546; x_wconf 82' lang='lat' dir='ltr'>Quare</span> <span class='ocrx_word' id='word_1_283' title='bbox 1145 3483 1250 3550; x_wconf 83' lang='lat' dir='ltr'>corpus</span> 
     </span>
     <span class='ocr_line' id='line_1_32' title="bbox 100 3564 1250 3652; baseline 0 -22"><span class='ocrx_word' id='word_1_284' title='bbox 100 3567 195 3652; x_wconf 91' lang='lat' dir='ltr'>ipsum</span> <span class='ocrx_word' id='word_1_285' title='bbox 216 3566 350 3629; x_wconf 88' lang='lat' dir='ltr'>mutilare</span> <span class='ocrx_word' id='word_1_286' title='bbox 368 3587 402 3629; x_wconf 86' lang='lat' dir='ltr'>ae</span> <span class='ocrx_word' id='word_1_287' title='bbox 420 3566 555 3651; x_wconf 85' lang='lat' dir='ltr'>pleraque</span> <span class='ocrx_word' id='word_1_288' title='bbox 574 3565 703 3631; x_wconf 89' lang='lat' dir='ltr'>membra</span> <span class='ocrx_word' id='word_1_289' title='bbox 721 3585 857 3629; x_wconf 87' lang='lat' dir='ltr'>resecare</span> <span class='ocrx_word' id='word_1_290' title='bbox 874 3564 1014 3645; x_wconf 90' lang='lat' dir='ltr'>instituit,</span> <span class='ocrx_word' id='word_1_291' title='bbox 1040 3586 1161 3648; x_wconf 87' lang='lat' dir='ltr'>quorum</span> <span class='ocrx_word' id='word_1_292' title='bbox 1177 3588 1250 3630; x_wconf 89' lang='lat' dir='ltr'>unn-</span> 
     </span>
     <span class='ocr_line' id='line_1_33' title="bbox 101 3667 1250 3754; baseline -0.001 -21"><span class='ocrx_word' id='word_1_293' title='bbox 101 3669 181 3733; x_wconf 88' lang='lat' dir='ltr'>nulla</span> <span class='ocrx_word' id='word_1_294' title='bbox 195 3669 229 3731; x_wconf 88' lang='lat' dir='ltr'>ad</span> <span class='ocrx_word' id='word_1_295' title='bbox 247 3690 330 3733; x_wconf 87' lang='lat' dir='ltr'>usum</span> <span class='ocrx_word' id='word_1_296' title='bbox 352 3690 434 3733; x_wconf 88' lang='lat' dir='ltr'>suum</span> <span class='ocrx_word' id='word_1_297' title='bbox 454 3670 585 3733; x_wconf 89' lang='lat' dir='ltr'>retinuit.</span> <span class='ocrx_word' id='word_1_298' title='bbox 631 3667 716 3754; x_wconf 83' lang='lat' dir='ltr'>Quae</span> <span class='ocrx_word' id='word_1_299' title='bbox 736 3668 849 3754; x_wconf 90' lang='lat' dir='ltr'>quidem</span> <span class='ocrx_word' id='word_1_300' title='bbox 867 3667 902 3731; x_wconf 89' lang='lat' dir='ltr'>ab</span> <span class='ocrx_word' id='word_1_301' title='bbox 919 3668 968 3731; x_wconf 91' lang='lat' dir='ltr'>illo</span> <span class='ocrx_word' id='word_1_302' title='bbox 984 3678 1136 3733; x_wconf 85' lang='lat' dir='ltr'>reservata</span> <span class='ocrx_word' id='word_1_303' title='bbox 1152 3677 1182 3732; x_wconf 84' lang='lat' dir='ltr'>et</span> <span class='ocrx_word' id='word_1_304' title='bbox 1200 3670 1250 3733; x_wconf 89' lang='lat' dir='ltr'>ad·</span> 
     </span>
     <span class='ocr_line' id='line_1_34' title="bbox 101 3770 1249 3858; baseline -0.001 -22"><span class='ocrx_word' id='word_1_305' title='bbox 101 3772 158 3836; x_wconf 90' lang='lat' dir='ltr'>buo</span> <span class='ocrx_word' id='word_1_306' title='bbox 178 3772 319 3857; x_wconf 89' lang='lat' dir='ltr'>spirantia</span> <span class='ocrx_word' id='word_1_307' title='bbox 341 3772 456 3858; x_wconf 88' lang='lat' dir='ltr'>penitus</span> <span class='ocrx_word' id='word_1_308' title='bbox 474 3772 608 3856; x_wconf 79' lang='lat' dir='ltr'>extingui</span> <span class='ocrx_word' id='word_1_309' title='bbox 623 3784 789 3858; x_wconf 90' lang='lat' dir='ltr'>nequeunt,</span> <span class='ocrx_word' id='word_1_310' title='bbox 812 3772 862 3834; x_wconf 86' lang='lat' dir='ltr'>sed</span> <span class='ocrx_word' id='word_1_311' title='bbox 879 3771 976 3834; x_wconf 87' lang='lat' dir='ltr'>vitalis</span> <span class='ocrx_word' id='word_1_312' title='bbox 993 3770 1041 3834; x_wconf 90' lang='lat' dir='ltr'>ille</span> <span class='ocrx_word' id='word_1_313' title='bbox 1058 3771 1249 3836; x_wconf 86' lang='lat' dir='ltr'>declarandae</span> 
     </span>
    </p>
   </div>
   <div class='ocr_carea' id='block_1_3' title="bbox 100 3907 1251 4130">
    <p class='ocr_par' dir='ltr' id='par_1_4' title="bbox 100 3907 1251 4130">
     <span class='ocr_line' id='line_1_35' title="bbox 100 3907 1250 3974; baseline -0.001 -12"><span class='ocrx_word' id='word_1_314' title='bbox 100 3913 149 3973; x_wconf 83' lang='lat' dir='ltr'>uit,</span> <span class='ocrx_word' id='word_1_315' title='bbox 173 3909 242 3960; x_wconf 83' lang='lat' dir='ltr'>buius</span> <span class='ocrx_word' id='word_1_316' title='bbox 261 3911 306 3959; x_wconf 86' lang='lat' dir='ltr'>loct</span> <span class='ocrx_word' id='word_1_317' title='bbox 327 3912 475 3962; x_wconf 81' lang='lat' dir='ltr'>concertandi</span> <span class='ocrx_word' id='word_1_318' title='bbox 487 3925 515 3962; x_wconf 85' lang='lat' dir='ltr'>oe</span> <span class='ocrx_word' id='word_1_319' title='bbox 528 3913 659 3974; x_wconf 67' lang='lat' dir='ltr'>peruentum</span> <span class='ocrx_word' id='word_1_320' title='bbox 725 3910 750 3964; x_wconf 81' lang='lat'>3.</span> <span class='ocrx_word' id='word_1_321' title='bbox 768 3907 864 3963; x_wconf 73' lang='grc' dir='ltr'><strong>ἱκατῶν</strong></span> <span class='ocrx_word' id='word_1_322' title='bbox 887 3909 995 3960; x_wconf 78' lang='lat' dir='ltr'>mendosa</span> <span class='ocrx_word' id='word_1_323' title='bbox 1014 3911 1126 3973; x_wconf 78' lang='lat' dir='ltr'>seriptum</span> <span class='ocrx_word' id='word_1_324' title='bbox 1146 3915 1209 3961; x_wconf 77' lang='lat' dir='ltr'>eatct</span> <span class='ocrx_word' id='word_1_325' title='bbox 1224 3913 1250 3961; x_wconf 84' lang='lat' dir='ltr'>e&#39;o</span> 
     </span>
     <span class='ocr_line' id='line_1_36' title="bbox 100 3978 766 4046; baseline 0.002 -19"><span class='ocrx_word' id='word_1_326' title='bbox 100 3980 195 4043; x_wconf 73' lang='lat' dir='ltr'>qatdon</span> <span class='ocrx_word' id='word_1_327' title='bbox 214 3978 324 4039; x_wconf 68' lang='lat' dir='ltr'>{oemunt</span> <span class='ocrx_word' id='word_1_328' title='bbox 362 3981 441 4029; x_wconf 81' lang='lat' dir='ltr'>Verte:</span> <span class='ocrx_word' id='word_1_329' title='bbox 464 3994 529 4046; x_wconf 89' lang='lat' dir='ltr'>qnae</span> <span class='ocrx_word' id='word_1_330' title='bbox 542 3979 659 4032; x_wconf 78' lang='lat' dir='ltr'>testimo-</span> <span class='ocrx_word' id='word_1_331' title='bbox 692 3981 766 4030; x_wconf 77' lang='lat' dir='ltr'>odttle</span> 
     </span>
     <span class='ocr_line' id='line_1_37' title="bbox 101 4044 1251 4130; baseline 0 -32"><span class='ocrx_word' id='word_1_332' title='bbox 101 4045 143 4098; x_wconf 79' lang='lat' dir='ltr'>nia</span> <span class='ocrx_word' id='word_1_333' title='bbox 153 4044 249 4097; x_wconf 83' lang='lat' dir='ltr'>nomini</span> <span class='ocrx_word' id='word_1_334' title='bbox 264 4045 418 4114; x_wconf 80' lang='lat' dir='ltr'>respondent</span> <span class='ocrx_word' id='word_1_335' title='bbox 433 4045 537 4128; x_wconf 74' lang='lat' dir='ltr'>domiui,</span> <span class='ocrx_word' id='word_1_336' title='bbox 555 4058 660 4128; x_wconf 87' lang='lat' dir='ltr'>propter</span> <span class='ocrx_word' id='word_1_337' title='bbox 726 4060 751 4117; x_wconf 51' lang='lat'>4·</span> <span class='ocrx_word' id='word_1_338' title='bbox 768 4057 811 4117; x_wconf 57' lang='grc' dir='ltr'>ἀπ’</span> <span class='ocrx_word' id='word_1_339' title='bbox 826 4057 905 4129; x_wconf 70' lang='grc' dir='ltr'>ἄλλης</span> <span class='ocrx_word' id='word_1_340' title='bbox 922 4062 966 4130; x_wconf 61' lang='lat'>(50,</span> <span class='ocrx_word' id='word_1_341' title='bbox 981 4060 1127 4130; x_wconf 60' lang='grc' dir='ltr'>(πλπολῆς)</span> <span class='ocrx_word' id='word_1_342' title='bbox 1143 4067 1251 4128; x_wconf 56' lang='lat' dir='ltr'>„xpp-9„-</span> 
     </span>
    </p>
   </div>
   <div class='ocr_carea' id='block_1_4' title="bbox 101 4113 1250 4252">
    <p class='ocr_par' dir='ltr' id='par_1_5' title="bbox 101 4113 1250 4252">
     <span class='ocr_line' id='line_1_38' title="bbox 102 4113 1250 4199; baseline 0.005 -34"><span class='ocrx_word' id='word_1_343' title='bbox 102 4113 399 4195; x_wconf 62' lang='lat' dir='ltr'>numerpmmctodeoim,</span> <span class='ocrx_word' id='word_1_344' title='bbox 425 4125 450 4165; x_wconf 89' lang='lat' dir='ltr'>et</span> <span class='ocrx_word' id='word_1_345' title='bbox 464 4115 533 4166; x_wconf 82' lang='lat' dir='ltr'>leiim</span> <span class='ocrx_word' id='word_1_346' title='bbox 546 4133 597 4166; x_wconf 80' lang='lat' dir='ltr'>eius</span> <span class='ocrx_word' id='word_1_347' title='bbox 611 4115 660 4166; x_wconf 85' lang='lat' dir='ltr'>be·</span> <span class='ocrx_word' id='word_1_348' title='bbox 691 4147 735 4197; x_wconf 63' lang='lat' dir='ltr'>W,</span> <span class='ocrx_word' id='word_1_349' title='bbox 753 4125 792 4186; x_wconf 63' lang='grc' dir='ltr'>(π’</span> <span class='ocrx_word' id='word_1_350' title='bbox 809 4125 901 4199; x_wconf 56' lang='grc' dir='ltr'>ἄλλης,</span> <span class='ocrx_word' id='word_1_351' title='bbox 927 4134 990 4196; x_wconf 62' lang='lat' dir='ltr'>quoq</span> <span class='ocrx_word' id='word_1_352' title='bbox 1009 4134 1080 4196; x_wconf 59' lang='lat' dir='ltr'>„pipo</span> <span class='ocrx_word' id='word_1_353' title='bbox 1096 4137 1160 4183; x_wconf 59' lang='lat' dir='ltr'>am</span> <span class='ocrx_word' id='word_1_354' title='bbox 1179 4135 1205 4183; x_wconf 62' lang='lat' dir='ltr'>qn</span> <span class='ocrx_word' id='word_1_355' title='bbox 1221 4136 1250 4183; x_wconf 66' lang='grc' dir='ltr'>ιλ.</span> 
     </span>
     <span class='ocr_line' id='line_1_39' title="bbox 101 4181 748 4252; baseline 0.002 -18"><span class='ocrx_word' id='word_1_356' title='bbox 101 4181 253 4243; x_wconf 78' lang='lat' dir='ltr'>ueduenom,</span> <span class='ocrx_word' id='word_1_357' title='bbox 278 4191 381 4249; x_wconf 86' lang='lat' dir='ltr'>propter</span> <span class='ocrx_word' id='word_1_358' title='bbox 402 4198 531 4234; x_wconf 85' lang='lat' dir='ltr'>numerum</span> <span class='ocrx_word' id='word_1_359' title='bbox 551 4193 658 4236; x_wconf 73' lang='lat' dir='ltr'>eentum</span> <span class='ocrx_word' id='word_1_360' title='bbox 694 4204 748 4252; x_wconf 56' lang='lat' dir='ltr'>pri„</span> 
     </span>
    </p>
   </div>
   <div class='ocr_carea' id='block_1_5' title="bbox 101 4253 1252 4714">
    <p class='ocr_par' dir='ltr' id='par_1_6' title="bbox 101 4253 1250 4452">
     <span class='ocr_line' id='line_1_40' title="bbox 104 4253 983 4316; baseline 0 -14"><span class='ocrx_word' id='word_1_361' title='bbox 104 4253 172 4302; x_wconf 79' lang='lat' dir='ltr'>Vides</span> <span class='ocrx_word' id='word_1_362' title='bbox 193 4253 279 4315; x_wconf 79' lang='lat' dir='ltr'>aiqlcm</span> <span class='ocrx_word' id='word_1_363' title='bbox 299 4255 401 4303; x_wconf 78' lang='lat' dir='ltr'>nominis</span> <span class='ocrx_word' id='word_1_364' title='bbox 421 4254 531 4303; x_wconf 73' lang='lat' dir='ltr'>dominice·</span> <span class='ocrx_word' id='word_1_365' title='bbox 554 4255 597 4316; x_wconf 78' lang='grc' dir='ltr'>ι’,</span> <span class='ocrx_word' id='word_1_366' title='bbox 620 4257 661 4316; x_wconf 75' lang='lat' dir='ltr'>qut</span> <span class='ocrx_word' id='word_1_367' title='bbox 793 4287 805 4302; x_wconf 83' lang='lat'><strong><em>.</em></strong></span> <span class='ocrx_word' id='word_1_368' title='bbox 940 4291 945 4302; x_wconf 90' lang='lat'><em>.</em></span> <span class='ocrx_word' id='word_1_369' title='bbox 978 4291 983 4302; x_wconf 93' lang='lat'><strong>.</strong></span> 
     </span>
     <span class='ocr_line' id='line_1_41' title="bbox 101 4270 1250 4420; baseline -0.001 -48"><span class='ocrx_word' id='word_1_370' title='bbox 101 4333 212 4372; x_wconf 71' lang='lat' dir='ltr'>amamus</span> <span class='ocrx_word' id='word_1_371' title='bbox 224 4320 303 4402; x_wconf 71' lang='lat' dir='ltr'>llt&#39;ltl</span> <span class='ocrx_word' id='word_1_372' title='bbox 316 4325 358 4401; x_wconf 72' lang='lat' dir='ltr'>est,</span> <span class='ocrx_word' id='word_1_373' title='bbox 374 4325 487 4372; x_wconf 79' lang='lat' dir='ltr'>atumem</span> <span class='ocrx_word' id='word_1_374' title='bbox 499 4270 580 4402; x_wconf 58' lang='lat' dir='ltr'>apli</span> <span class='ocrx_word' id='word_1_375' title='bbox 588 4325 661 4404; x_wconf 61' lang='lat' dir='ltr'>opat:</span> <span class='ocrx_word' id='word_1_376' title='bbox 693 4284 1175 4420; x_wconf 40' lang='lat' dir='ltr'>&amp;mffiefssffimefflfm</span> <span class='ocrx_word' id='word_1_377' title='bbox 1194 4287 1250 4338; x_wconf 51' lang='grc' dir='ltr'>ω’</span> 
     </span>
     <span class='ocr_line' id='line_1_42' title="bbox 102 4389 660 4452; baseline 0.007 -14"><span class='ocrx_word' id='word_1_378' title='bbox 102 4389 179 4452; x_wconf 68' lang='lat' dir='ltr'>pontt.</span> <span class='ocrx_word' id='word_1_379' title='bbox 212 4389 287 4439; x_wconf 76' lang='lat' dir='ltr'>Hunos</span> <span class='ocrx_word' id='word_1_380' title='bbox 303 4401 365 4439; x_wconf 79' lang='lat' dir='ltr'>eoum</span> <span class='ocrx_word' id='word_1_381' title='bbox 380 4391 444 4439; x_wconf 80' lang='lat' dir='ltr'>uocte</span> <span class='ocrx_word' id='word_1_382' title='bbox 465 4403 545 4452; x_wconf 74' lang='lat' dir='ltr'>premo</span> <span class='ocrx_word' id='word_1_383' title='bbox 560 4391 660 4443; x_wconf 68' lang='lat' dir='ltr'>tusco</span> 
     </span>
    </p>

    <p class='ocr_par' dir='ltr' id='par_1_7' title="bbox 101 4452 1252 4714">
     <span class='ocr_line' id='line_1_43' title="bbox 101 4452 1251 4524; baseline 0.001 -16"><span class='ocrx_word' id='word_1_384' title='bbox 101 4468 225 4508; x_wconf 73' lang='lat' dir='ltr'>mmm</span> <span class='ocrx_word' id='word_1_385' title='bbox 239 4457 266 4520; x_wconf 86' lang='lat' dir='ltr'>t,</span> <span class='ocrx_word' id='word_1_386' title='bbox 283 4458 357 4506; x_wconf 77' lang='lat' dir='ltr'>onero</span> <span class='ocrx_word' id='word_1_387' title='bbox 373 4457 464 4523; x_wconf 75' lang='lat' dir='ltr'>pua,</span> <span class='ocrx_word' id='word_1_388' title='bbox 480 4460 581 4524; x_wconf 68' lang='lat' dir='ltr'>mima</span> <span class='ocrx_word' id='word_1_389' title='bbox 599 4455 661 4521; x_wconf 72' lang='lat' dir='ltr'>vlu,</span> <span class='ocrx_word' id='word_1_390' title='bbox 726 4456 751 4512; x_wconf 86' lang='lat'>6.</span> <span class='ocrx_word' id='word_1_391' title='bbox 770 4452 823 4511; x_wconf 70' lang='grc' dir='ltr'>ἀλλ’</span> <span class='ocrx_word' id='word_1_392' title='bbox 839 4454 876 4520; x_wconf 67' lang='grc' dir='ltr'>ὠς</span> <span class='ocrx_word' id='word_1_393' title='bbox 890 4463 981 4511; x_wconf 72' lang='lat' dir='ltr'>rennos</span> <span class='ocrx_word' id='word_1_394' title='bbox 991 4461 1130 4511; x_wconf 70' lang='lat' dir='ltr'>cornorum</span> <span class='ocrx_word' id='word_1_395' title='bbox 1144 4463 1166 4510; x_wconf 81' lang='lat' dir='ltr'>o</span> <span class='ocrx_word' id='word_1_396' title='bbox 1180 4461 1251 4513; x_wconf 75' lang='lat' dir='ltr'>reec-</span> 
     </span>
     <span class='ocr_line' id='line_1_44' title="bbox 101 4523 1252 4593; baseline 0 -15"><span class='ocrx_word' id='word_1_397' title='bbox 101 4525 211 4588; x_wconf 59' lang='grc' dir='ltr'>φακοῦ</span> <span class='ocrx_word' id='word_1_398' title='bbox 223 4525 245 4577; x_wconf 82' lang='lat' dir='ltr'><em>L</em></span> <span class='ocrx_word' id='word_1_399' title='bbox 257 4526 400 4588; x_wconf 69' lang='lat' dir='ltr'>etqutflocot,</span> <span class='ocrx_word' id='word_1_400' title='bbox 415 4526 508 4590; x_wconf 79' lang='lat' dir='ltr'>quibus,</span> <span class='ocrx_word' id='word_1_401' title='bbox 522 4527 557 4576; x_wconf 83' lang='lat' dir='ltr'>bia</span> <span class='ocrx_word' id='word_1_402' title='bbox 568 4531 660 4589; x_wconf 84' lang='lat' dir='ltr'>sumpto</span> <span class='ocrx_word' id='word_1_403' title='bbox 692 4529 757 4578; x_wconf 82' lang='lat' dir='ltr'>ctum</span> <span class='ocrx_word' id='word_1_404' title='bbox 782 4533 873 4580; x_wconf 72' lang='lat' dir='ltr'>acoutm</span> <span class='ocrx_word' id='word_1_405' title='bbox 896 4544 941 4593; x_wconf 80' lang='lat' dir='ltr'>pro</span> <span class='ocrx_word' id='word_1_406' title='bbox 963 4523 1085 4591; x_wconf 71' lang='grc' dir='ltr'>ἀλλοίως,</span> <span class='ocrx_word' id='word_1_407' title='bbox 1111 4529 1174 4593; x_wconf 77' lang='lat' dir='ltr'>quod</span> <span class='ocrx_word' id='word_1_408' title='bbox 1198 4530 1252 4580; x_wconf 80' lang='lat' dir='ltr'>libri</span> 
     </span>
     <span class='ocr_line' id='line_1_45' title="bbox 102 4594 808 4714; baseline 0.004 -69"><span class='ocrx_word' id='word_1_409' title='bbox 102 4594 267 4714; x_wconf 54' lang='lat' dir='ltr'>metue</span> <span class='ocrx_word' id='word_1_410' title='bbox 288 4594 401 4659; x_wconf 72' lang='lat' dir='ltr'>tttercd,</span> <span class='ocrx_word' id='word_1_411' title='bbox 432 4594 532 4659; x_wconf 63' lang='lat' dir='ltr'>cibatu</span> <span class='ocrx_word' id='word_1_412' title='bbox 551 4608 660 4649; x_wconf 73' lang='lat' dir='ltr'>commus</span> <span class='ocrx_word' id='word_1_413' title='bbox 691 4597 808 4663; x_wconf 80' lang='lat' dir='ltr'>praebent.</span> 
     </span>
    </p>
   </div>
   <div class='ocr_carea' id='block_1_6' title="bbox 0 0 1534 5084">
    <p class='ocr_par' dir='ltr' id='par_1_8' title="bbox 0 0 1534 5084">
     <span class='ocr_line' id='line_1_46' title="bbox 0 0 1534 5084; baseline 0 0"><span class='ocrx_word' id='word_1_414' title='bbox 0 0 1534 5084; x_wconf 95' lang='lat' dir='ltr'> </span> 
     </span>
    </p>
   </div>
  </div>
 </body>
</html>
