3046 5084
211 234 237 291 θ

356 342 491 394 Puuauu
508 341 572 394 Lib.
582 343 602 393 i.
618 343 701 395 ἹῸΜ.
713 344 757 394 iii.
774 343 965 399 usuuxuu.
1175 334 1236 395 615

85 461 180 524 edicta
198 460 290 545 siqui
308 480 495 547 corrumpere
510 482 545 525 no
560 461 722 548 depravare
739 472 899 542 conentur,
923 462 1034 548 prolata
1051 483 1091 526 ex
1108 463 1236 526 archivis

84 562 250 627 iideiissima
270 562 451 648 exemplaria
470 562 591 628 insanos
612 563 678 627 iiios
698 564 893 648 redarguunt,
926 564 970 628 sic
988 584 1005 626 e
1023 564 1148 649 potatio,
1180 565 1235 627 boc

85 676 130 727 est
147 665 272 728 ecelesia
290 677 409 743 anem,
441 665 640 750 depromptum
658 665 841 748 evangelium
860 665 1062 750 egregiarum,
1086 677 1118 730 ut
1135 667 1176 728 ita
1193 666 1235 728 di·

85 787 166 847 eam,
190 767 316 831 vestium
339 787 493 831 arrosores
514 787 614 831 mures
637 768 721 831 tacite
743 767 863 851 detegit.
1045 820 1047 824 Α

171 865 272 932 Scboi.
290 868 449 934 XXXIX.
483 874 564 932 Hanc
592 882 683 932 antem
705 872 802 952 fibinn
826 872 959 944 Abreee,
991 892 1074 952 quum
1103 873 1341 950 allegorumena,
1355 892 1385 935 oa.

84 976 217 1034 Satanas.

167 1072 271 1137 uaros.
288 1072 446 1137 XXXIX.
481 1069 558 1138 Cum
577 1073 700 1138 veniens
722 1074 857 1140 domiuus
875 1075 1014 1138 Abcaami
1040 1076 1115 1138 fidiae
1136 1095 1234 1138 euram

83 1175 240 1262 suscipiat,
271 1196 330 1239 uou
350 1177 408 1239 erit
426 1176 463 1239 nb
481 1196 517 1240 eo
536 1177 649 1240 aiieuus
667 1177 845 1242 Abreamus.
892 1176 988 1261 Quem
1011 1178 1065 1242 boe
1087 1177 1151 1261 ipso
1176 1177 1236 1261 pia·

84 1279 181 1343 ouisse
202 1277 257 1341 sibi
280 1278 427 1357 deeierat,
451 1278 527 1363 quod
550 1279 613 1342 eius
636 1278 711 1342 biiae
734 1279 935 1343 misericordia
958 1291 1122 1343 moventur.

167 1377 269 1445 Seboi.
286 1380 356 1444 XL.
389 1378 462 1445 item
484 1381 553 1445 iliud
576 1381 699 1445 edomita
732 1386 809 1443 Tunc
831 1384 958 1444 cambros
976 1384 1119 1456 Abruuna,
1152 1387 1347 1443 israelititus.

83 1495 112 1545 et
126 1473 226 1558 lietb,
250 1495 281 1545 et
293 1505 386 1546 omnes
397 1487 550 1565 propbetas
565 1488 595 1545 in
612 1505 701 1564 regno
716 1488 771 1546 dei.
817 1482 877 1547 Pro
896 1505 953 1569 quo
972 1484 1141 1569 rescripsit,
1167 1487 1234 1544 Com

83 1591 281 1654 omnesn‘ustes
297 1590 423 1647 videritis
441 1591 470 1647 r'n
486 1607 575 1665 regno
591 1590 651 1660 dei,
684 1608 733 1647 ooo
749 1600 841 1648 uatem
857 1590 997 1649 exclusos.
1046 1586 1233 1670 Adiecitque,

82 1693 215 1759 Dekaton
231 1690 323 1770 serui,
349 1698 397 1768 et,
420 1691 486 1750 tttr’c
507 1699 551 1749 est
562 1693 654 1771 statues
674 1701 705 1750 et
723 1694 831 1751 abidon
852 1695 985 1751 dentium.

170 1888 270 1957 uaso.
287 1892 357 1956 XL.
390 1889 545 1976 Quomodo
560 1893 694 1956 veritatis
709 1895 834 1977 vestigia
852 1895 1027 1979 produntur!
1056 1891 1142 1958 Viam
1157 1893 1235 1957 enim

84 1996 232 2061 occultare
247 2017 332 2060 nemo
349 2005 456 2082 potest.
502 1994 548 2058 tc
567 1995 634 2058 licet
649 1994 781 2058 bomiues
798 1996 833 2058 ab
851 2017 887 2058 eo
904 2015 1045 2059 revocare
1062 2007 1092 2058 et
1107 1997 1135 2059 in
1153 2018 1235 2060 erro-

82 2118 145 2162 rem
164 2099 256 2184 possit
274 2098 438 2176 abducere,
462 2106 512 2161 aut
528 2097 639 2180 ignaris
660 2096 861 2208 (dissimulare,
886 2099 961 2161 idem
982 2109 1078 2160 tamen
1097 2098 1234 2161 itinerum

83 2200 186 2288 peritis
204 2201 266 2265 deri
284 2200 399 2285 nequit,
424 2200 490 2283 quia
508 2211 603 2278 terra,
628 2200 658 2262 iu
675 2221 731 2284 qua
747 2201 786 2262 sit
801 2200 943 2286 impressa
963 2203 1028 2279 via,
1060 2200 1122 2263 tolli
1141 2201 1234 2263 tundi-

82 2315 131 2367 tus
149 2303 279 2367 emedio
300 2325 359 2367 nou
378 2312 486 2386 potest.
530 2301 572 2365 Et
587 2301 720 2386 quamvis
738 2302 807 2366 iilud
826 2304 963 2366 obscuret
978 2302 1137 2388 quispiam,
1169 2325 1233 2366 cum

81 2405 158 2471 idem
179 2417 275 2473 umen
298 2404 384 2468 buius
403 2406 484 2468 iocus
509 2415 677 2482 remaneat,
710 2405 759 2489 qui
782 2425 844 2468 eam
866 2405 1071 2490 depravaverit
1092 2426 1108 2467 a
1132 2405 1234 2489 peritis

83 2509 157 2573 baud
174 2507 306 2588 difficile,
330 2507 509 2592 coarguitur.
534 2568 535 2573 ,
556 2503 755 2590 Quamobrem
772 2509 913 2572 orationis
931 2509 1021 2592 ipsius
1036 2508 1179 2592 vestigia,
1204 2517 1234 2570 et

83 2612 291 2696 consequentia
319 2611 444 2697 respice.
491 2607 576 2673 iilum
606 2610 683 2673 enim
711 2612 805 2697 ipsum
834 2632 999 2673 sermonem
1022 2611 1056 2672 ad
1079 2630 1232 2694 quemnam

82 2714 168 2778 elium
188 2723 390 2799 praeterquam
408 2714 444 2776 ad
464 2710 589 2791 iudaeos
610 2713 727 2776 babuit?
771 2712 900 2796 Quodsi
923 2710 1048 2777 ludaeos
1068 2712 1233 2797 alioqueba-

83 2827 147 2894 tur,
170 2816 228 2880 iam
246 2836 297 2879 eos
315 2816 393 2879 intus
411 2817 503 2880 fuisse
521 2816 757 2895 demonstrabat,
781 2826 811 2878 et
827 2837 843 2878 a
859 2815 1002 2881 iustorum
1020 2816 1169 2879 consortio
1185 2837 1232 2879 se-

15 2999 20 3007 ,
82 2929 231 3004 matos.
275 2917 536 3003 Atveroquiuam
553 2917 573 2980 ii
591 2929 678 2997 sunt,
709 2918 764 2981 uisi
782 2917 929 2998 Abraam,
959 2916 1062 2998 isaac,
1094 2915 1181 3004 Iacob
1202 2929 1232 2982 et

82 3020 261 3107 prophetae?
301 3019 372 3086 Noa
391 3021 469 3084 euim
488 3018 546 3083 nit:
572 3022 705 3082 latebras
723 3025 812 3083 irntos
826 3027 979 3095 abitrantes,
1005 3044 1053 3083 voe
1069 3031 1160 3083 autem
1176 3044 1231 3083 non

82 3129 236 3198 inventes,
269 3124 338 3203 sed,
372 3126 505 3186 Vaiiebitis
527 3128 617 3184 abates
638 3128 669 3185 in
688 3145 794 3204 regno,
829 3147 876 3186 vos
898 3137 990 3186 entem
1009 3130 1120 3186 erectos.
1172 3122 1230 3189 Ubi

67 3227 156 3311 *qaod
172 3225 284 3290 eiectos
301 3227 388 3306 dicit,
417 3225 498 3310 quasi
512 3226 638 3289 futurum
654 3225 823 3306 denuntiat,
852 3227 945 3291 iustos
961 3249 1033 3291 vero
1049 3227 1106 3291 iam
1124 3226 1229 3290 ibidem

81 3328 194 3393 versari
216 3328 378 3413 siguificat,
412 3329 459 3413 qai
482 3348 577 3412 neque
601 3348 804 3414 carneaeque
829 3331 982 3394 vocatione
1003 3329 1039 3392 ab
1062 3328 1120 3392 illis
1143 3329 1231 3392 alieni

80 3443 168 3513 suat,
196 3433 249 3496 sed
268 3432 460 3496 communiter
476 3431 572 3495 vocati
589 3442 657 3494 aute
675 3427 786 3495 Cbristi
803 3432 958 3495 salvatoris
975 3433 1129 3494 adveutum
1147 3431 1231 3495 iusti-

80 3534 149 3600 tiam
174 3535 269 3620 adepti
290 3545 370 3599 suut.
415 3532 476 3599 Sed
496 3533 539 3597 iili
560 3533 632 3597 toris
650 3545 768 3598 manent
785 3535 913 3612 scilicet,
946 3535 1013 3597 dum
1030 3534 1109 3598 intus
1128 3555 1230 3598 eorum

79 3649 178 3724 patres
196 3637 337 3703 resident.
385 3635 469 3720 Quod
491 3635 546 3700 nisi
565 3637 662 3700 futura
681 3658 835 3722 corporum
853 3650 899 3701 est
915 3636 1111 3714 resurreetio,
1139 3638 1230 3701 unde-

79 3763 146 3806 nam
164 3742 292 3806 dentium
315 3741 364 3805 iile
381 3741 490 3805 stridor
511 3739 542 3802 iu
560 3739 668 3804 iudicio
689 3761 756 3804 esse
777 3751 890 3826 potest,
915 3741 1001 3803 bomo
1022 3740 1226 3805 stolidissime!

165 3843 267 3910 Sobel.
285 3842 372 3908 ΧΗ.
402 3841 477 3909 lttud
491 3843 560 3907 item
575 3843 710 3908 sustulitc
736 3849 853 3905 Venient
863 3846 900 3905 ab
914 3849 1020 3906 oriente
1032 3855 1062 3906 et
1074 3849 1224 3919 accedente,
1241 3863 1297 3908 leid.
1309 3866 1341 3909 ss.

79 3950 285 4011 atrecambent
297 3954 326 4010 in
341 3969 446 4028 regno,
479 3958 538 4010 tum
555 3946 643 4010 iliud:
666 3951 763 4009 Erunt
776 3951 920 4008 novissimi
931 3952 1034 4028 prsina',
1059 3946 1144 4010 item:
1167 3953 1228 4010 Ae·

79 4064 229 4116 emerunt
244 4054 394 4113 Pborabuea'
413 4054 552 4124 debentes,
585 4054 649 4112 Eoi
666 4061 696 4111 et
716 4053 792 4124 onie,
825 4055 955 4130 quantiam
975 4054 1100 4112 Herodes
1121 4053 1182 4112 uult
1202 4062 1228 4111 te

79 4157 249 4237 cnmfieere.
293 4151 361 4217 Nec
378 4173 437 4216 uon
456 4162 487 4216 et
501 4151 597 4215 istuda
626 4154 771 4215 Abeuntes
787 4157 871 4214 dv'citc
886 4157 965 4234 onlpri
978 4156 1059 4227 duab,
1084 4173 1177 4238 usque
1192 4154 1227 4217 nd

112 4307 136 4361 6.
154 4309 198 4364 nat
212 4305 281 4375 ὑμᾶς
295 4305 331 4374 μὴ
346 4304 530 4375 εἰςερχομένους
545 4307 640 4368 deside,
703 4307 727 4360 8.
745 4307 768 4360 ei
785 4305 920 4372 Φαρισαῖοι
936 4313 998 4357 catut
1014 4322 1095 4370 supro.

78 4383 146 4429 roten
161 4382 187 4430 tn
205 4379 262 4429 edit.
272 4379 348 4439 petre.
382 4378 420 4425 tte
437 4377 487 4426 ond.
501 4377 574 4425 Vattc.
591 4375 636 4425 od·
703 4374 728 4429 9.
746 4378 827 4440 Semo
843 4373 886 4438 τὸ,
904 4370 986 4440 Eine,
1003 4375 1174 4442 Πορευθέντες
1191 4377 1226 4447 εἷς

78 4450 130 4498 teett
146 4461 175 4498 ee
191 4448 261 4496 verbe
274 4447 392 4496 Petooias.
669 4461 734 4499 πατε
750 4451 799 4495 cett.

112 4513 136 4566 t.
154 4516 281 4567 comorius
301 4516 383 4564 vend:
410 4510 488 4562 futuri
511 4509 636 4578 signifiea—
707 4515 745 4565 tu.
763 4506 822 4570 ὅτου
838 4528 911 4582 cupro
927 4515 1018 4577 badum

79 4582 148 4633 tione
164 4580 343 4650 pronuntiarit.
