3046 5084
296 342 356 404 110
716 350 838 403 stwc'rl
854 351 1021 403 ΕΡΙΡΗΑΝΙΙ

296 469 414 549 δεκτόν,
442 464 492 532 ύπ’
518 465 639 541 οὐδενός
661 464 893 552 άντιλεχόμενος,
921 466 988 534 ου”τε
1010 464 1070 532 ύπό
1091 463 1260 546 Ἰουδαίων,
1288 464 1356 532 τότε
1377 464 1442 537 ύπό

291 573 451 655 Ἑλλήνων,
473 567 540 634 οὔτε
560 565 619 633 ύπό
638 576 845 653 Σαμαρειτῶν,
868 568 935 634 ούτε
961 567 1042 633 Ιάπό
1061 595 1139 644 τινος
1161 570 1269 652 ἑτέρον.
1304 567 1443 636 Ἔπειτα

293 671 510 760 άντιλεχόμενος
531 669 669 752 ἐκήρυξεν
689 669 824 736 ίνιαυτόν
845 670 999 755 δεύτερον,
1021 672 1071 734 καί
1091 671 1208 755 μέμονεν
1231 673 1442 738 ἐννεακαίδεκα

293 781 342 861 έτη
358 784 399 865 τῷ
416 772 495 861 αύτῷ
510 770 643 860 Ἡράδη,
666 780 706 859 τῷ
722 774 754 837 δέ
770 779 880 855 σωτῆρι
898 770 1070 856 τριακοστόν
1086 769 1232 856 δεύτερον.
1272 769 1329 836 Ἐν
1347 773 1380 838 δέ
1397 781 1441 860 τῷ

292 884 412 966 εἰκοστῷ
432 880 489 942 έτει
503 882 557 940 τοῦ
572 872 706 956 Ἡρώδου
721 882 774 938 τοῦ
792 872 949 955 τετράρχου
969 876 1151 955 καλουμένου
1167 878 1272 959 γίνεται
1289 871 1323 939 τό
1342 873 1438 957 σωτή·

182 1018 233 1066 μς.
246 1002 278 1046 tt.
292 1009 358 1069 ριον
372 979 473 1053 πάθος
487 979 536 1040 καὶ
554 973 574 1057 ἦ
588 973 731 1051 άπάθεια,
751 972 929 1038 ’άθανάτον
944 979 1041 1058 γεῦσίς
1054 1000 1084 1038 τε
1098 974 1244 1054 θανάτου,
1266 974 1333 1059 άχρι
1347 997 1438 1041 οταν·

291 1091 347 1168 ροῦ
368 1080 532 1161 πάσχοντος
548 1079 580 1141 έν
598 1072 738 1161 άληθείμ,
762 1073 902 1150 άποθοῦς
923 1076 955 1140 δὲ
972 1076 1110 1157 μένοντος
1134 1078 1166 1141 έν
1188 1074 1316 1158 θεότητι.
1363 1084 1439 1162 Χρι·

291 1190 362 1249 στοῦ
383 1179 438 1265 γάρ
461 1175 613 1250 παθόντος
633 1173 709 1261 ύπέρ
732 1172 815 1257 ἡμῶν
836 1178 937 1260 σαρκί,
965 1179 1057 1257 φησὶν
1080 1174 1100 1258 ἦ
1123 1176 1238 1261 γραφή·
1264 1180 1314 1242 καί
1338 1176 1438 1259 πάλιν,

293 1282 483 1354 Θανατοοθείς
501 1279 602 1358 σαρκί,
629 1278 825 1360 ζαογονηθείς
846 1277 878 1341 δὲ
899 1277 1058 1360 πνεύματι,
1084 1280 1135 1343 καί
1159 1277 1195 1342 τά
1221 1281 1295 1360 έξῆς.
1338 1287 1439 1344 Σταυ·

290 1391 410 1470 ροῦτατ,
437 1378 601 1456 θάπτεται,
627 1379 793 1460 κατέρχεται
816 1381 857 1453 είς
874 1377 911 1442 τά
932 1377 1115 1462 καταχθόνια
1135 1383 1167 1445 έν
1188 1379 1310 1461 θεότητι
1331 1383 1382 1444 καί
1404 1383 1438 1448 έν

290 1492 389 1573 ψυχῇ,
411 1477 615 1565 αίχμαλωτεύει
637 1477 691 1561 την
709 1482 918 1560 αἰχμαλωσίαν,
940 1483 991 1544 καὶ
1010 1478 1159 1546 άνίσταται
1177 1489 1214 1571 τῇ
1231 1487 1313 1570 τρίτη
1337 1480 1437 1572 ἧμέρρι

290 1586 345 1652 σύν
365 1582 444 1672 αύτῷ
465 1590 505 1670 τῷ
525 1578 599 1668 άγίῳ
616 1580 744 1661 σάματι,
765 1579 932 1655 συνενοόσας
952 1580 985 1646 τό
1007 1590 1090 1665 σῶμα
1113 1590 1150 1671 τῇ
1172 1582 1307 1664 θεότητι,
1330 1586 1437 1664 μηκέτι

289 1686 450 1770 λυόμενον,
472 1685 574 1766 μηκέτι
591 1680 713 1763 πάσχον,
736 1684 837 1764 μηκέτι
852 1678 911 1746 ύπό
928 1682 1062 1748 θανάτου
1079 1683 1295 1769 τορνευόμενον,
1319 1683 1361 1760 τός
1377 1711 1438 1768 φη-

290 1810 336 1855 σιν
357 1785 375 1854 ό
397 1785 573 1865 άπόστολος,
598 1783 730 1859 Θάνατος
752 1781 845 1848 αότοῦ
867 1781 965 1850 ούκέτι
984 1784 1121 1869 κυριεύειῚ

155 2117 222 2182 Κεφ.
240 2103 271 2178 γ’.
371 2092 455 2159 Αύτό
473 2090 506 2159 τό
530 2098 615 2173 σῶμα
633 2088 798 2174 άληθινοῑς,
821 2087 913 2172 αὐτὴν
932 2089 986 2172 τόν
1003 2089 1112 2175 σάρκα,
1134 2087 1227 2174 αάτήν
1246 2089 1301 2175 τὴν
1321 2091 1434 2175 ψυχὴν,

289 2194 365 2262 αύτά
384 2195 420 2260 τά
437 2193 548 2272 πάντα,
570 2191 624 2259 ούκ
646 2192 713 2258 άλλο
730 2220 758 2258 τι
774 2190 854 2276 παρά
871 2190 903 2257 τό
927 2191 962 2257 όν
984 2199 1084 2273 σῶμα,
1106 2189 1165 2257 άλλ’
1183 2189 1257 2258 αύτό
1279 2190 1312 2258 τό
1333 2190 1368 2258 όν
1389 2195 1434 2259 έν·

289 2297 481 2378 δυναμάσας,
504 2299 546 2372 είς
562 2300 631 2379 μίαν
646 2293 781 2376 ἑνότητα,
804 2295 845 2368 είς
861 2298 929 2375 μίαν
945 2293 1083 2375 θεύτητα,
1105 2292 1138 2358 τό
1157 2292 1298 2379 σαρκικόν
1312 2292 1435 2378 άφθαρ-

287 2426 353 2479 τον,
375 2397 408 2465 τό
424 2395 589 2482 σωματικόν
603 2393 812 2477 πνευματικόν,
834 2393 866 2459 τό
884 2396 1048 2479 παχυμερὲς
1062 2396 1248 2478 λεπτομερές,
1270 2393 1303 2462 τό
1319 2394 1435 2478 θνητόν

288 2499 453 2579 άθάνατον,
476 2498 516 2582 μή
537 2495 666 2582 έορακός
681 2496 756 2572 ὅλας
772 2495 961 2578 διαφθοράν,
984 2495 1023 2579 μή
1039 2502 1284 2580 καταλειφθείσης
1303 2504 1355 2579 τῆς
1371 2514 1432 2577 φυ-

286 2613 340 2687 χῆς
358 2606 389 2669 έν
406 2601 480 2691 ᾇδη,
503 2598 543 2682 μὴ
567 2600 757 2682 μερισθέντος
779 2603 832 2662 τοῦ
856 2594 984 2681 όργάνου
1006 2597 1082 2679 πρός
1103 2595 1262 2681 άμαρτίαν,
1285 2596 1326 2682 μὴ
1346 2624 1432 2684 χραν-

287 2707 394 2779 θέντος
413 2709 467 2767 τοῦ
484 2707 539 2765 νοῦ
557 2708 668 2788 τροπῇ,
691 2697 761 2763 άλλά
775 2697 812 2763 τά
828 2698 882 2764 όλα
899 2699 952 2779 μέν
974 2696 1139 2784 άνθράπον
1163 2697 1277 2786 λοβόν,
1299 2700 1434 2781 φυλάξας

288 2806 320 2870 δδ
339 2804 393 2869 ὅλα
415 2805 507 2868 τέλεια
530 2803 741 2877 ίπιδεδοικνίας
762 2808 815 2882 τῆς
837 2799 978 2882 θεότητος
998 2809 1034 2890 τῇ
1060 2799 1188 2890 άληθινῇ
1207 2801 1433 2886 ένανθρεοπήσει

288 2903 365 2989 πρός
381 2902 433 2980 τάς
452 2900 591 2988 εὐλόγους
607 2909 717 2988 χρείας,
739 2904 812 2988 λέγω
831 2901 868 2985 δὴ
884 2900 936 2978 τάς
952 2905 984 2967 ἐκ
1004 2902 1139 2983 σάματός
1155 2928 1185 2968 τε
1201 2906 1253 2969 καί
1265 2912 1366 2988 ψυχῆς
1380 2907 1433 2971 παλ

287 3009 322 3072 έκ·
339 3013 395 3072 νοῦ
415 3003 608 3090 άνθροεπίνου
630 3006 864 3086 έπιζητουμένας
877 3002 931 3087 τήν
952 3010 1170 3090 πληροφορίαν,
1192 3007 1324 3072 τουτέστι
1344 3011 1432 3097 πείνη

285 3110 335 3176 καί
352 3112 450 3189 δίψει,
472 3113 620 3195 κλαυθμῷ
637 3130 666 3171 τε
684 3108 734 3172 καί
750 3104 881 3194 άθυμίμ,
905 3104 1044 3190 δακρύσει
1059 3131 1090 3171 τε
1106 3108 1156 3172 καί
1178 3106 1265 3197 ύπνφ
1288 3109 1339 3173 καί
1360 3104 1431 3172 άνα·

285 3209 401 3277 παύσει.
450 3215 549 3273 Ταῦτα
576 3207 630 3294 γάρ
655 3204 709 3290 ούχ
731 3205 872 3293 άμαρτίας
895 3205 990 3286 είδος,
1013 3205 1070 3272 ἄλλ’
1090 3207 1343 3295 ένανθροτπήσευς
1362 3204 1431 3290 δίη-

285 3311 429 3395 θεστάτης
444 3308 612 3397 γνώρισμα,
634 3308 758 3398 άληθείμ
774 3316 827 3392 τῆς
841 3308 983 3393 θεότητος
998 3309 1144 3393 συνούσης
1158 3318 1195 3400 τῇ
1210 3306 1429 3395 άνθροιπότηττ,

286 3413 323 3480 ού
339 3413 375 3480 τά
394 3411 571 3497 άνθράπτνα
585 3411 769 3496 πασχούσης,
794 3409 887 3477 ιάλλά
906 3419 959 3495 τῆς
974 3412 1118 3494 θεότητος
1134 3409 1366 3492 συνευδοκούσης
1386 3413 1430 3488 τίς

285 3515 321 3580 τά
336 3515 440 3603 εύλογα
453 3518 502 3583 καί
519 3513 555 3580 τά
571 3513 654 3590 ἐκτός
670 3512 811 3600 άμαριίας
825 3516 875 3578 καλ
891 3523 1003 3600 τροπῆς
1019 3513 1269 3600 άπηγορενμίνης.
1297 3509 1428 3597 Ἀνέστη,

285 3618 336 3679 καί
353 3627 458 3705 θυρῶν
477 3619 685 3700 κεκλεισμένων
700 3619 847 3700 είςῆλθεν,
869 3619 919 3681 ἵνα
934 3615 968 3682 τό
987 3618 1151 3700 παχυμερὲς
1166 3615 1338 3701 λεπτομερές
1354 3612 1429 3682 άπο-

286 3717 380 3804 δείξῃ,
408 3720 479 3787 αύτό
503 3719 536 3786 τό
560 3718 596 3786 όν
617 3717 672 3784 σύν
695 3720 782 3804 σαρκί
802 3720 854 3784 καί
876 3715 996 3795 όστέοις.
1040 3717 1128 3783 Μετά
1153 3717 1208 3806 γάρ
1231 3715 1264 3784 τό
1289 3721 1431 3795 είςελθεῖν

286 3817 375 3892 ίόθῑξε
396 3830 492 3906 χεῖρας
506 3825 557 3889 καλ
573 3821 670 3898 πόδας
686 3823 737 3887 καί
754 3819 883 3906 πλευράν
899 3822 1092 3907 νενομμένην,
1114 3818 1202 3886 όστέα
1216 3846 1247 3887 τε
1262 3823 1315 3888 καλ
1329 3828 1430 3906 νεῦρα,

285 3918 336 3983 καί
351 3915 453 3999 τάλλα,
476 3922 517 3999 τός
533 3924 572 4007 μή
589 3922 663 3990 είναι
678 3926 844 4005 φαντασίαν
864 3921 900 3987 τά
917 3920 1059 4008 όροόμενα.
1106 3922 1240 4000 Πίστεύς
1261 3949 1292 3990 τε
1315 3925 1364 3989 καί
1385 3924 1429 3988 έλ-

172 4052 228 4100 ινῑε·
241 4038 273 4082 ⁵⁰·
287 4022 374 4096 πέδοι·
388 4026 440 4102 τῆς
455 4019 594 4110 ἡμετέρας
610 4025 665 4110 τὴν
681 4023 839 4109 ύπόσχεσιν
855 4027 981 4091 έποιεῖτο
1005 4022 1042 4090 δι’
1058 4025 1166 4091 ἑαυτοῦ
1183 4023 1220 4090 τό
1237 4023 1291 4092 tta
1306 4028 1427 4097 τελείας.

319 4247 379 4296 (ἔτι.
395 4246 425 4296 11.
444 4272 476 4282 -
513 4245 535 4296 1.
552 4249 657 4298 Γοτίαετε
674 4244 732 4303 τίπτ’.
869 4248 940 4314 „Sed
957 4249 1052 4301 deitate
1068 4248 1140 4300 timul
1155 4248 1180 4299 in
1197 4265 1227 4299 ει
1242 4262 1306 4316 quae
1320 4244 1426 4298 honae·

317 4314 342 4365 ¹2.
358 4309 483 4366 ἀθανάτου
498 4313 585 4379 γεῦσίς
607 4331 635 4366 τε
653 4315 760 4371 θανάτου
784 4332 838 4368 ιιιισ
869 4328 928 4367 sunt
945 4328 970 4368 ετ
992 4318 1045 4369 fieri
1061 4317 1194 4386 oportebat
1211 4314 1382 4367 comminuto
1395 4332 1428 4367 το

284 4387 317 4432 est
338 4384 473 4432 emendatio.
507 4382 572 4431 utri
587 4384 670 4433 tutent
691 4377 710 4450 ἦ
729 4381 836 4438 θανάτου
870 4387 1061 4454 comprobante,
1088 4396 1113 4436 et
1133 4403 1163 4436 ει
1184 4400 1248 4451 quae
1270 4392 1339 4433 extra
1362 4400 1425 4451 ρεο·

283 4450 385 4569 γεῦὅχὶ,
401 4447 489 4570 χχῦσίς
503 4464 531 4501 τε
546 4445 669 4570 Ῑθανξτέιχχ
685 4446 703 4505 ἅ
736 4471 744 4504 ι
759 4457 808 4501 att
870 4467 952 4507 αττεμπτ
960 4464 1018 4507 sunt
1028 4465 1054 4506 et
1063 4452 1224 4506 mutationem
1239 4449 1425 4504 interdictam.“

377 4554 386 4571 ο
437 4554 445 4568 σ
469 4543 504 4557 '-
562 4553 570 4569 ⁸
793 4534 838 4573 m:
