3046 5084
383 368 519 421 canaan
535 370 598 421 ma.
613 372 633 420 1.
648 369 731 422 nom.
746 369 778 422 ιι.
795 368 895 419 nana.
909 368 1020 419 xxxn.
1214 355 1277 419 389

127 515 194 558 cum
210 492 239 556 id
255 511 322 556 esse
340 489 447 577 poterit
465 489 542 574 quod
557 489 585 552 ei
602 488 756 553 subiicitur
772 490 908 552 dextrum
924 499 975 552 aut
993 487 1159 552 sinistrum:
1191 497 1277 572 atque

127 597 166 660 ita
184 596 219 660 ad
236 616 321 658 onam
342 593 486 677 quandam
504 601 638 654 naturam
655 591 793 655 universa
811 596 993 678 releventur,
1025 623 1082 684 qna
1098 598 1169 664 nibil
1184 611 1278 677 neque

126 699 260 784 superius
276 697 316 760 sit
332 715 427 780 neque
444 694 568 757 interius
585 693 769 771 iulimumm,
795 707 996 783 praeterquam
1011 724 1085 786 quae
1103 703 1137 766 ab
1156 722 1191 764 eo
1208 717 1278 759 eon·

126 803 185 866 dita
200 811 285 879 sunt,
310 799 423 881 eritque
439 795 574 860 veritatis
588 795 688 880 goaris
704 796 777 860 baud
795 798 968 881 obscurum,
993 826 1079 868 unum
1095 805 1179 868 deum
1197 825 1275 882 esse,

127 915 257 990 patrem,
290 901 378 964 filium
399 910 428 961 et
444 898 576 984 spiritum
594 909 738 962 sanctum.
786 898 1069 971 lamsiucusdeus
1089 917 1150 984 est,
1185 927 1276 989 aquo

127 1017 197 1070 sunt
213 1004 322 1083 omnia,
348 1001 419 1088 nihil
435 1021 530 1085 neque
542 999 705 1079 sinistrum,
727 1023 822 1087 neque
838 1005 892 1067 alia
909 1007 1022 1072 ratione
1039 1009 1178 1072 deliniens
1192 1007 1278 1070 inerit

126 1109 198 1193 ipsi,
231 1126 324 1189 neque
347 1103 470 1168 interius
493 1114 610 1188 praeter
630 1103 678 1166 illa
700 1126 773 1188 quae
797 1110 973 1190 procreavit.
1020 1106 1128 1174 Cetera
1146 1119 1212 1196 post
1229 1132 1277 1195 pa-

128 1224 201 1274 trem
224 1209 311 1272 filium
334 1206 523 1291 spiritumque
540 1215 671 1269 sanetum
692 1205 843 1292 praeclare
861 1209 897 1272 ab
916 1232 952 1273 eo
969 1213 1107 1296 producta
1127 1223 1212 1292 sunt,
1245 1233 1278 1274 ac

129 1313 200 1376 citra
222 1311 308 1374 ullam
331 1306 469 1375 invidiam
493 1307 610 1392 egregie
632 1309 802 1373 constituta.

213 1410 299 1496 Quod
317 1411 341 1475 si
360 1410 501 1475 eiusmodi
522 1410 636 1495 quidam
657 1410 741 1475 uobis
760 1432 776 1476 e
792 1413 912 1478 latebris
928 1417 1049 1481 eductus
1064 1436 1188 1502 serpens
1204 1417 1276 1480 obii·
1303 1420 1362 1487 cap.
1379 1422 1409 1471 1¹·

128 1519 185 1584 ciat
199 1516 236 1580 ab
252 1536 310 1578 nno
326 1535 392 1577 esse
409 1513 514 1577 dextra
530 1513 640 1599 pariter
654 1524 684 1577 et
697 1514 829 1594 sinistra,
854 1518 930 1601 quod
945 1517 1038 1604 ipsum
1056 1521 1085 1583 in
1100 1539 1203 1583 eorum
1217 1541 1277 1583 me-

127 1621 174 1684 dio
190 1629 341 1695 versetur,
365 1615 478 1700 sibique
494 1637 568 1700 quae
583 1617 686 1679 dextra
703 1629 770 1680 sunt
787 1619 945 1700 adsciscat,
970 1622 1064 1707 iisque
1082 1623 1224 1706 gaudeat,
1250 1632 1279 1684 et

127 1725 226 1788 eadem
247 1722 418 1785 dextrorum
443 1740 478 1781 ac
497 1718 613 1782 luminis
636 1719 761 1803 appellet
779 1722 913 1800 nomine,
945 1734 1046 1786 eontra
1066 1745 1138 1787 vero
1157 1724 1276 1786 sinistra

128 1836 262 1909 tauquam
279 1845 297 1886 a
313 1843 345 1886 se
361 1821 457 1884 aliena
473 1831 504 1882 et
516 1820 546 1883 in
561 1820 643 1883 laeva
661 1832 744 1905 parte
760 1823 899 1887 collocata
914 1826 1058 1910 repudiet,
1078 1824 1155 1888 dicat
1168 1847 1278 1909 quaeso

126 1929 201 1993 unde
221 1925 299 1991 illam
319 1922 510 2010 geometriam
531 1923 678 2001 hauserit,
713 1934 745 1985 ut
763 1924 897 1988 dextram
915 1927 1121 2011 sinistramque
1139 1928 1203 1990 sine
1222 1927 1278 1990 ulla

126 2029 286 2095 mutatione
308 2037 490 2091 constantem
514 2026 665 2089 commode
693 2026 840 2089 metiatur.
891 2025 967 2090 Nam
996 2029 1070 2112 apud
1094 2051 1149 2092 nos
1174 2030 1279 2093 dextra

125 2134 283 2198 sinistrave
304 2128 483 2214 quorundam
507 2128 621 2190 ratione
641 2127 854 2206 membrorum,
887 2150 960 2212 quae
981 2131 1039 2192 lixa
1057 2141 1143 2210 sunt,
1173 2132 1278 2194 merito

126 2246 287 2313 vocantur,
312 2253 387 2316 quae
405 2231 564 2316 permutari
582 2230 707 2293 invicem
727 2241 885 2314 nequeunt.
932 2230 1017 2316 Quae
1033 2253 1105 2295 vero
1120 2243 1205 2296 extra
1225 2256 1278 2296 nos

123 2321 209 2416 suut,
235 2336 307 2400 alias
326 2335 430 2398 dextra
446 2333 535 2410 liunt,
560 2331 633 2396 alias
649 2333 780 2396 sinistra.
826 2331 943 2396 Etenim
963 2335 1009 2418 qui
1028 2355 1061 2397 se
1080 2335 1114 2397 ad
1134 2336 1276 2398 orientem

124 2440 301 2516 obverterit,
334 2437 380 2500 bic
400 2435 436 2499 ad
455 2436 589 2499 dextram
606 2446 735 2500 austrum
752 2437 815 2500 sive
833 2436 982 2499 meridiem
1003 2435 1136 2514 babebit,
1161 2448 1278 2521 septen-

125 2545 236 2608 triones
254 2541 289 2605 ad
306 2539 465 2604 sinistram.
512 2534 567 2602 Sin
583 2537 764 2606 occidentem
780 2560 883 2602 versus
901 2560 968 2602 sese
983 2540 1175 2616 converterit,
1196 2562 1277 2602 ιιιιιιι-

124 2647 152 2712 di
175 2645 216 2711 illi
241 2641 377 2707 cardines
402 2641 527 2704 diversis
550 2640 715 2705 nominibus
739 2643 916 2720 allicientur,
948 2663 1079 2726 quaeque
1102 2643 1186 2728 paulo
1209 2653 1277 2705 ante

123 2752 230 2814 dextra
252 2748 349 2810 luerat
369 2743 523 2823 meridies,
556 2745 585 2807 in
604 2743 753 2808 sinistram
774 2745 947 2822 mutabitur,
980 2766 1054 2829 quae
1074 2747 1108 2809 ad
1129 2746 1276 2809 sinistram

124 2871 249 2936 vergere
266 2847 417 2912 dicebatur
433 2846 557 2910 bominis
575 2847 755 2931 aquilonaris
772 2848 873 2930 regio,
898 2849 932 2910 ad
949 2849 1101 2911 dexteram
1118 2870 1183 2913 esse
1200 2849 1277 2912 dice-

125 2967 183 3020 tur.
229 2949 353 3017 Ubinam
370 2971 442 3032 ergo
461 2959 611 3014 veterator
627 2950 683 3012 iste
701 2970 782 3012 suam
799 2950 878 3012 illam
898 2951 1072 3014 modulando
1088 2953 1144 3015 deo
1160 2973 1278 3036 geome-

125 3058 208 3121 triam
225 3053 354 3140 reperit?
391 3049 418 3116 0
435 3051 634 3115 incredibilem
650 3052 814 3115 futilitatem
829 3065 915 3138 atque
932 3055 1069 3117 universa
1086 3056 1273 3118 miscentem!

49 3236 52 3240 ¹
125 3158 211 3244 Quod
229 3178 300 3222 vero
317 3165 382 3242 post
399 3155 519 3238 triginta
535 3153 601 3218 illos
616 3154 738 3217 Aeonas
752 3155 895 3218 delectum
913 3140 1049 3220 extitisse
1066 3168 1183 3236 narrat,
1207 3158 1278 3220 libet

123 3264 159 3327 de
178 3282 214 3324 eo
231 3257 387 3323 sciscitari.
434 3255 515 3320 Heus
534 3258 581 3320 tul
628 3253 719 3320 Potes
739 3258 836 3320 dicere
856 3260 932 3322 unde
950 3260 1026 3322 illius
1045 3261 1175 3322 delectus
1194 3270 1278 3322 natu-

122 3386 186 3430 ram
205 3385 239 3426 ac
256 3361 467 3425 desciscentem
486 3357 633 3423 Virtutem
653 3362 848 3444 cognoveris?
893 3358 926 3424 Si
945 3361 1021 3424 euim
1041 3383 1057 3423 a
1077 3361 1276 3446 superioribus

123 3466 279 3555 pullulasse
296 3464 393 3542 dicus,
418 3482 476 3526 uon
494 3473 640 3543 creatam,
665 3463 716 3526 sed
731 3465 871 3548 genitam,
896 3487 959 3527 enm
977 3486 1015 3528 ex
1033 3474 1130 3526 tuaac
1146 3464 1278 3548 magistri

114 3571 165 3637 ‘tui
184 3567 328 3635 sententia
348 3587 422 3651 qnae
442 3565 559 3629 condita
578 3576 647 3629 sunt
666 3588 724 3629 uon
745 3578 843 3630 ereata
864 3569 990 3647 luerint,
1022 3566 1073 3630 sed
1094 3566 1210 3650 genita,
1243 3590 1277 3631 ae

126 3673 248 3760 quaevis
266 3681 370 3735 natura
386 3670 507 3754 quadam
523 3668 559 3732 ab
575 3667 669 3733 altera
684 3671 945 3734 communicatione
961 3671 1139 3733 transfusum
1156 3669 1184 3732 id
1201 3669 1276 3754 quod

125 3777 212 3842 babet
230 3773 379 3860 acceperit
396 3784 483 3857 atque
503 3771 532 3835 in
555 3771 648 3836 lucem
670 3773 826 3859 prodierit,
856 3775 913 3836 iam
937 3773 998 3857 ipse
1018 3771 1205 3836 confessione
1228 3786 1276 3837 tua

125 3879 255 3945 induaris
275 3887 401 3963 oportet.
446 3872 564 3939 Etenim
585 3875 611 3939 si
631 3897 647 3938 a
665 3876 866 3962 superioribus
886 3876 1032 3960 posterior
1049 3875 1098 3938 illa
1117 3872 1221 3940 Virtus
1242 3897 1276 3938 ac

125 3985 258 4048 delectus
275 3980 426 4058 extiterit,
448 3978 585 4063 indeque,
608 3991 639 4042 ut
656 3979 696 4042 ita
712 3979 826 4064 loquar,
852 3978 1009 4063 pullularit,
1033 3978 1090 4042 erit
1105 3968 1192 4064 place
1208 4001 1276 4043 coe-

125 4084 241 4152 lestium
255 4091 492 4148 ornamentorum
506 4081 663 4168 particeps,
681 4081 912 4167 qnandoquidem
926 4103 1079 4146 commune
1091 4081 1197 4167 aliquid
1211 4104 1275 4146 eum

123 4187 290 4254 Pleromate
312 4185 398 4248 babet
419 4183 468 4247 illa
486 4185 648 4269 posterior,
680 4195 710 4248 et
731 4206 794 4247 eum
816 4185 978 4269 posteriore
995 4182 1148 4264 Pleroma3
1181 4207 1274 4271 neque

124 4289 202 4357 aliud
217 4290 252 4354 ab
269 4289 363 4354 altero
379 4287 541 4366 dissidebit,
565 4308 629 4351 eum
647 4298 771 4370 utraque
787 4289 986 4353 eonrmnnibns
1002 4288 1126 4353 invicem
1144 4289 1275 4353 terminis

125 4479 220 4540 Δίὥιος
236 4478 397 4548 γεγενῆσθαι.
434 4480 470 4541 cl.
485 4491 560 4541 supro
576 4492 631 4541 cop.
644 4475 666 4527 l.
718 4480 842 4540 Petuctm,
860 4493 889 4528 ea
908 4478 1015 4529 Votteont
1031 4480 1117 4528 codicis
1132 4481 1276 4529 auctoritate.

156 4546 182 4602 l.
198 4551 243 4613 tta,
257 4555 381 4612 prosumo
397 4550 511 4599 Cornuto
525 4545 578 4610 (qut
592 4547 685 4609 quidem
716 4550 790 4596 Antea
805 4549 866 4596 entra
879 4550 967 4599 editum
981 4550 1099 4610 tepebotur
1113 4546 1157 4600 καὶ
1171 4544 1218 4605 τὰς
1231 4541 1276 4598 αι’-

18 4653 24 4664 .
125 4620 193 4671 aerae
208 4626 296 4668 contra
312 4624 341 4667 te
354 4616 436 4684 ipsum
453 4614 568 4684 armaris)
587 4618 687 4667 ceuceu
717 4615 762 4669 τοῦ
780 4610 878 4678 delcit.
