3046 5084
258 307 319 367 20ss
677 314 797 366 SANCTI
815 312 982 364 EPIPHANH

258 435 293 499 ἐκ
307 439 360 514 τῆς
376 429 467 512 αὐτῆς
483 437 646 514 περιφορᾶς
662 432 731 508 είσι,
751 431 803 493 καὶ
820 426 931 512 όμοίιος
944 424 1019 492 κατύ
1033 424 1088 508 την
1103 432 1157 490 τοῦ
1170 422 1267 506 Ἰησοῦ
1283 424 1405 494 πόντων

256 531 478 618 καταφρόνησιν
504 529 712 613 ποιησάμεναι·
741 533 791 594 καί
816 533 850 594 αί
872 536 979 608 πᾶσαι,
1008 529 1097 608 φασί,
1123 529 1217 610 ψυχαὶ
1237 534 1292 609 τῆς
1311 525 1406 612 αῦτῆς

257 634 409 716 δυνάμεως
425 631 596 715 ἠξιώθησαν
613 625 649 713 ἧς
663 633 714 696 καὶ
730 638 782 696 τοῦ
796 628 897 713 Ἰησοῦ
913 628 1040 710 ἠξίωται.
1084 626 1140 693 Διό
1155 630 1207 693 καί
1224 628 1315 693 ταῦτά
1329 653 1406 710 φασι

256 746 358 819 χωρεῖν
378 734 428 800 διδ
448 734 545 817 πόσης
566 733 712 816 πράξεως,
733 731 871 815 καθάπερ
894 729 991 814 ύμέλει
1009 732 1060 795 καί
1080 729 1169 812 ητοῦ
1186 728 1287 813 Ἰησοῦ
1310 731 1406 815 διελή-

136 875 187 920 pag.
200 863 245 906 τοι.
258 846 359 903 λυθεν.
402 840 445 900 Εἰ
461 838 492 900 δὲ
507 840 557 901 καί
573 863 617 910 τις
632 833 720 899 πόλιν
737 839 882 916 δυνηθείη
904 829 979 917 ύιιέρ
1002 832 1053 897 τόν
1075 830 1195 914 Ἰησοῦν
1217 840 1405 919 καταφρονῆ-

256 962 320 1019 σαι,
344 937 562 1022 διαφορότερος
583 939 662 1001 ἐσται
683 933 785 1000 αύτοῦ.

123 1051 189 1119 Κεφ.
207 1048 239 1119 γ’.
338 1037 531 1122 Ἐπιχειροῦσι
549 1039 580 1102 δέ
599 1041 630 1103 οἱ
645 1045 698 1118 τῆς
718 1034 863 1117 ύθεμίτου
878 1033 987 1115 ταύτης
1007 1041 1109 1117 σχολῆς
1130 1039 1272 1112 παντοίας
1297 1039 1402 1120 ἐπιχει-

256 1141 354 1227 ρήσεις
374 1146 479 1206 δεινῶν
498 1142 591 1224 έργων
610 1141 662 1202 καλ
677 1136 839 1221 όλετηρίαν.
889 1141 1030 1220 ιΜαγεία
1052 1136 1106 1221 γόρ
1129 1135 1196 1220 παρ’
1217 1134 1319 1214 αύτοῖς
1340 1142 1401 1205 ἐπι·

255 1241 405 1324 νενόηται,
427 1240 542 1329 ἐπφδύς
561 1265 590 1304 τε
605 1237 771 1323 διαφόρους
791 1236 867 1324 πρός
883 1246 982 1302 πᾶσαν
999 1237 1129 1320 μηχανήν
1145 1238 1312 1324 ἐφηύραντο
1325 1240 1403 1326 πρός

257 1348 362 1427 φίλτρα
379 1344 429 1406 καὶ
446 1341 611 1426 2ύγόγιμα.
658 1339 704 1404 ou}
720 1339 778 1422 μην
795 1341 826 1404 δέ
845 1338 914 1404 ύλλύ
930 1341 981 1404 καὶ
997 1341 1164 1423 παρέδρους
1179 1343 1320 1424 δαίμονας
1334 1344 1400 1408 ἐαυ-

255 1455 319 1520 τοῖς
344 1447 538 1521 ἐπισπῶνται,
567 1446 608 1518 είς
632 1441 664 1508 τό
688 1440 738 1507 διό
762 1449 870 1523 πολλῆς
895 1436 1069 1526 μαγγανείας
1092 1444 1124 1507 ἐν
1150 1445 1266 1530 ἐξουσία
1292 1444 1401 1535 μεγύλη

255 1546 389 1624 πάντων,
415 1547 528 1625 8φασὶ,
550 1544 698 1629 κυριεύειν
714 1536 756 1608 οἷν
772 1541 855 1607 τεόν
870 1545 968 1608 ἐθέλοι
984 1545 1107 1619 ἕκαστος
1121 1545 1171 1608 καί
1189 1536 1207 1633 ᾗ
1221 1544 1324 1629 πράξει
1337 1549 1401 1613 ἐπι-

254 1656 359 1733 χειρεῖν
370 1646 518 1729 τολμήσειε
532 1650 625 1728 δῆθεν
639 1644 762 1720 ἑαυτούς
776 1648 973 1721 ἐξαπατῶντες
985 1642 1061 1728 πρός
1072 1649 1276 1732 πληροφορίαν
1289 1655 1342 1730 τῆς
1355 1673 1400 1714 τε·

254 1751 447 1831 τυφλωμένης
462 1745 560 1813 αύτῶν
577 1752 724 1827 διανοίας,
746 1746 792 1812 ότι
808 1750 988 1811 αἱτοιαῦται
1005 1746 1178 1833 ἐγχειρήσας
1191 1747 1399 1832 κατισχῦσασαι

254 1849 304 1917 διό
329 1858 389 1916 τῶν
414 1848 563 1915 τοσούτων
588 1849 737 1933 πράξεων,
765 1851 816 1913 καὶ
843 1847 1104 1934 καταφρονησασαι
1127 1855 1186 1914 τῦν
1210 1859 1400 1933 κοσμοποιεῖν

253 1952 409 2039 Ἀγγέλοιν,
430 1954 481 2017 καί
498 1959 557 2016 τῶν
574 1954 604 2017 ἐν
618 1959 658 2039 τῷ
675 1949 776 2040 κόσμῳ
794 1949 1008 2035 ύιιερβαίνουσι
1027 1949 1081 2033 την
1102 1956 1162 2015 τῶν
1183 1949 1280 2017 αύτοῦν
1300 1962 1398 2035 μυθο·

254 2063 348 2121 ποιοῦν
369 2051 417 2136 (ού
439 2053 494 2139 γύρ
518 2051 555 2118 σίν
576 2058 690 2135 εἴποιμι
710 2060 910 2135 κοσμοποιῦν)
932 2054 1080 2131 ἐξουσίαν,
1102 2051 1185 2129 ὅπως
1202 2051 1241 2118 δίν
1259 2052 1313 2137 την
1335 2053 1397 2122 ἅνοο

253 2160 423 2242 ἐλευθερίαν
440 2154 643 2235 όσιιύσωνται,
666 2153 782 2237 κοίτην
799 2152 859 2219 ύνοο
875 2160 981 2235 πτῆσιν
997 2152 1186 2236 *κτήσαιντο
1229 2158 1301 2221 Είσί
1315 2157 1348 2222 δέ
1364 2159 1398 2223 ἐκ

252 2266 305 2324 τοῦ
321 2265 440 2323 Σατανᾶ
457 2259 721 2343 παρεσκευασμένοι
739 2258 789 2321 καί
806 2257 1037 2340 προβεβλημένοι
1057 2259 1098 2331 είς
1113 2255 1229 2334 όνειδος
1245 2259 1297 2323 καί
1311 2255 1398 2323 σκύν-

252 2364 341 2426 δαλον
359 2367 412 2443 της
428 2368 482 2426 τοῦ
499 2368 574 2425 θεοῦ
597 2363 756 2440 ἐκκλησίας.
796 2355 955 2423 Ἐπέθεντο
973 2355 1028 2442 γύρ
1051 2360 1167 2435 ἑαυτοῖς
1186 2361 1304 2444 ἐπίκλην
1323 2366 1396 2443 Χρι-

251 2464 381 2539 στιανοὶ,
402 2460 479 2548 πρός
499 2462 532 2527 τό
556 2466 795 2538 σκανδαλίζεσθαι
811 2457 848 2524 τοί
868 2461 944 2541 έθνη
968 2457 1006 2524 δι’
1024 2457 1123 2527 αύτοῑν
1142 2462 1193 2527 καί
1215 2459 1395 2546 ότιοστρίφε-

251 2575 324 2630 σθαι
343 2562 395 2646 την
411 2571 462 2645 τῆς
479 2560 564 2648 ύγίας
582 2570 635 2627 τοῦ
652 2569 729 2627 θεοῦ
745 2565 897 2642 ἐκκλησίας
911 2559 1054 2641 ω’φέλειαν
1067 2564 1119 2627 καί
1134 2560 1169 2628 τό
1184 2560 1327 2645 οίληθινόν
1340 2561 1393 2644 κή-

251 2693 347 2751 ρυγμα
369 2662 420 2730 διό
443 2671 496 2745 τῆς
518 2667 638 2729 ἐκείνων
662 2661 890 2747 ύθεμιτουργίας
912 2664 962 2727 καλ
986 2660 1159 2729 ύνεικύστου
1181 2667 1392 2748 κακοπραγίας,

251 2770 293 2842 είς
306 2765 339 2832 τό
358 2764 394 2831 τό
412 2768 487 2847 ἐθνη
505 2773 705 2830 κατανοοῦντα
720 2762 818 2830 αῦτοῦν
835 2765 871 2829 τό
890 2764 1034 2847 ἐπάλληλα
1053 2768 1124 2852 ἐργα
1142 2773 1202 2832 τοῦν
1217 2762 1393 2851 ύθεμιτουρ-

251 2876 339 2955 γοῦν,
362 2872 521 2950 νομίσαντα
536 2870 587 2933 καί
601 2867 671 2943 τούς
686 2875 739 2950 τῆς
752 2865 836 2953 όγίας
852 2875 905 2933 τοῦ
923 2875 999 2932 θεοῦ
1017 2870 1169 2950 ἐκκλησίας
1183 2866 1336 2945 τοιούτους
1354 2864 1393 2933 εί·

249 2999 313 3050 ναι,
337 2968 546 3054 ύποστρέφειν,
575 2967 616 3046 ύς
639 2973 687 3036 καί
704 2979 865 3054 προεῖπον,
893 2968 947 3052 την
968 2967 1062 3052 όκοὴν
1084 2968 1144 3035 οίπό
1169 2978 1224 3053 τῆς
1243 2978 1296 3038 τοῦ
1316 2978 1395 3037 θεοῦ

248 3071 324 3139 κατό
347 3069 488 3154 ύλήθειαν
511 3076 712 3151 διδασκαλίας,
741 3071 762 3154 ἢ
784 3074 836 3137 καὶ
862 3069 995 3156 δρῶντός
1015 3098 1096 3148 τινας
1120 3072 1260 3149 ιἐπόντας
1284 3069 1395 3155 όμοίοος

249 3184 440 3263 βλασφημεῖν.
484 3177 544 3238 Καὶ
562 3173 668 3239 τούτου
687 3177 773 3240 ἕνεκα
796 3177 827 3239 οί
846 3179 965 3250 πλείους
986 3181 1045 3239 τῶν
1067 3177 1167 3239 ἐθνοῖν
1184 3172 1287 3239 θῦπου
1307 3172 1334 3260 γ’
1354 3173 1395 3239 ἐν

248 3282 335 3344 ἐδασι
355 3275 521 3356 τοιούτους,
551 3273 618 3340 ούτε
639 3277 688 3341 ἐπί
708 3281 848 3363 κοινωνίᾳ
873 3273 945 3359 ἡμῖν
963 3277 1181 3361 προςφέρονται
1199 3278 1390 3357 ληψοδοσίας,

248 3378 417 3465 ἢγνύμης,
439 3376 568 3459 ἢοίκοῦγς
584 3376 673 3463 λόγου
689 3383 791 3456 θείου,
814 3376 880 3443 ούτε
900 3376 954 3460 τήν
970 3375 1065 3461 οίκοήν
1084 3378 1264 3458 ἐντιθέασιυ,
1283 3378 1389 3461 &mve-

249 3484 332 3562 μένοι
353 3479 414 3548 ύπό
435 3488 489 3564 τῆς
508 3487 567 3545 τῶν
588 3478 740 3562 οἷθεμίταν
760 3478 974 3566 ἀνοσιουργίας.

117 3812 182 3883 329,
200 3810 232 3868 γ,
335 3791 405 3853 Εἰσί
428 3791 459 3855 δὲ
475 3792 507 3855 ἐν
526 3788 637 3878 ύσατίη
658 3792 855 3864 διατελοῦντες
872 3781 969 3868 οῦτοι,
997 3790 1049 3853 καί
1069 3794 1131 3854 πᾶν
1153 3783 1255 3853 ότιοῦν
1275 3783 1391 3874 ἐργαζό·

250 3914 333 3974 μενοι
349 3888 424 3975 πρός
440 3889 602 3958 εύπύθειαν
616 3890 774 3975 σωμάτιον,
795 3888 867 3974 ἡμῖν
884 3892 916 3957 δέ
936 3890 1013 3967 ὅλοις
1035 3888 1091 3956 ούκ
1112 3893 1286 3976 ἐγγίζοντες,
1308 3892 1335 3955 εί
1348 3886 1391 3971 μή

249 4020 278 4058 τι
297 3990 354 4076 ύρα
374 3991 449 4077 πρός
466 3993 498 4060 τό
517 3994 646 4059 δελεάσαι
669 3992 769 4077 ψογύς
790 3991 981 4078 ύοτηρίκτους
1005 3995 1036 4058 ἐν
1058 3999 1095 4083 τῇ
1117 3990 1214 4059 αύτῦν
1232 3994 1390 4058 κακοδιδσ-

248 4100 360 4184 σκαλίφ.
405 4097 462 4169 Eis
475 4094 560 4160 οῦδὲν
576 4095 631 4182 γόρ
649 4094 721 4179 ἡμῖν
738 4094 924 4178 όμοιοῦυται·
945 4093 967 4178 ἢ
987 4094 1080 4178 μόνον
1096 4092 1219 4178 όνόματι
1235 4100 1389 4159 καλεῖσθαι

248 4197 454 4280 σεμνύνονται,
476 4197 559 4273 ὅπως
576 4198 626 4263 διό
641 4206 695 4264 τοῦ
713 4196 858 4281 όνόματος
878 4205 932 4262 τοῦ
948 4196 1127 4263 ἐπιπλόστου
1147 4194 1185 4261 τοί
1204 4200 1257 4277 τῆς
1275 4194 1388 4259 ἐαυτοῖν

130 4332 181 4377 μς.
195 4320 239 4365 ιοσ.
252 4305 357 4376 κακίας
372 4296 557 4386 ἐργάσωνται.
603 4299 642 4366 Τό
661 4302 692 4365 δέ
707 4306 796 4385 κρίμα
817 4298 931 4366 τούτων
952 4297 1027 4365 κατό
1044 4297 1079 4366 τό
1095 4297 1295 4386 γεγραμμένον
1312 4296 1388 4362 ἐνδυ·

285 4473 342 4523 Cn.
359 4476 401 4524 111.
419 4502 451 4513 -
488 4474 510 4524 1.
527 4471 633 4537 μείγαλη
651 4476 687 4522 τῦ.
702 4477 777 4536 princ.
835 4476 868 4526 οδ
883 4478 1010 4525 Ατοοοίοιιι
1027 4478 1066 4524 λεδ.
1081 4476 1116 4535 1.,
1129 4486 1155 4534 ο.
1170 4465 1211 4523 42

282 4542 308 4595 2.
329 4545 365 4605 Cf.
382 4546 411 4594 δι
427 4545 469 4595 hoc
482 4542 596 4592 νοσοουίο
610 4543 688 4592 θεοῦ
705 4544 801 4592 Herum.
867 4541 893 4595 3.
909 4558 975 4608 φησι
990 4544 1041 4594 οοδ
1054 4542 1151 4605 Rhodio.
