3046 5084
138 307 199 369 406
562 320 683 372 ελνοσι
702 321 871 371 τοιουτου

138 455 184 499 σιν
200 441 259 498 τῶν
276 436 481 521 πρεσβυτέρων
497 433 590 520 άμάν.
639 445 733 503 Τοῦτο
752 439 783 502 δέ
798 435 919 513 Ἡσαΐας
936 435 1117 520 ἐξεφώνησεν
1134 433 1252 516 είιτάν,
1275 434 1314 502 ‘0

139 533 210 611 λαός
227 529 314 612 οὗτος
330 546 392 612 τοῖς
407 542 508 620 χείλεσί
523 565 558 620 με
574 546 657 627 τιμᾷ,
680 538 699 623 ἡ
717 541 749 604 δέ
767 543 875 624 καρδία
892 536 990 604 αῦτῶν
1007 537 1110 624 πόρρω
1128 536 1235 622 ἀπέχει
1254 537 1310 604 ἅττ’

140 640 226 720 ἐμοῦ·
259 637 354 720 μάτην
370 640 402 703 δὲ
418 642 554 722 σέβονταί
570 668 618 723 με,
648 642 837 718 διδάσκοντες
858 645 1106 720 ιλδιδασκαλίας,
1135 640 1312 725 ἐντάλματα

140 738 319 825 άνθρσόπσιν.
363 749 478 824 Σαφῶς
500 736 555 808 οῦν
577 747 609 808 ἐκ
629 743 741 811 τούτων
762 748 804 820 είς
826 748 891 829 τρία
915 743 1120 830 διαιρούμενος
1139 741 1159 809 6
1179 743 1310 827 σῦμπας

139 845 249 918 έκεῖνος
267 847 413 910 δείκνυται
429 845 526 927 νόμος.
573 849 728 922 Μοιϋσέως
741 873 772 911 τε
789 845 846 932 γάρ
863 844 974 925 αῦτοῦ,
996 849 1121 911 καὶτῶν
1138 848 1309 932 πρεσβντέ·

19 978 68 1021 pag.
80 966 125 1010 νιν.
139 972 216 1030 ρων,
245 947 295 1010 καὶ
318 945 408 1011 αὐτοῦ
430 955 484 1012 τοῦ
507 957 583 1012 θεοῦ
605 948 728 1032 εῦρομεν
749 952 929 1031 νομοθεσίαν
951 951 983 1014 έν
1001 945 1090 1037 αὐτῷ.
1134 947 1225 1031 Αῦτη
1251 951 1309 1033 μέν

12 1255 78 1324 Κεφ.
95 1254 124 1309 ε’.

140 1040 196 1112 οῦν
217 1046 237 1131 ά
257 1052 397 1130 διαίρεσις
419 1058 471 1114 τοῦ
493 1053 664 1133 σύμπαντος
687 1054 800 1117 έκείνου
820 1051 917 1133 νόμον
939 1044 996 1116 ὦδε
1018 1048 1090 1134 ἡμῖν
1112 1054 1309 1137 διαιρεθεῖσα

140 1147 173 1215 τό
197 1153 228 1215 έν
250 1149 328 1239 αὐτῷ
350 1150 460 1232 άληθές
481 1150 696 1239 άναττέφαγκεν.

229 1251 324 1317 Πάλιν
338 1255 369 1318 δὲ
385 1253 423 1337 δη
438 1254 470 1319 τό
484 1259 517 1319 ’ἓν
532 1256 635 1340 μέρος,
658 1254 676 1320 6
694 1253 787 1320 αῦτοῦ
800 1263 854 1321 τοῦ
869 1263 946 1321 θεοῦ
962 1253 1063 1338 νόμος,
1087 1258 1248 1341 διαιρεῖται
1265 1259 1310 1334 είς

141 1359 206 1438 τρία
222 1353 302 1434 τινά,
326 1359 368 1430 είς
385 1382 415 1420 τε
431 1356 485 1438 τήν
499 1356 640 1440 καθαράν
652 1363 847 1440 νομοθεσίαν,
870 1357 924 1441 τὴν
940 1355 1131 1440 άσῦμπλοκον
1147 1365 1190 1446 τῷ
1205 1367 1308 1447 κακῷ,

141 1455 175 1532 δς
191 1457 240 1521 καί
257 1462 367 1542 κυρίως
386 1458 491 1539 Νόμος
505 1461 631 1544 λέγεται,
659 1460 694 1525 δν
709 1459 766 1526 οῦκ
781 1453 856 1543 ἦλθε
874 1467 1033 1526 καταλῦσαι
1049 1458 1067 1526 6
1083 1458 1198 1546 σωτὴρ,
1228 1458 1308 1527 άλλά

140 1566 294 1644 πληρῶσαι
311 1558 358 1636 (ου’
371 1559 426 1646 γάρ
441 1556 478 1644 ἦν
492 1560 641 1648 άλλότριος
660 1561 752 1629 αῦτοῦ
769 1563 803 1628 δν
817 1561 992 1649 έπλήρωσεν,
1009 1560 1047 1628 οῦ
1060 1562 1116 1649 γάρ
1131 1559 1189 1645 εἶχε
1205 1561 1241 1629 τό
1260 1565 1308 1630 τέ·

141 1669 240 1740 λειον),
262 1665 313 1726 καί
329 1667 370 1739 είς
384 1663 416 1729 τό
432 1668 688 1751 συμπεπλεγμένον
702 1673 742 1755 τῷ
754 1671 872 1750 χείρονι,
893 1669 944 1731 καὶ
963 1663 1145 1755 1τῇάδικίρι,
1167 1663 1208 1747 ἣν
1224 1661 1308 1731 οἷνεῖ-

140 1772 188 1829 λεν
207 1762 225 1830 6
243 1765 338 1851 σωτὴρ
357 1764 502 1832 α’νοίιτειον
519 1766 589 1833 ὄντα
605 1777 642 1857 τῇ
658 1771 766 1834 ἑαυτοῦ
784 1768 885 1850 φάσει·
916 1773 1071 1855 διαιρεῖται
1088 1769 1120 1833 δὲ
1135 1769 1188 1833 καί
1206 1769 1253 1844 είς
1269 1766 1307 1835 τό

144 1867 266 1934 τυπικόν
281 1870 332 1933 καὶ
347 1869 534 1953 συμβολικόν,
557 1869 590 1936 τό
607 1868 670 1935 κατ’
687 1870 787 1937 εἰκόνα
807 1879 890 1937 2τῶν
905 1877 1113 1953 πνευματικῶν
1128 1872 1180 1934 καλ
1196 1875 1307 1953 διαφε-

142 1970 255 2059 ρόντων
270 1974 490 2055 νομοθετηθέν,
514 1973 532 2038 δ
551 1975 713 2056 μετέθηκεν
729 1971 747 2039 ό
763 1973 860 2058 σωτήρ
879 1971 940 2038 α’ττό
959 1976 1109 2056 αἰσθητοῦ
1124 1975 1175 2039 καλ
1191 1999 1305 2053 φατνο·

143 2076 233 2158 μένου
250 2077 299 2140 έπὶ
315 2074 347 2140 τό
364 2076 565 2159 πνευματικόν
579 2079 630 2142 καί
648 2075 785 2161 άάρατον.
831 2077 892 2140 Καί
909 2078 970 2141 ἔστι
985 2076 1038 2159 μέν
1055 2073 1073 2141 6
1087 2082 1140 2142 τοῦ
1153 2083 1234 2142 θεοῦ
1252 2076 1306 2145 νό-

144 2205 200 2262 μος
217 2175 235 2243 6
251 2178 386 2263 καθαρός
401 2182 451 2244 καὶ
468 2176 657 2262 άσόμπλοκος
671 2188 711 2265 τῷ
725 2184 834 2263 χείρονι
850 2176 925 2260 αῦτη
941 2175 961 2260 ἡ
976 2176 1158 2264 Δεκάλογος,
1182 2181 1216 2243 ολ
1228 2181 1305 2245 δέκα

141 2279 223 2366 λόγοι
239 2284 345 2348 έκεῖνοι
361 2286 392 2347 οἱ
409 2285 440 2347 έν
456 2293 520 2358 ταῖς
534 2284 602 2347 δυσὶ
618 2284 704 2358 πλαξὶ
720 2282 934 2363 δεδιχασμένοι,
966 2284 1008 2357 είς
1024 2305 1054 2345 τε
1071 2275 1223 2364 άναίρεσιν
1240 2288 1306 2347 τῶν

145 2383 321 2464 3άφεκτέων
337 2387 389 2448 καί
406 2388 447 2460 εἰς
462 2384 620 2470 πρόςταξιν
635 2391 694 2448 τῶν
710 2385 872 2464 ποιητέων,
895 2388 926 2447 οἳ
944 2386 1046 2469 καίπερ
1063 2380 1205 2469 καθαράν
1221 2385 1306 2467 έχον-

141 2513 188 2563 τες
204 2486 258 2570 τήν
276 2492 471 2569 νομοθεσίαν,
504 2487 544 2570 μη
563 2489 675 2570 ἔχοντες
691 2487 722 2550 δὲ
737 2484 769 2551 τῦ
787 2488 913 2563 τέλειον,
943 2487 1060 2552 έδέοντο
1079 2492 1132 2568 τῆς
1148 2483 1233 2571 παρά
1246 2493 1307 2553 τοῦ

143 2599 277 2676 σωτῆρος
292 2587 482 2674 πληρτάσεοις·
506 2587 524 2655 6
537 2591 570 2653 δέ
585 2592 644 2654 ἔστι
659 2589 913 2673 σνμπετιλεγμένος
927 2595 962 2676 τῇ
976 2585 1093 2676 άδικίμ,
1116 2579 1205 2664 οὗτος
1220 2584 1307 2657 δεεστ·

141 2692 177 2758 τά
189 2692 242 2776 την
256 2691 371 2773 άμυναν
389 2694 438 2756 καί
454 2689 654 2757 άνταπόδοσιν
666 2699 725 2756 τῶν
736 2688 1000 2774 προαδικησάντοιν
1012 2695 1161 2774 κείμενος,
1183 2688 1306 2771 όφθαλ·

142 2794 199 2879 μάν
221 2793 286 2859 άντλ
308 2792 485 2876 ὀφθαλμοῦ,
515 2796 566 2859 καὶ
588 2792 697 2860 α’δόντα
718 2792 784 2858 άντλ
806 2791 929 2868 όδόντος
946 2791 1148 2859 ἓνκόπτεσθοιι
1163 2790 1306 2877 κελεῦον,
1330 2878 1333 2885 Ι

141 2899 192 2964 καὶ
213 2896 309 2977 φόνον
331 2894 396 2961 άντὶ
414 2895 512 2977 φόνου
530 2894 710 2978 άμῦνασθαι.
758 2893 854 2960 Οὐδὲν
871 2894 927 2981 γάρ
947 2887 1036 2978 ἦττον
1057 2890 1145 2961 καλό
1163 2892 1307 2982 διάτορος

143 2998 255 3066 άδικοῖν
269 2997 374 3077 άδικεῖ,
396 3006 433 3088 τῇ
447 2998 523 3076 τάξει
540 2996 633 3080 μόνον
647 2997 835 3076 διαλλάσσειν,
858 2996 892 3064 τό
907 2995 980 3064 αῦτδ
996 2995 1187 3084 ἐργαζόμενος
1202 2998 1307 3085 ἔργον.

148 3110 241 3169 Τοῦτο
257 3103 289 3166 δὲ
303 3100 500 3186 έπρόςταγμα
514 3106 629 3167 δίκαιον
642 3102 695 3183 μὲν
709 3100 801 3177 άλλως
813 3103 864 3166 καὶ
877 3093 980 3183 ἦν’καὶ
994 3102 1066 3179 ἔστι,
1080 3097 1130 3165 διά
1143 3098 1197 3183 τὴν
1211 3098 1307 3169 άσθά-

142 3231 223 3271 νειαν
246 3212 306 3269 τῶν
328 3207 595 3288 νομοθετηθέντων
615 3207 647 3270 έν
665 3201 844 3288 παρεκβάσει
863 3211 917 3269 τοῦ
934 3209 1075 3287 καθαροῦ
1093 3200 1189 3284 νόμον
1204 3205 1307 3285 τεθὲν,

143 3308 290 3375 α’νοίκειον
308 3309 340 3374 δὲ
362 3315 422 3398 ὑτῇ
439 3316 494 3373 τοῦ
511 3305 623 3392 πατρός
639 3314 699 3371 τῶν
712 3305 788 3373 όλαν
804 3304 892 3386 φύσει
906 3331 936 3370 τε
951 3307 1003 3371 καὶ
1019 3303 1198 3392 άγαθότητι·
1231 3310 1308 3387 ἶσος

143 3414 175 3478 δέ
189 3421 275 3478 τοῦτο
291 3411 478 3494 κατάλληλον,
502 3409 662 3495 έπάναγκες
677 3410 709 3474 δέ
722 3416 839 3492 μᾶλλον.
883 3405 916 3473 Ὁ
929 3405 985 3493 γάρ
1000 3409 1053 3474 καί
1065 3406 1118 3474 τδν
1134 3410 1186 3475 ἕνα
1201 3407 1306 3488 φόνον

143 3514 180 3580 ου’
202 3515 381 3599 βουλόμενος
402 3518 522 3580 ἔσεσθαι
545 3516 576 3578 έν
597 3520 638 3601 τῷ
659 3514 767 3598 λέγειν,
800 3509 845 3577 οῦ
861 3510 1033 3593 φονεύσεις,
1064 3508 1236 3597 προςτάξας
1250 3510 1308 3579 τόν

57 3617 61 3626 '
143 3620 238 3699 φονέα
251 3616 509 3698 άντιφονεῦεσθαι,
523 3616 660 3700 δεύτερον
673 3613 766 3698 νόμον
777 3621 951 3697 νομοθετῶν
965 3615 1017 3679 καλ
1030 3614 1099 3679 δυσί
1109 3611 1220 3695 φόνοις
1231 3618 1308 3703 βρα·

145 3718 255 3802 βεῦαιν,
287 3718 304 3785 6
320 3721 372 3787 τόν
389 3723 440 3786 ἕνα
457 3717 681 3805 άπαγορεάσας,
710 3721 816 3784 έλαθεν
832 3715 938 3783 ἔαυτόν
956 3713 1007 3782 ὕπ’
1025 3714 1157 3803 άνάγιιης
1173 3722 1308 3797 alaude.

146 3820 202 3888 Διό
226 3820 264 3904 δὴ
286 3820 305 3888 6
328 3821 378 3888 ἀπ’
400 3825 513 3889 ἐκείνου
532 3819 770 3907 παραγενόμενος
785 3818 852 3896 υἷάς
867 3826 956 3886 τοῦτο
978 3818 1012 3887 τό
1030 3821 1119 3906 μέρος
1135 3826 1192 3885 τοῦ
1208 3818 1309 3905 νόμον

145 3923 307 4016 άνήρηκει,
338 3923 522 4012 ὁμολογήσας
541 3926 592 3990 καί
615 3922 706 4000 αῦτός
727 3920 802 3989 εἶναι
823 3930 876 3988 τοῦ
897 3929 989 4001 θεοῦ,
1021 3924 1054 3988 έν
1074 3947 1105 3987 τε
1125 3930 1188 3999 τοῖς
1207 3920 1311 4004 άλλοις
1324 4014 1336 4035 ·

179 4083 216 4133 15
236 4084 294 4133 Cod.
310 4085 385 4132 λιταί.
402 4083 584 4143 διδασκαλίαις,
739 4084 812 4143 favio,
828 4082 952 4144 ιριαιιλλο
966 4082 1036 4130 λαίαν
1046 4082 1137 4164 τομλλμ
1150 4082 1209 4131 λοοο.
1238 4084 1311 4137 ωτι

179 4150 705 4235 οιυ.λ.-1.1λοιιμιιι(λοτυτιλΡιλου.
740 4142 1313 4217 οτιιιιαλοοιτιλτολνκατίλκόναδιοφτρῦτ-

145 4221 246 4266 (ἷταολυι
271 4220 357 4279 aliique
382 4234 426 4280 μτο
450 4215 496 4281 τήν
520 4213 620 4273 ἀδικίαν
645 4235 706 4283 ςυστ
739 4236 796 4271 τ.ων
840 4220 991 4279 Quamquam
1014 4219 1111 4268 Ριλονλο
1132 4214 1313 4283 mendum

145 4288 244 4348 ιυλραλο
268 4291 300 4334 est
319 4289 442 4348 ιατίμλυτο.
475 4281 569 4346 Quis*
555 4305 582 4340 ον
597 4292 642 4338 αλιι·
656 4292 710 4339 velit
739 4290 816 4349 νιοςλι
837 4288 935 4348 placuit
971 4288 1073 4335 (ὶτολιίιιι
1091 4288 1162 4368 ρλοιιι
1180 4286 1313 4341 Ma

145 4355 275 4402 emendatio
290 4357 435 4405 σΡιλονλο
426 4371 451 4403 ιιι
462 4368 538 4416 marg.
549 4370 593 4415 μτο
604 4373 637 4438 ηι
649 4372 705 4418 pro·
739 4370 787 4406 em
803 4358 891 4406 οσνειιιλ
906 4355 1006 4404 niumm
1022 4355 1083 4403 λλλιιδ
1103 4368 1152 4407 κατ
1150 4346 1276 4409 ἐἰκόνι

143 4423 629 4506 φοινίοιρυίιλιτιιιιμτιδυιιιρολυλοιιιηιιλ
649 4427 705 4476 σοῦ»
772 4423 796 4475 3.
813 4417 944 4489 ἀφεκτέον
964 4424 1049 4484 scripsi
1069 4436 1122 4472 τιαιι
1142 4424 1243 4475 PM·
1262 4440 1313 4489 m

146 4491 244 4551 Ηλιιλτρ.
260 4482 363 4538 how
343 4509 376 4555 ην
393 4484 422 4543 ἅν
440 4484 492 4542 ἀνε
486 4490 544 4540 ῐλεν.
738 4486 776 4558 ἀφ
777 4490 890 4554 θέντων,
908 4493 979 4553 φοοδ.
996 4492 1033 4540 αλ.
1047 4493 1124 4553 μήτε.
1140 4492 1233 4543 eteod-
1245 4492 1314 4547 nh-

179 4558 392 4624 απαντάπασι
409 4557 454 4611 καλ
470 4560 579 4621 rescripsi
594 4573 648 4610 αυιιι
659 4563 704 4611 Ρι·
737 4562 787 4624 ολρ.
798 4529 920 4623 ρτοιοάιλ,
937 4560 974 4610 νιλ
987 4550 1151 4626 ἀφθέγκτου,
1165 4560 1232 4623 Μ
1244 4574 1312 4617 ιιι-
