3046 5084
409 338 544 389 riulan
560 338 651 391 mun
666 340 747 393 rou.
764 340 795 393 n.
811 340 911 391 naeu.
925 340 1013 391 xxx.
1221 326 1283 393 303

140 479 172 521 se
193 458 397 523 contumelias.
442 459 506 535 Ae,
539 462 577 519 Si
595 480 654 532 arc,
684 458 793 543 iuquit,
820 465 1060 538 persecutricem,
1084 472 1113 521 et
1127 482 1175 523 cos
1186 484 1283 542 perse-
1321 466 1399 562 {3¹33-

139 572 277 642 queatvrc
309 566 338 622 si
354 583 397 623 me
413 563 548 634 manat,
572 571 664 621 etcos
686 564 750 621 odio
769 562 926 621 debebunt:
971 584 1061 623 nonne
1081 582 1124 623 me
1144 567 1294 626 domenum·
1320 570 1405 645 Μαξίμ-

139 668 233 725 dicr‘tr'r
245 685 280 725 ue
294 667 483 743 magistrum?
509 666 551 723 Et
562 674 639 723 recte
654 665 765 735 dicita'r,
789 683 850 722 sam
867 666 976 722 etenim.
1012 667 1048 724 Sr'
1060 668 1150 743 igitur
1160 677 1285 744 putrem·
1323 622 1355 677 ω’
1369 622 1400 664 ²⁹⁶

137 766 430 847 somibballeelzebub
445 775 624 837 occurerunt,
645 775 748 845 quanto
764 768 856 843 mageb
869 768 1033 825 domesticos
1049 770 1131 825 ecies?
1158 763 1208 843 Et,
1223 770 1287 829 Non

137 880 232 948 puteat
249 889 349 929 seruus
369 871 460 928 maior
480 888 541 928 esre
556 870 666 927 domnino
685 887 752 941 suo,
784 888 873 946 neque
890 870 1044 947 dz'scr'pulus
1062 873 1216 947 magistro,
1239 873 1290 930 scd

141 982 200 1031 esto
212 971 359 1052 perfectus
377 973 406 1030 r'n
421 970 547 1031 ammom
560 970 714 1049 dr'sce'pnlus
728 972 804 1029 secut
818 974 968 1049 magester,
994 970 1048 1032 boe
1064 970 1157 1032 estad
1173 991 1287 1034 omnem

142 1070 330 1136 vexationem
350 1091 385 1133 nc
402 1070 648 1148 maledicentiam,
672 1081 702 1134 et
719 1071 843 1135 adversa
860 1071 1007 1155 quaelibet
1023 1073 1192 1135 sustinenda
1209 1094 1288 1136 com·

144 1183 274 1258 paratus.
307 1169 390 1237 Unde
408 1184 438 1235 et
451 1169 572 1252 Paulus,
595 1177 763 1248 Imrtutores,
788 1173 891 1258 inquit,
915 1179 972 1235 mei
982 1185 1079 1249 estote,
1102 1179 1177 1236 siem
1192 1189 1222 1236 et
1235 1197 1287 1255 ego
1322 1187 1345 1282 1-1
1349 1188 1406 1283 ¹tiqr-

146 1279 264 1337 Christi.
310 1272 417 1358 Neque
436 1295 508 1338 vero
525 1295 581 1359 qun
603 1296 660 1338 non
685 1275 805 1339 decebat
830 1275 942 1338 ratione
962 1277 1107 1339 dominum
1134 1278 1181 1339 ille
1203 1299 1285 1341 suum
1361 1273 1367 1293 ’
1395 1269 1400 1279 ⁸

145 1376 273 1440 imitatus
294 1387 350 1440 est.
378 1375 448 1440 Non
462 1376 539 1440 enim
553 1377 636 1440 deum
650 1399 718 1442 esse
733 1399 765 1441 sc
782 1377 867 1455 dixit,
889 1388 940 1440 aut
955 1379 1001 1441 dei
1019 1379 1117 1457 lilium,
1136 1391 1186 1442 ant
1202 1381 1285 1443 deum

146 1480 277 1544 verbum.
321 1476 399 1557 Sed,
428 1484 590 1559 Egeram,
620 1480 729 1564 inquit,
753 1486 881 1544 miurinus
896 1485 1103 1562 apostolorum:
1135 1494 1180 1561 ct,
1214 1488 1286 1545 Tuu-
1316 1495 1403 1591 ¹1⁵⁰‘l'

143 1603 225 1663 quara
247 1583 371 1643 obortriro
391 1586 468 1643 cum
487 1595 534 1643 cst
550 1594 580 1644 et
600 1586 677 1644 mebi.
1356 1579 1362 1603 ‘
1391 1580 1397 1591 ’

227 1682 313 1768 Quod
335 1684 361 1748 si
385 1694 433 1764 tu,
465 1682 579 1761 Ebion,
603 1680 714 1749 Clrriati
731 1684 766 1748 ad
783 1685 972 1749 imitationem
991 1687 1097 1751 dictum
1115 1687 1182 1751 illud
1201 1709 1284 1752 usur·
1333 1703 1393 1771 cap.

143 1808 213 1871 pas,
236 1798 267 1851 ct
281 1786 319 1851 ob
334 1785 604 1863 circumcisionem,
628 1806 685 1869 qua
703 1798 735 1849 tu
752 1789 857 1849 frustra
876 1800 904 1850 te
923 1788 1049 1867 inclitas,
1074 1790 1203 1872 magistri
1219 1812 1284 1855 esse
1297 1772 1420 1825 xxm·

143 1889 245 1953 similis
261 1889 310 1954 vel
329 1889 437 1953 domiui
454 1888 550 1973 potius
566 1887 698 1966 affectas,
721 1888 782 1950 noli
799 1889 1020 1953 circumcisione
1036 1892 1063 1953 ei
1081 1890 1184 1954 similis
1199 1914 1283 1956 esse:

142 1992 337 2075 nequeenim
362 1991 413 2055 tibi
431 1991 577 2076 proderit,
605 2010 670 2053 cum
693 1989 770 2053 illius
790 2000 902 2074 tempus
919 1991 1052 2055 (lominus
1079 1993 1141 2076 ipsc
1164 1995 1287 2057 circum·

142 2094 309 2178 scripserit,
332 2092 580 2178 'quemadmodum
601 2091 715 2155 idoneis
741 2091 838 2154 multis
863 2092 986 2155 testibus
1014 2093 1166 2157 evidenter
1189 2107 1287 2159 osten-

143 2196 248 2260 dimus.
294 2194 385 2260 Venit
404 2195 498 2275 cuim,
529 2206 718 2278 veteremque
744 2193 916 2275 complevit,
946 2196 1076 2279 perlecta
1100 2196 1212 2259 demum
1236 2218 1288 2282 per

143 2320 197 2363 sua
213 2298 353 2384 mysteria
371 2297 592 2361 circumcisione
608 2317 761 2361 concessa.
796 2293 891 2377 eram
909 2318 966 2359 nori
985 2317 1042 2358 uua
1060 2298 1190 2381 corporis
1206 2309 1287 2384 parte

144 2402 255 2465 definiri
274 2400 382 2480 voluit,
406 2401 458 2463 scd
474 2400 574 2464 cadem
597 2410 689 2463 totum
708 2420 814 2485 eorpus
837 2397 1001 2482 obsignavit
1024 2410 1109 2482 atque
1133 2412 1287 2483 apeecato

145 2503 341 2581 circumcidit,
367 2522 461 2586 neque
479 2523 566 2566 unam
584 2503 727 2566 duntaxat
745 2501 840 2586 populi
858 2513 987 2585 partem,
1019 2511 1084 2586 puta
1103 2501 1216 2565 virilem
1239 2525 1286 2567 sc-

143 2628 231 2684 iram,
256 2607 307 2669 scd
328 2605 495 2669 universam
513 2602 748 2670 Christianorum
769 2615 887 2687 gentem
909 2604 1006 2689 reipsa
1029 2605 1176 2683 servavit,
1201 2605 1284 2684 viris,

143 2708 278 2793 inquam,
302 2720 332 2771 et
350 2707 518 2772 mulieribus
534 2707 647 2793 siguum
666 2706 735 2770 illud
749 2706 898 2791 impertiit.
944 2705 1057 2791 Quippe
1069 2709 1105 2770 ad
1120 2708 1202 2792 regni
1219 2729 1286 2771 ooc-

144 2811 226 2876 lestis
243 2811 403 2875 adeundam
428 2809 618 2874 bereditatem
642 2810 787 2873 cumulate
802 2809 951 2886 omnibus,
984 2832 1042 2872 uon
1067 2822 1188 2895 anguste
1208 2810 1287 2873 virc-

144 2935 207 2978 rum
226 2912 275 2978 uni
293 2913 412 2997 generi,
443 2911 520 2976 illam
541 2912 633 2998 ipsam
653 2921 750 2975 notam
766 2912 892 2995 imponi,
917 2911 996 2975 velut
1011 2912 1202 2992 imbecillam,
1227 2925 1287 2977 sta·

143 3016 207 3081 tuit.
254 3017 397 3101 Adeoque
418 3026 475 3079 tum
499 3036 553 3100 per
575 3036 639 3079 eam
659 3036 743 3099 quam
766 3034 818 3100 per
842 3015 977 3078 mandata
1001 3037 1053 3078 sua
1080 3016 1286 3100 egregiamque

145 3119 305 3183 doctrinam
331 3119 459 3183 eoeleste
477 3138 599 3202 regnum
614 3113 784 3181 Cbristiano
804 3117 858 3180 toti
874 3118 979 3202 populo
1000 3118 1147 3202 patefecit.
1193 3119 1239 3181 Ac
1261 3119 1286 3180 si

146 3233 175 3287 tu
196 3221 304 3286 domini
327 3221 431 3285 similis
452 3241 537 3300 esse,
570 3219 626 3282 boe
647 3230 694 3282 est
713 3219 846 3302 magistri
865 3220 929 3299 ris,
960 3219 1074 3299 scion,
1097 3221 1287 3284 vehenmenter

145 3325 277 3389 aberras.
300 3322 371 3388 Noli
387 3324 464 3387 enim
479 3322 701 3386 circumcisione
716 3322 772 3385 ista
785 3320 999 3386 similitudinem
1015 3324 1090 3386 illius
1107 3322 1284 3406 exprimere.

144 3426 255 3493 Verum
279 3427 400 3512 agedum
425 3448 443 3489 a
466 3435 653 3489 monumento
673 3422 821 3489 Lazarum
843 3446 979 3504 arcesse,
1009 3435 1059 3488 aut
1079 3425 1164 3488 ulium
1188 3444 1287 3507 quem-

144 3532 220 3616 piam
236 3540 379 3594 momuum
404 3529 550 3608 excitato,
580 3539 631 3591 aut
652 3528 777 3592 inlectos
796 3529 876 3611 lepra
892 3549 1037 3613 repurga,
1061 3526 1155 3589 caecis
1179 3527 1284 3605 visum,

144 3653 302 3698 nervorum
317 3632 497 3696 resolutione
513 3630 709 3695 laborantibus
726 3632 893 3710 sanitatem,
910 3630 934 3694 si
951 3640 1046 3714 potes,
1063 3627 1195 3692 restitue.
1226 3625 1286 3694 Sed

144 3737 200 3801 deo
215 3756 274 3800 nou
290 3746 389 3821 potes,
418 3734 493 3820 qnod
517 3732 688 3798 infidelitate
705 3734 859 3818 carnisque
877 3732 1000 3796 vinculis
1025 3752 1060 3794 ac
1081 3731 1155 3816 legis
1178 3731 1285 3817 imper·

146 3838 232 3903 lectis
248 3838 423 3902 ceremoniis
438 3836 565 3921 illigatus
581 3837 728 3902 contraria
745 3837 785 3900 illi
806 3835 901 3898 omnia
920 3834 1005 3898 lacis.
1038 3835 1136 3918 Atque
1155 3845 1187 3898 ut
1204 3856 1287 3920 prae·

145 3953 224 4006 stare
239 3940 366 4005 maxime
385 3958 504 4025 posses,
527 3938 557 4003 id
573 3940 649 4025 quod
666 3950 784 4026 propter
800 3939 985 4018 depravatam
1005 3937 1088 4000 fidem
1103 3949 1180 4001 tuam
1204 3938 1287 4000 mini-

146 4064 193 4108 me
211 4056 294 4130 potes
317 4041 451 4125 assequi,
476 4063 534 4105 uon
550 4042 643 4106 instar
660 4038 773 4106 Cbeisti
790 4040 871 4118 dico;
904 4060 996 4123 neque
1014 4041 1091 4104 enim
1108 4040 1286 4124 corruptioni

146 4146 292 4211 obnoxius
310 4156 397 4229 atque
414 4164 515 4209 errore
532 4143 695 4230 implicatus
717 4143 870 4208 bomuncio
886 4143 1014 4206 conferri
1030 4164 1095 4207 eum
1114 4145 1168 4207 deo
1191 4154 1286 4229 potes,

146 4249 198 4314 scd
216 4269 309 4335 neque
325 4244 437 4313 Cbristi
453 4266 559 4310 nomen
576 4248 611 4310 ad
632 4246 742 4309 edenda
758 4245 887 4332 prodigia
906 4255 989 4331 potes
1009 4245 1165 4321 invocare,
1190 4257 1241 4310 aut
1262 4247 1286 4310 si

145 4364 242 4419 tamen
260 4349 458 4429 invocaveris,
476 4348 584 4413 efficies
599 4346 764 4433 quicquam.
796 4345 856 4413 Sed
875 4349 929 4413 etsi
947 4349 1105 4436 paralytico
1120 4349 1287 4414 suscitando

145 4454 250 4541 aliquid
268 4456 415 4535 efficeres,
447 4452 522 4517 idem
542 4450 657 4537 utique,
681 4451 730 4538 qui
749 4472 802 4539 per
816 4448 884 4517 lesu
908 4473 1013 4518 nornen
1034 4465 1227 4537 exsurgeret,
1252 4451 1287 4515 ab
