3046 5084
324 336 457 388 rinnon
475 337 978 390 uru.r.rou.ur.assumar.
1161 325 1221 391 tar

249 461 304 519 Per
326 469 352 519 te
372 459 486 519 rebeliis
505 462 601 540 quadiu
621 462 790 539 aggreditur
811 479 918 520 sarnus.

249 565 326 622 Haec
347 572 377 621 tn
399 563 449 621 illo
471 565 595 623 Satanae
607 564 706 642 fretus
726 565 835 622 auxilio
852 565 946 641 putris

249 667 442 743 Aauzelr'sque
463 669 534 724 mr'ra
556 667 687 743 designas
708 685 768 743 ope,

249 771 423 842 Praecursor
444 770 497 827 olli
506 768 625 847 fraudis
647 771 675 827 in
696 788 812 846 superes
830 770 922 826 datiis.

77 865 159 929 Haec
176 869 239 953 pius
254 869 301 930 itte
316 889 410 931 senex
425 869 542 931 cecinit.
582 866 670 930 Nunc
687 869 797 951 reliqna
815 868 935 929 istorum
954 865 1103 950 mysteria,
1125 884 1221 947 quarn-

77 969 123 1031 vis
138 970 306 1053 longissima
323 971 396 1048 sint,
428 993 512 1055 quiam
532 983 634 1056 potero
650 971 821 1034 brevissime
840 982 1006 1052 pertusam,
1038 988 1129 1048 eaque
1147 986 1220 1049 quac

75 1072 238 1135 iamdudum
262 1073 405 1135 occuritata
424 1075 542 1135 inerunt
561 1074 589 1135 in
611 1084 741 1157 apertum
764 1074 918 1155 proteram.
966 1068 1016 1133 Sic
1036 1069 1110 1132 enim
1131 1069 1222 1131 ornrri·

77 1175 130 1237 bus
152 1175 185 1236 nd
209 1175 437 1237 convincendum
461 1188 547 1239 erunt
568 1175 714 1238 facillima.

163 1273 255 1359 igitur
271 1277 405 1340 Aeonum
421 1280 657 1363 generationem,
687 1278 928 1360 aberrantemrpre
947 1276 1087 1360 primum,
1117 1274 1221 1336 deindo
1240 1283 1299 1350 cup.
1317 1281 1373 1329 Xtt.

76 1391 275 1462 recuperatam
301 1402 385 1444 ovem
411 1383 440 1443 ia
463 1404 550 1444 unum
574 1381 784 1444 confundentes
808 1381 929 1465 mystice
951 1378 1180 1463 interpretantur
1202 1376 1220 1438 ii
1293 1419 1317 1453 ².

76 1480 124 1565 qni
142 1483 175 1543 ad
193 1503 330 1545 irrrmeros
347 1485 481 1547 universa
498 1486 646 1563 referunt,
671 1495 700 1546 et
715 1504 756 1546 ex
771 1480 888 1546 Unitate
904 1503 937 1544 au
952 1479 1073 1544 Binaria
1089 1476 1223 1567 componi
1304 1546 1308 1553 ,

76 1583 253 1647 arbitrantur
276 1587 390 1667 omnia,
423 1597 509 1670 atque
536 1588 570 1650 ab
594 1608 651 1649 urm
674 1587 708 1648 ad
732 1598 854 1669 qrrntuur
876 1586 1054 1647 numerando
1074 1580 1222 1666 progressi

76 1682 223 1749 Decedem
241 1689 376 1750 efficiunt.
424 1686 518 1752 Unum
535 1690 639 1774 qnippe
653 1710 686 1751 au
701 1690 774 1764 duo,
800 1688 872 1762 tria,
897 1697 1039 1769 quatuor,
1064 1685 1147 1747 simui
1164 1684 1222 1746 col-

76 1787 269 1852 lectadecem
289 1791 796 1876 Aeonumnrrurerumpepererunt.
844 1787 957 1851 Deinde
974 1789 1103 1850 binarius
1123 1809 1174 1873 per
1190 1808 1222 1850 su
1320 1834 1330 1855 .

76 1891 111 1953 ad
130 1891 276 1955 senarium
297 1894 474 1976 procedens,
509 1891 715 1969 iiouostdno,
747 1902 1006 1975 ‹prratnoretsrx‚
1039 1888 1221 1952 Dotecoten

76 1995 249 2077 composuit.
295 1994 409 2058 Rursus
433 1995 579 2058 abinario
603 1998 704 2057 eodem
728 1997 812 2058 modo
830 1993 1047 2056 numerantibus
1070 1993 1104 2053 rid
1124 1994 1222 2054 decem

77 2116 167 2180 usque
184 2097 300 2178 triginta
317 2099 490 2174 conflantur,
513 2100 541 2160 in
558 2099 660 2181 quibus
677 2099 775 2161 insunt
791 2108 868 2174 octo,
883 2097 993 2173 ,decem
1008 2115 1042 2156 ac
1057 2094 1219 2156 duodecim.

76 2194 123 2262 0b
142 2199 168 2259 id
190 2196 391 2277 Dodecadem,
425 2203 499 2283 quod
516 2202 662 2265 senarium
680 2221 830 2262 numerum
848 2198 981 2261 comitem
1000 2195 1150 2272 habuerit,
1185 2196 1221 2256 db

75 2302 223 2364 scunarium
243 2301 321 2363 illum
341 2300 511 2366 Passionem
529 2305 685 2388 appeliant.
732 2300 898 2384 Eadarnque
921 2301 955 2362 de
974 2319 1077 2362 caussa
1100 2319 1163 2360 rum
1187 2300 1221 2362 ad

75 2405 283 2467 dnodenarium
302 2425 452 2467 nanterum
470 2427 554 2468 error
572 2407 769 2482 admisisset,
795 2405 977 2469 aberrantem
995 2422 1012 2464 a
1028 2422 1119 2486 grege
1138 2421 1221 2463 ovem

75 2507 191 2590 tongins
206 2507 324 2588 evagari
342 2509 492 2592 coepisse,
516 2509 651 2592 qnoniam
668 2509 703 2571 ab
720 2505 905 2570 Duodeuario
921 2490 1129 2571 discessionem
1146 2504 1222 2566 ittam

75 2621 176 2693 putant
201 2609 355 2672 accidisse.
379 2608 453 2674 ·Sic
476 2611 562 2673 etiam
587 2611 621 2673 ab
644 2609 833 2674 Duodenario
856 2602 1064 2672 desciscentem
1088 2609 1223 2669 virtutem
1238 2618 1364 2673 Laenas

75 2713 199 2796 periisse
215 2713 343 2796 unguium
368 2735 489 2796 eamque
505 2714 654 2776 mulierem
675 2715 750 2776 ittam
770 2735 849 2791 esse,
875 2733 948 2795 qrrao
964 2713 1070 2774 amissa
1088 2710 1223 2774 drachma

75 2815 224 2877 lucernam
240 2816 384 2894 accondit,
408 2827 493 2899 atque
509 2837 573 2879 earn
590 2817 709 2900 reperit.
756 2815 820 2879 Hoc
835 2818 930 2898 itaque
946 2826 1029 2899 pacto
1045 2815 1163 2899 reliquis
1181 2815 1224 2876 in-

75 2918 223 2995 numeris,
244 2917 273 2979 in
291 2919 424 2980 drachma
443 2921 555 3002 quidem
576 2940 692 2997 norem,
717 2919 745 2981 in
764 2941 819 2981 ore
836 2919 979 2994 undecim,
1004 2919 1028 2981 si
1046 2918 1074 2979 iu
1091 2938 1157 2979 sese
1173 2918 1223 2978 du-

73 3030 194 3096 cantur,
217 3008 326 3083 thx
341 3023 466 3084 efficere.
511 3020 588 3084 Nam
608 3023 709 3086 novies
725 3018 771 3083 ΧΙ
791 3043 939 3084 numerum
960 3022 1033 3083 inuno
1050 3023 1221 3105 producunt.

74 3118 174 3204 Quare
196 3132 226 3183 et
248 3122 276 3184 in
300 3144 372 3185 voce
390 3117 483 3203 Ἀμήν
501 3126 623 3187 eundem
643 3123 765 3209 reperiri
784 3125 893 3188 dicunt.
939 3122 998 3186 Sed
1022 3135 1051 3185 et
1068 3124 1152 3186 aliter
1168 3124 1223 3186 ista

74 3225 241 3301 declarant,
266 3225 340 3308 quud
359 3247 416 3287 uon
436 3227 543 3310 pigebit
562 3247 730 3311 expauere,
755 3239 786 3289 ut
802 3227 961 3290 cuiusmodi
979 3227 1015 3290 sit
1033 3227 1145 3288 iliorum
1164 3227 1222 3286 irn-

74 3337 138 3390 ctus
156 3348 195 3389 ex
214 3330 291 3389 omui
311 3340 392 3412 parte
410 3349 583 3410 cognoscas.
630 3326 745 3392 Etenim
764 3337 783 3409 ἡ
802 3331 975 3392 elenreutum
998 3350 1061 3391 rum
1080 3327 1220 3411 episemo,

75 3425 266 3495 (lctunarium
286 3451 352 3493 esse
373 3430 489 3508 volunt,
523 3432 597 3514 quod
615 3444 749 3495 octavum
769 3454 785 3494 a
803 3432 893 3517 prima
912 3433 994 3494 litera
1014 3431 1106 3493 locum
1123 3428 1220 3490 trabit.

72 3565 155 3632 igitur,
173 3583 204 3615 eo
220 3565 287 3633 qnod
301 3566 427 3632 episemon
438 3567 550 3618 habuerit
568 3584 629 3618 coa·
664 3569 712 3634 (vei
726 3564 1018 3634 συνεπακολονῢησαντα)
1034 3561 1099 3634 αὐτῇ
1114 3563 1157 3618 τὸν
1171 3563 1223 3618 ἐπί·

72 3644 216 3702 sequentem
230 3635 291 3694 sibi,
310 3648 413 3701 propter
428 3636 552 3702 episemon
569 3656 630 3704 pas·
665 3653 745 3703 σημον
761 3637 841 3697 πάθος
859 3637 964 3703 λέγουσι.

72 3703 167 3752 sionem
184 3713 281 3753 vocant.
315 3707 382 3754 Hunc
398 3709 468 3754 secuti
483 3709 594 3757 Pitonius
610 3713 631 3757 et
697 3707 720 3759 i.
737 3725 779 3759 rou
793 3711 901 3767 rescripsi
915 3720 944 3754 ex
960 3709 1005 3754 Vet.
1015 3708 1110 3767 Interpr.
1124 3720 1167 3766 pro
1177 3703 1221 3756 τοῦ

74 3775 156 3823 Bittius
172 3775 326 3834 seripserunt:
343 3770 386 3824 ord
403 3770 431 3825 τὸ
449 3771 490 3826 τὸν
508 3771 630 3841 ἐπίσημον
664 3776 726 3837 quod
743 3779 813 3838 uutpc
830 3780 900 3823 extat.

72 3838 207 3908 ἐσχηκέναι
223 3837 473 3906 σννακολονδήσαντα
489 3836 570 3909 αὕτη,
588 3840 631 3896 διὰ
699 3849 723 3891 tt.
742 3846 805 3892 Litai
824 3845 906 3891 hubent
923 3834 1069 3895 ἀπόστασιν.

71 3905 115 3962 τὸν
131 3905 252 3972 ἐπίσημον
269 3913 334 3968 cett,
357 3925 427 3971 quarn
449 3913 631 3960 emendationem
699 3912 723 3962 u.
742 3910 778 3962 ἐτι
794 3914 877 3972 scripsi
892 3925 936 3973 pro
953 3909 994 3962 ἐπὶ
1009 3913 1072 3974 quod
1086 3913 1139 3960 iibri
1153 3925 1222 3973 prue-

72 3978 212 4038 improbouit
228 3979 337 4037 Grottrrs,
353 3980 391 4026 eui
406 3981 510 4039 placuit:
527 3975 569 4032 διὰ
586 3977 629 4032 τόν
665 3982 724 4028 beot.

71 4042 194 4125 iriopppu
210 4043 404 4125 conropmpr'mn,
422 4040 465 4098 διά
479 4062 507 4097 τε
525 4062 629 4111 surena·
702 4050 737 4097 10.
752 4047 796 4099 τοῦ
811 4051 827 4099 ᾱ
842 4042 926 4114 ὀγδόῳ
940 4048 1050 4114 κείμενον
1065 4045 1089 4100 ἐν
1103 4043 1173 4112 τόπῳ
1186 4062 1222 4096 re-

71 4112 225 4164 κολονὸπσαι
242 4111 281 4171 δίς
299 4111 365 4178 aurp
383 4109 425 4164 τόν
443 4110 484 4164 ἐπί
521 4130 565 4178 μον
578 4121 628 4164 cett.
662 4119 745 4177 scripsi
762 4131 790 4164 es
807 4118 853 4164 Vei.
870 4119 1007 4178 interprete,
1025 4122 1045 4166 et
1065 4119 1221 4167 Pseudo-Ori-

73 4176 129 4246 Τήν
154 4169 197 4231 orio
221 4174 361 4232 Δωδεκοὶδα
386 4177 427 4232 διὰ
453 4129 627 4246 τὸσίπίσημον
661 4198 731 4244 pene,
755 4187 794 4244 qui
811 4186 893 4234 iubet:
920 4178 1220 4250 &percutientium

72 4246 207 4316 ἐσχηκέναι
230 4249 478 4313 συνεπακολουὲῆοαν
500 4250 563 4315 (oud.
582 4264 626 4298 ms.
661 4249 773 4303 crineum
787 4249 865 4319 τόπῳ.
892 4256 1019 4335 Eptptmnii
1033 4256 1085 4303 titiri
1097 4256 1221 4314 praebent:

73 4312 332 4381 σννεπακολοῦἓησεν)
361 4311 426 4383 αὐτῇ
452 4313 480 4368 τὰ
508 4315 630 4381 ἐπίσημον
664 4312 712 4370 cirri
731 4321 774 4371 roi
790 4318 889 4386 πρώτου
904 4318 995 4387 ογδᾶον
1012 4320 1122 4386 κείμενον
1136 4317 1220 4372 τόπον.

72 4382 167 4445 πάθος,
193 4383 237 4436 καί
260 4381 303 4437 διὰ
324 4384 398 4436 τοῦτο
414 4389 463 4432 cett.
485 4389 548 4433 estut
565 4388 631 4447 opud
668 4389 712 4434 Vct.
734 4390 864 4448 Interpretis
887 4395 973 4440 uerba:
1005 4407 1059 4439 cum
1085 4388 1116 4438 ab
1144 4388 1222 4452 Atptra

72 4454 306 4515 Pseudo-ompturio.
341 4455 397 4502 ttiir'
413 4455 504 4502 uidetur
516 4455 631 4515 corripen-
664 4453 739 4503 beto
753 4467 842 4507 octavo
856 4458 888 4506 sir
904 4459 986 4524 posita
1000 4458 1058 4507 loco
1074 4461 1161 4522 corripe
1176 4459 1221 4507 sir:

73 4523 145 4570 dum:
163 4516 220 4582 Τήν
236 4509 277 4573 mir
294 4517 434 4574 uouendos
450 4516 493 4573 τᾶν
509 4517 631 4585 ἐπίσημον
665 4539 720 4572 cum
737 4523 768 4573 ab
787 4525 860 4594 alpha
878 4538 934 4577 eta
953 4545 977 4578 ο.
995 4544 1014 4579 s.
1032 4544 1056 4609 p.
1072 4525 1087 4576 Ι.

74 4593 255 4657 σννοσχηκνῖαν
272 4586 314 4642 διὰ
337 4586 365 4641 ri
384 4589 632 4654 σννεπακολονὶνήσαι
