3046 5084
391 357 528 410 suumn
544 359 606 410 uro.
618 359 638 410 r.
654 358 736 411 noae
750 358 794 410 rur.
810 358 908 411 unna.
922 360 1001 410 xnrr.
1210 348 1271 412 673

126 477 214 541 ritum
230 478 316 542 affert
330 497 371 542 ex
385 497 469 557 sese,
499 477 552 541 sed
568 477 727 561 legitimum
739 476 877 542 indicium
893 480 1031 557 axomes,
1061 480 1152 562 deque
1170 478 1207 542 iis
1225 480 1274 562 qui

127 581 262 644 mandata
284 579 422 644 violarint
442 579 547 644 iustam
571 579 766 663 cognitionem
783 579 919 644 instituit.
963 583 1028 642 Non
1045 587 1116 642 ecana
1132 585 1274 643 auditores

128 687 200 762 legis
221 688 293 744 iusti
309 687 385 763 epod
406 687 503 758 deam,
532 686 583 744 sed
594 685 725 765 foetores
747 685 818 763 legis
837 684 1075 763 imnflecbuntur.
1122 679 1182 744 Iam
1202 703 1273 745 vero

127 805 191 848 cum
208 784 259 847 lex
275 785 358 848 factis
374 785 513 870 praestita
529 785 668 848 factorem
683 784 777 869 ipsum
792 783 940 862 iustibcet,
965 806 1022 848 non
1038 786 1156 862 iniusta,
1180 804 1274 867 neque

129 885 303 972 poenitenda
327 886 378 950 lex
399 888 473 967 erit,
509 899 626 972 propter
650 908 734 970 quam
755 887 823 950 iusti
847 888 919 950 bunt
943 889 989 971 qui
1012 888 1038 950 ei
1060 887 1273 972 obtemperant.

130 984 269 1055 Ceterum
285 990 321 1052 ad
336 989 429 1073 legem
444 990 549 1053 attinet
561 990 631 1052 fides
647 991 733 1053 etiam
746 989 776 1052 in
792 985 940 1054 Christum
956 991 985 1053 in
1002 992 1102 1054 eadem
1117 992 1181 1074 lege
1193 1009 1277 1074 prae·

130 1092 223 1168 dicta,
245 1090 310 1155 siue
325 1114 382 1176 quo
395 1090 546 1156 iustificari
561 1112 647 1155 nemo
665 1102 777 1177 potest,
800 1102 828 1155 et
846 1092 874 1154 ei
888 1093 1008 1178 insuper
1024 1094 1195 1176 quicumque
1214 1111 1277 1154 cre-

129 1194 235 1257 diderit
252 1193 361 1279 absque
380 1194 452 1278 legis
469 1194 519 1258 illo
538 1193 705 1257 testimonio
721 1194 870 1257 iustificari
889 1197 1006 1279 nequit3
1036 1195 1171 1279 quoniam
1191 1190 1277 1257 Clusi·

128 1307 192 1360 stus
207 1296 282 1380 legis
299 1297 541 1382 complementum
557 1307 619 1374 est,
644 1307 676 1360 ut
692 1295 840 1381 apostolus
860 1297 904 1360 bis
920 1296 1019 1361 rcrbis
1038 1298 1182 1361 declarat:
1212 1300 1274 1357 Ple-
1290 1311 1395 1368 nomio,
1408 1314 1426 1358 e.

130 1404 228 1462 nitado
242 1404 315 1482 logie
331 1402 461 1462 Cirs'etes
476 1411 519 1461 est
530 1403 569 1460 od
579 1402 724 1462 iustitiam.
772 1395 885 1481 Quibus
901 1399 969 1463 illud
987 1400 1110 1479 indicat,
1134 1398 1198 1462 sine
1213 1399 1278 1482 Iege

131 1514 217 1588 atque
233 1499 353 1567 Christo
369 1502 474 1566 nullam
493 1522 559 1566 esse
575 1501 726 1566 iustitiam.
771 1499 877 1585 Neque
894 1502 970 1565 euim
989 1499 1104 1581 Iudaei,
1129 1502 1175 1584 qui
1192 1497 1277 1566 Chri·

131 1618 207 1670 stum
224 1605 387 1691 repudiant,
410 1604 475 1668 sinc
489 1625 525 1668 eo
540 1603 788 1683 iustibcabuutur,
812 1625 906 1688 neque
921 1615 951 1668 tu
968 1605 1174 1684 iustificabcre,
1196 1601 1279 1668 Mar·

132 1709 195 1786 cic,
221 1708 268 1791 qui
290 1708 385 1791 legem
407 1707 548 1789 abnegas.

218 1807 319 1874 Sebol.
335 1808 364 1872 II
382 1822 412 1873 et
428 1807 553 1872 XXIX.
589 1813 770 1871 Ci'rcamoiaab
790 1814 862 1869 enain
878 1814 997 1889 prodest
1014 1815 1043 1871 si
1061 1813 1148 1890 legem
1160 1814 1276 1891 socius:
1291 1826 1357 1870 aaa.
1368 1825 1428 1881 saa.

133 1918 266 1975 siculam
278 1917 493 1994 prneoorr‘cotcr
508 1916 550 1973 eis
566 1914 655 1991 legis,
685 1915 860 1974 circumcisio
878 1923 926 1972 tao
939 1916 1207 1996 pruepubiunsocto
1223 1925 1274 1975 est.

218 2015 320 2080 Refut.
337 2014 366 2078 II
380 2025 411 2078 et
422 2012 547 2078 XXIX.
579 2012 820 2098 Quandoquidem
835 2015 1014 2097 profuturam
1029 2013 1278 2078 circumcisionem

93 2129 102 2139 '
134 2119 282 2205 apostolus
294 2119 472 2213 pronuntiat,
492 2117 557 2200 quis
573 2117 731 2180 fructuosis
744 2116 832 2180 rebus
846 2115 1017 2179 calumniam
1030 2127 1146 2180 struere
1157 2118 1280 2180 audenti

135 2220 222 2286 Hunc
238 2221 352 2305 quidem
369 2219 514 2305 serpentis
532 2219 656 2283 similem
672 2228 787 2304 oportet
804 2239 888 2297 esse,
913 2239 1001 2302 aquo
1019 2239 1113 2303 neque
1130 2231 1160 2283 tu
1176 2220 1280 2283 abbor-

135 2345 202 2403 res,
224 2321 353 2387 Marcio.
399 2319 548 2406 Siquidem
563 2320 612 2384 ille
630 2320 676 2384 dei
689 2320 778 2385 verba
793 2320 970 2404 detorquens
983 2318 1075 2384 Evam
1091 2321 1280 2406 persuasione

135 2448 190 2490 sna
207 2425 331 2511 decepit,
352 2426 392 2488 ita
407 2423 599 2509 compellans:
623 2427 804 2505 Nequaquam
819 2428 982 2486 munerarii.
1028 2422 1146 2487 Etenim
1163 2436 1280 2510 aposto·
1293 2440 1404 2496 oasam

135 2529 181 2592 lus
197 2528 291 2613 legem
310 2528 344 2590 ad
361 2526 614 2590 circumcisionem
629 2527 803 2605 adstrinxit,
828 2537 858 2590 et
874 2526 1122 2590 circumcisionem
1140 2528 1195 2611 logi
1212 2549 1281 2591 cou-

135 2641 305 2695 sentaneum
329 2650 396 2694 esse
419 2628 611 2708 monstravit,
641 2628 827 2713 eiusdemque
850 2630 1014 2693 mandatum
1032 2650 1099 2694 esse
1118 2630 1165 2693 dei
1184 2629 1232 2714 qui
1253 2641 1283 2694 et

135 2732 385 2797 circumcisionem
404 2731 472 2795 olim
484 2731 632 2810 instituit,
656 2742 685 2795 et
703 2731 796 2815 legem
816 2731 952 2817 praesidii
969 2752 1072 2795 caussa
1089 2732 1169 2811 tulit,
1200 2732 1282 2796 cuius

136 2833 278 2899 beneficio
295 2835 422 2899 ereditas
436 2829 572 2900 Christus
586 2834 772 2898 credentibus
788 2836 916 2919 perlecta
933 2855 1064 2920 quaeque
1077 2834 1175 2900 dicere
1191 2857 1224 2901 ac
1239 2837 1281 2900 la·

137 2958 206 3001 cere
227 2938 373 3002 concedit.

223 3037 324 3106 Sebol.
342 3038 388 3102 ltl
404 3050 435 3104 et
449 3038 558 3105 XXX.
595 3041 735 3102 Habentes
750 3042 970 3122 mserrmotecnem
987 3046 1169 3123 cognitionis,
1194 3053 1224 3103 et
1236 3063 1281 3104 ue·
1293 3057 1431 3114 nassau.

138 3148 234 3206 retabi
254 3148 283 3206 iu
305 3147 377 3224 lege.

222 3245 324 3310 Relut.
341 3243 385 3308 111
401 3256 431 3309 et
442 3245 552 3310 XXX.
585 3241 620 3310 si
634 3245 762 3330 cognitio
776 3244 1010 3310 informationem
1025 3247 1165 3326 continet,
1189 3249 1282 3312 forma

139 3370 211 3413 vero
233 3348 269 3411 ab
291 3349 497 3412 informatione
518 3346 628 3428 oritur,
660 3347 784 3433 apostoli
805 3370 892 3433 porro
915 3349 1081 3432 cognitione
1103 3371 1137 3412 ac
1158 3351 1282 3415 veritate

140 3450 260 3537 praediti
282 3472 321 3516 ex
343 3450 418 3534 legis
435 3449 779 3514 informatiooe'furmanr
801 3449 891 3536 ipsam
912 3452 1059 3530 obtinent,
1089 3451 1144 3515 boc
1165 3463 1211 3516 est
1233 3473 1281 3516 co·

139 3555 298 3640 goitiunem
315 3575 350 3617 ac
368 3552 540 3632 veritatem,
569 3552 702 3638 sequitur
715 3553 810 3637 legem
828 3575 845 3618 a
864 3552 1030 3638 cognitione
1047 3565 1076 3618 et
1091 3555 1213 3618 veritate
1229 3555 1282 3618 mi·

140 3659 217 3722 uiuae
239 3657 363 3720 alienam
386 3654 491 3721 videri.
535 3652 595 3718 Per
611 3655 686 3740 legis
704 3655 781 3720 eninr
798 3653 1032 3721 informationem
1051 3657 1183 3722 verimtis
1197 3678 1282 3744 prac-

141 3780 230 3825 cones
251 3759 447 3844 cognitionem
469 3779 503 3823 oc
526 3757 678 3824 veritatem
701 3769 770 3824 suut
791 3759 898 3844 adepti.

226 3962 327 4032 Scbol.
344 3963 389 4028 lv
402 3976 432 4029 et
447 3962 572 4030 XXXI.
605 3967 709 4028 Aribae
721 3969 793 4028 earm
808 3968 937 4028 Cbm'etas
949 3987 1011 4027 eum
1027 3986 1147 4028 essemus
1161 3968 1277 4048 mfirmi,
1294 3984 1404 4042 copes.

141 4073 232 4133 odiam
254 4074 282 4130 in
305 4080 425 4150 tempore
439 4090 496 4149 pro
517 4073 609 4150 sinpaib
629 4079 755 4130 mortuus
776 4080 827 4130 eat.

225 4171 328 4236 Refut.
344 4171 388 4234 lv
403 4180 433 4235 et
446 4168 570 4236 XXXI.
605 4167 755 4236 Vocabula
771 4169 856 4250 baec,
878 4175 990 4248 Adice,
1016 4183 1057 4253 et,
1079 4177 1211 4236 Mortuus
1225 4186 1277 4250 est,

142 4299 201 4343 non
224 4275 328 4341 nudam
347 4273 492 4361 speciem,
526 4273 578 4339 sed
595 4272 749 4340 veritatem
766 4284 901 4360 arguunt.
947 4271 983 4340 Si
997 4275 1074 4340 enim
1090 4276 1153 4342 sola
1168 4277 1280 4362 species

141 4470 212 4530 teuit,
239 4466 365 4518 conomius
379 4464 488 4515 umento
502 4466 572 4527 plone
587 4465 694 4526 aepteett.
728 4468 750 4515 et
763 4466 867 4528 Petouit,
882 4479 926 4528 pro
940 4463 984 4520 rai
996 4463 1087 4534 ripen,
1104 4467 1166 4531 quod
1177 4470 1203 4518 tn
1218 4469 1282 4518 tibris

176 4535 217 4588 82
233 4534 282 4600 τῆς
295 4529 428 4600 γνώσεως,
449 4534 636 4594 quadamtenus
651 4546 695 4594 po·
726 4538 796 4585 estet.

143 4605 256 4665 emutat,
279 4605 420 4664 reponam
441 4603 572 4654 sonnacio
589 4602 697 4653 Gonuartl

195 4684 282 4741 eorpus
293 4682 427 4731 mineat
439 4681 468 4729 lt.
1040 4695 1079 4760 43
