3046 5084
405 315 540 369 rsnnnn
556 317 621 369 nm
635 318 656 370 ι.
670 319 752 370 ιοιι.
764 319 798 370 ιι.
814 319 912 370 naen.
927 320 1034 371 xxvu.
1230 309 1290 372 205

151 458 216 501 rom
232 456 339 501 nomeu
353 435 416 499 suis
430 434 566 498 omnibus
579 435 704 515 affinxit,
720 437 905 521 indidemque
920 436 1053 503 Gnostici
1068 439 1120 518 illi,
1139 444 1174 505 de
1190 443 1294 526 quibus

151 538 285 625 proxime
309 537 537 623 disputavimus,
562 531 764 620 Catagnostiei
786 537 900 620 potius,
928 540 984 602 boe
1007 550 1053 603 est
1075 545 1223 605 damnatos
1244 566 1293 630 ap-

150 639 287 725 pellendi.

236 739 296 806 Sed
314 750 346 803 ut
361 740 396 802 ad
410 734 620 821 Carpocratem
636 737 765 817 redeam,
784 739 810 800 is
825 759 989 823 supremum
1007 741 1120 823 quidem
1137 745 1295 830 principum
1315 754 1374 822 Cap.
1390 759 1422 807 tt.

152 865 240 908 uuum
263 841 388 918 asserit,
419 838 600 921 eundemque
622 849 772 924 parentem
796 840 941 918 omnium,
970 852 1000 903 et
1022 843 1217 926 incognitum,
1242 869 1296 911 nee

62 987 67 998 ·
153 946 211 1009 ulio
234 942 351 1006 nomine
371 939 563 1024 significatum
585 941 702 1024 perinde
724 951 755 1004 ut
771 943 879 1004 caeteri
904 944 1001 1005 studet
1017 965 1163 1008 asserere.
1208 944 1297 1010 blun-

152 1049 308 1110 domuere
326 1054 357 1104 et
375 1062 450 1126 quae
466 1041 572 1104 mundo
587 1042 776 1105 eontinentur
792 1043 828 1105 ab
846 1043 959 1124 angelis
980 1065 1048 1107 esso
1069 1047 1160 1124 iacta,
1185 1048 1232 1130 qui
1252 1050 1297 1112 iu-

153 1147 272 1231 cognito
289 1145 337 1207 illo
353 1154 472 1228 parente
488 1143 575 1226 longe
593 1143 760 1207 inferiorem
777 1145 925 1227 dignitatis
940 1146 1070 1209 ordinem
1091 1157 1202 1211 tenent.
1233 1147 1296 1213 Eos

152 1268 226 1312 vero
244 1246 345 1309 statuit
359 1244 395 1309 ab
411 1264 545 1329 suprema
563 1245 670 1308 virtute
685 1246 853 1308 deficientes
870 1248 1004 1310 mundum
1018 1247 1104 1311 istum
1123 1251 1293 1315 fabricasse.

155 1347 252 1411 lesum
270 1369 355 1430 porro
378 1345 523 1409 dominum
540 1358 670 1409 nostrum
688 1368 705 1410 a
722 1344 846 1432 losepbo
862 1349 1009 1431 genitum,
1033 1349 1074 1413 uti
1092 1354 1200 1415 caeteri
1218 1375 1295 1416 mor-

155 1449 229 1514 tales
244 1471 283 1512 ex
298 1449 352 1511 riri
366 1431 553 1531 mulierisque
569 1448 681 1512 semine
696 1460 897 1533 procreantur.
929 1449 1013 1513 lione
1029 1453 1075 1535 qui
1091 1453 1161 1515 nibil
1176 1455 1294 1517 omuino

155 1550 273 1635 reliquis
291 1549 327 1613 ub
343 1548 505 1613 bominibus
525 1550 668 1627 differret,
691 1551 768 1614 vitae
785 1551 878 1613 solum
894 1573 1016 1634 genere,
1040 1575 1075 1615 ac
1091 1557 1292 1638 temperantia,

156 1664 185 1717 et
205 1653 328 1730 virtute,
352 1673 385 1714 ac
407 1651 517 1715 institia
538 1653 732 1736 praestitisse.
778 1651 837 1717 Sed
861 1675 924 1715 eum
951 1655 1069 1718 iirmiori
1093 1658 1293 1742 vegetiorique

154 1776 237 1840 quam
255 1754 303 1816 ulii
320 1753 452 1816 bomiues
472 1763 552 1815 esset
569 1754 663 1816 anima
680 1754 844 1838 praeditus,
867 1775 1025 1838 eorumque
1043 1779 1116 1840 quac
1133 1780 1248 1822 sursum
1265 1762 1295 1822 in

152 1856 291 1939 incogniti
311 1854 440 1939 parentis
463 1852 600 1916 comitatu
616 1856 730 1917 viderat
748 1857 945 1933 meminisset,
970 1858 1114 1922 immissas
1136 1861 1171 1922 ab
1193 1862 1294 1924 eodem

151 1969 272 2044 parente
289 1957 401 2020 ineius
418 1955 542 2017 animam
557 1955 683 2018 virtutes
701 1976 767 2018 esse
782 1956 892 2032 dicunt,
916 1968 1063 2022 uteorum
1081 1982 1155 2042 quae
1171 1984 1296 2047 aspexe-

152 2070 199 2124 rat
215 2059 370 2123 recordata
387 2055 634 2138 corroborataque
654 2056 820 2118 conditores
836 2057 914 2119 orbis
930 2060 1048 2141 angelos
1065 2063 1218 2145 effugeret,
1241 2065 1297 2127 boe

152 2161 216 2247 ipso
237 2160 313 2244 quod
331 2158 497 2244 peremnia
515 2177 613 2221 rerum
632 2158 750 2240 quaein
768 2158 875 2219 mundo
893 2169 976 2235 sunt,
1000 2160 1202 2245 actionumque
1223 2186 1297 2246 quae

152 2263 188 2327 ab
206 2261 370 2325 bominibus
389 2258 603 2343 suscipiuntur,
627 2279 737 2342 genera
755 2258 912 2337 transiret,
936 2260 1066 2342 adeoque
1083 2264 1207 2326 scelesta
1228 2285 1298 2328 exe-

152 2365 317 2446 crttndaque
339 2361 499 2424 clanculum
518 2361 648 2424 facinora
666 2372 865 2445 perpetraret,
890 2372 920 2423 ut
941 2362 981 2424 ita
998 2363 1112 2425 demum
1135 2366 1297 2430 actionibus

153 2466 287 2530 omnibus
305 2464 474 2549 perfuncta,
499 2462 645 2546 liberaque
668 2463 768 2527 eadem
789 2461 857 2526 lesu
875 2464 972 2526 anima
993 2465 1171 2548 incognitum
1190 2469 1224 2530 ad
1247 2490 1297 2552 pa-

153 2579 266 2632 rentem
286 2565 435 2643 evolaret,
459 2586 476 2628 a
494 2586 551 2649 quo
570 2564 638 2628 illae
657 2576 741 2628 erant
761 2565 885 2630 virtutes
903 2565 1052 2629 immissae
1072 2589 1191 2650 quarum
1210 2569 1298 2632 beue·

154 2670 220 2734 licio
242 2689 295 2754 per
317 2667 414 2731 omnia
436 2667 478 2730 uti
500 2666 625 2730 diximus
648 2668 793 2730 actionum
816 2689 925 2751 genera
951 2670 1081 2732 traducta
1105 2672 1298 2755 exsolutaque

155 2793 270 2835 sursum
292 2770 327 2834 ad
353 2790 420 2833 eum
441 2780 619 2855 penetraret.
664 2767 715 2834 Sic
737 2790 810 2852 quac
835 2770 898 2832 eius
920 2770 1029 2834 similes
1052 2782 1151 2834 essent
1172 2773 1297 2853 animae,

156 2873 259 2937 iisdem
275 2872 405 2935 addictas
418 2871 534 2949 studiis,
558 2873 718 2955 eodemque
735 2872 819 2934 modu
833 2871 983 2949 liberatas,
1008 2873 1041 2936 ad
1057 2874 1233 2958 incognitum
1250 2900 1299 2962 pa·

157 2982 272 3037 rentem
286 2973 404 3036 evolare
420 2994 549 3051 sursum,
573 2972 640 3035 dum
656 2972 851 3035 functionibus
868 2974 1000 3037 omnibus
1016 2975 1115 3053 obitis,
1139 2989 1169 3040 et
1184 2978 1219 3039 ab
1237 2981 1299 3041 uui·

157 3076 254 3138 versis
274 3074 380 3159 pariter
402 3074 555 3159 expeditae
572 3074 707 3159 deinceps
729 3075 759 3137 iu
777 3075 940 3138 libertatem
959 3089 1141 3140 asseruntur.
1187 3077 1299 3142 Verum

158 3178 233 3262 quod
251 3176 346 3240 anima
365 3174 431 3239 lesu
451 3177 479 3238 in
499 3173 668 3239 ludaeorum
684 3175 788 3239 ritibus
806 3177 931 3240 enutrita
947 3180 1068 3262 angelos
1086 3181 1150 3242 illos
1171 3192 1300 3243 oontem-

158 3281 281 3366 psisset,
307 3278 344 3341 ob
360 3278 389 3340 id
406 3278 529 3341 virtutes
545 3276 712 3361 accepisse,
737 3278 839 3361 quibus
861 3301 925 3342 oum
946 3281 1111 3344 constitutis
1133 3283 1168 3343 ad
1191 3302 1300 3364 poenas

157 3381 305 3446 bominum
324 3378 561 3465 perpessiouibus
585 3379 703 3463 defungi
728 3380 887 3465 potuisset,
918 3384 1013 3445 mundi
1036 3383 1101 3445 illos
1124 3382 1299 3446 architectos

159 3482 384 3547 transcenderit.
418 3479 524 3564 Neque
539 3480 653 3545 veroid
672 3502 756 3545 unam
774 3481 841 3546 lesu
860 3483 984 3546 animam
1001 3485 1140 3567 perficere
1158 3483 1298 3566 potuisse,

159 3586 211 3649 sed
226 3596 256 3649 et
271 3585 356 3648 aliam
375 3584 547 3667 quamlibet,
571 3603 644 3667 quae
661 3605 713 3668 per
730 3587 861 3649 actiones
880 3585 1020 3648 eiusmodi
1036 3585 1241 3669 progressione
1259 3590 1300 3651 la·

160 3698 208 3751 cta
230 3708 319 3771 super
337 3687 503 3750 conditores
519 3686 599 3750 orbis
615 3687 734 3771 angelos
751 3689 849 3750 elierri
867 3687 1008 3770 potuerit3
1033 3685 1105 3747 baec
1122 3688 1198 3750 enim
1215 3691 1240 3752 si
1256 3691 1299 3753 vi·

156 3809 207 3853 res
221 3790 368 3873 acceperit
383 3790 464 3874 paria
480 3810 544 3852 com
562 3787 628 3852 lesu
646 3790 803 3874 eademque
821 3788 995 3873 praestabit,
1020 3798 1052 3850 ut
1068 3788 1151 3872 paulo
1167 3804 1234 3877 ante
1256 3794 1298 3855 di-

158 3891 269 3956 ximus.
306 3888 357 3954 Ex
372 3912 430 3974 quo
448 3890 545 3954 miseri
563 3891 610 3954 isti
628 3891 795 3976 impostoris
811 3891 887 3953 illius
903 3890 1003 3951 fraude
1019 3891 1130 3976 decepti
1148 3904 1205 3956 tam
1223 3895 1299 3957 into-

159 3993 271 4057 lerabili
288 3992 457 4076 arrogantia
475 4002 554 4069 suut,
580 4004 611 4056 ut
627 4014 660 4056 se
679 3993 725 4056 vel
742 3992 857 4076 ipsimet
878 3989 943 4054 lesu
961 3997 1178 4077 anteponendos
1196 3996 1299 4060 existi-

159 4106 250 4160 ment.
294 4093 408 4158 florum
425 4092 472 4156 alii
497 4114 555 4156 uon
577 4094 691 4177 quidem
712 4091 796 4171 lesu,
820 4095 870 4156 sed
888 4091 994 4173 Petro,
1017 4096 1170 4175 Andreae,
1194 4096 1297 4178 Paulo,

160 4197 268 4262 ceteris
284 4196 425 4284 apostolis
439 4206 587 4280 praestare
601 4216 668 4259 sese
683 4195 782 4259 dieunt
798 4218 862 4259 enm
879 4196 1051 4262 abundantia
1068 4201 1190 4284 quadem
1205 4200 1300 4266 soien-

160 4299 229 4378 tiae,
251 4310 313 4364 tum
329 4300 404 4384 quod
420 4298 643 4384 progressiones
658 4298 756 4360 varias
771 4318 804 4360 ac
820 4301 958 4363 decursus
974 4302 1058 4387 longe
1075 4304 1111 4365 iis
1126 4304 1298 4367 cumulatius

161 4398 297 4464 obierint.
342 4398 484 4464 Nonnulli
505 4418 575 4461 vero
590 4409 657 4461 sont
675 4399 723 4483 qui
743 4400 821 4462 iuter
842 4423 874 4465 se
891 4424 924 4465 ac
943 4403 1087 4467 dominum
1105 4414 1234 4467 nostrum
1252 4403 1298 4466 le-

162 4520 225 4565 sum
244 4499 393 4568 Christum
416 4502 485 4566 nibil
504 4502 649 4565 interesse
668 4514 820 4566 censeant.
866 4501 978 4591 Quippe
1002 4507 1115 4570 animae
1137 4527 1176 4570 ex
1199 4507 1299 4571 eadem
