3046 5084
325 352 460 402 rnunuu
477 352 540 403 nto.
553 353 573 403 ι.
590 352 672 403 rou.
685 353 727 402 ιιι.
744 351 935 403 unnuxtu.
1146 344 1203 406 561

55 485 120 547 tur,
143 477 204 534 ua'si
215 477 300 553 prim
315 476 465 534 moriebar.
511 469 578 555 Quo
600 492 641 535 cx
662 471 824 555 scripturae
841 471 1015 535 anctoritate
1034 473 1120 557 plane
1138 473 1207 537 illud

55 574 257 660 intelligimus,
280 595 374 658 grano
388 573 430 636 illi
447 574 523 658 quod
541 573 656 654 cecidit,
681 573 736 637 boc
751 585 798 638 est
812 574 983 658 consepulto
998 575 1125 659 corpori,
1150 597 1209 638 non

56 679 186 756 animae,
209 676 456 741 resurrectionem
474 697 543 741 esse
559 676 772 740 uindicandum.
819 674 934 739 Etenim
953 679 1097 760 quomodo
1114 678 1210 742 urrima

56 781 120 847 sola
135 779 263 858 veniret,
287 790 339 843 unt
352 800 478 864 regnare
490 779 552 843 sola
570 789 681 864 posset,
705 799 779 863 quae
795 800 859 841 cnm
875 800 998 864 corpore
1012 780 1087 863 quod
1105 780 1210 843 iustum

58 883 106 948 ccl
124 883 230 946 mulum
247 893 294 945 est
311 883 504 946 communiter
521 882 675 945 exercuit?
717 880 808 946 Esset
826 881 929 967 quippe
947 882 1076 946 iustitiae
1093 881 1210 946 minime

57 998 287 1051 cousentaneum
310 995 340 1048 et
361 985 500 1048 alienum.

141 1086 220 1152 Nam
240 1088 347 1172 triplex
364 1087 432 1150 illud
451 1084 615 1150 Marcionis
631 1083 810 1172 Principium
833 1087 991 1151 cohaerere
1014 1110 1071 1173 quo
1095 1088 1208 1151 demum
1228 1099 1287 1166 cnp.
1303 1101 1346 1152 vt.

58 1203 143 1279 pecto
160 1190 286 1277 poterit?
330 1187 388 1272 Qui
405 1201 502 1254 autem
521 1189 582 1253 lieri
600 1199 713 1274 potest,
739 1200 771 1252 ut
785 1190 832 1273 qni
849 1191 942 1253 bouus
959 1190 1015 1269 sit,
1039 1189 1068 1253 iu
1085 1190 1212 1253 deterio-

58 1296 100 1359 ris
118 1295 248 1379 partibus
263 1314 335 1378 opus
354 1293 491 1356 moliatur
507 1292 612 1371 ullum,
645 1292 721 1376 quod
743 1292 918 1357 adsalutem
942 1303 972 1356 et
994 1291 1021 1355 id
1043 1293 1211 1377 genuculis

59 1397 224 1484 pertineat?
267 1394 300 1461 Si
320 1397 396 1459 euim
415 1417 473 1458 nou
489 1395 582 1480 ipsius
599 1394 754 1480 peculiaris
771 1406 816 1458 ost
833 1397 973 1473 mucidus,
998 1407 1028 1459 et
1042 1396 1071 1459 iu
1088 1398 1212 1460 eundem

60 1500 215 1585 unigenam
233 1519 316 1562 suum
334 1497 520 1562 nibilominus
536 1498 673 1576 immisit,
698 1508 730 1562 ut
748 1520 788 1561 ex
804 1498 901 1562 alieno
918 1499 1041 1577 mundo,
1066 1499 1141 1583 quot
1159 1520 1213 1562 nec

60 1611 179 1667 severat
196 1621 250 1664 nec
269 1602 396 1680 lecerat,
420 1601 565 1680 auferret,
590 1621 713 1665 necesse
731 1612 777 1665 est
795 1601 873 1664 illum
890 1603 937 1665 vel
954 1602 1116 1665 alienorum
1133 1601 1214 1686 cupi·

61 1705 150 1769 ditate
167 1703 213 1768 vel
228 1704 348 1788 penurie
365 1702 519 1780 laborare,
544 1714 575 1766 ut
589 1724 653 1766 cum
671 1702 795 1789 propriis
812 1715 930 1782 carent,
954 1705 983 1766 in
1002 1726 1035 1767 ea
1053 1725 1126 1788 quoe
1143 1704 1214 1767 alte·

61 1808 124 1872 rius
139 1816 219 1886 suut,
243 1827 347 1869 mauus
363 1806 509 1883 immittat,
533 1827 590 1888 quo
606 1805 660 1868 sibi
677 1826 752 1889 quae
766 1817 852 1868 autea
870 1828 926 1869 nou
944 1806 1067 1869 bubcbat
1082 1817 1213 1891 usurpet.

63 1907 207 1977 Conditor
221 1930 308 1994 porro
322 1909 466 1992 quomodo
479 1911 557 1972 inter
570 1917 710 1994 utrosque
725 1908 873 1985 iudicabit,
896 1919 947 1971 aut
960 1931 1082 1992 quorum
1097 1909 1215 1972 omuino

63 2034 196 2078 corissum
215 2011 407 2096 disceptabit?
450 2007 484 2075 si
504 2010 580 2073 enim
598 2010 633 2074 de
649 2011 702 2087 iis,
727 2031 799 2094 quae
816 2011 844 2073 in
860 2011 987 2094 supremi
1004 2011 1082 2074 illius
1098 2032 1215 2097 posses·

61 2117 146 2181 sione
164 2125 251 2193 sunt,
282 2114 419 2178 iudicium
437 2123 596 2190 exerceat,
627 2112 835 2197 eritsupr'cmo
854 2113 903 2176 illo
922 2113 1084 2199 potentior,
1117 2124 1215 2198 utpote

61 2220 110 2305 qui
133 2238 208 2303 quoe
230 2217 293 2281 eius
315 2226 384 2281 sunt
405 2237 489 2278 suum
508 2215 544 2277 ad
564 2214 688 2278 tribunal
707 2216 958 2300 cognitionemque
977 2217 1153 2293 transierat,
1184 2226 1216 2279 ut

62 2321 178 2407 quidem
195 2317 342 2383 Marcioni
362 2317 488 2382 videtur.
534 2314 620 2399 Quod
637 2317 662 2381 si
680 2318 770 2381 iudex
786 2328 848 2395 est,
873 2318 991 2382 omuino
1007 2321 1101 2383 iustus
1117 2318 1215 2381 itidem

62 2424 102 2488 sit
117 2433 244 2508 oportet.
290 2421 380 2506 Atqui
397 2441 436 2485 ex
454 2421 518 2506 ipso
536 2420 603 2484 iusti
621 2421 738 2483 nomine
756 2421 861 2483 bonum
878 2443 912 2484 ac
931 2421 1037 2485 iustum
1054 2422 1130 2485 idem
1148 2441 1216 2484 csse

63 2524 340 2590 demonstrabimus.
386 2521 530 2607 Quicquid
556 2523 633 2586 enim
654 2522 761 2587 iustum
785 2534 847 2602 est,
879 2523 907 2587 id
925 2524 1011 2587 etiam
1033 2535 1079 2588 est
1095 2524 1214 2588 bonum.

63 2625 115 2692 ttx
137 2648 175 2691 eo
196 2628 301 2712 quippe
323 2627 399 2711 quod
422 2625 529 2690 bouum
552 2625 607 2704 sit,
639 2626 694 2689 boc
717 2624 818 2704 babet,
851 2629 928 2689 otei
950 2627 997 2710 qui
1017 2627 1091 2690 bona
1113 2626 1217 2690 lecerit

62 2730 141 2796 iuste
158 2751 194 2793 uc
211 2730 308 2814 reipsa
326 2729 432 2792 bonum
452 2727 603 2814 rependat.
650 2725 750 2810 Quare
769 2729 845 2813 quod
864 2729 970 2793 bonum
990 2741 1037 2793 est
1052 2730 1129 2794 bono
1146 2751 1216 2793 cou-

63 2834 184 2897 trarium
204 2853 262 2896 nou
280 2831 354 2910 erit,
378 2830 448 2894 illud
466 2829 596 2909 scilicet,
620 2832 696 2914 quod
713 2842 743 2895 et
761 2831 837 2895 bono
854 2831 961 2895 bonum
979 2854 1019 2896 ex
1036 2832 1147 2897 iustitia
1166 2834 1217 2895 tri·

64 2935 146 3014 buut,
171 2946 204 2999 et
215 2934 291 2998 malo
308 2933 421 2997 debitus
439 2955 548 3018 poenus
565 2954 600 2997 uc
616 2932 756 3019 supplicia
774 2935 943 2998 constituat.
990 2933 1128 2999 Vicissim
1144 2955 1217 2998 vero

65 3059 120 3103 neo
141 3038 191 3101 illc
215 3036 310 3101 bonus
332 3035 390 3100 erit
410 3037 457 3120 qui
481 3056 546 3103 cum
570 3036 618 3119 qui
641 3036 734 3100 malus
756 3037 795 3099 sit
820 3037 848 3099 iu
874 3038 931 3101 bne
956 3038 1093 3123 praemiis
1117 3037 1216 3116 afficit,

66 3141 122 3206 uisi
140 3141 215 3204 forte
233 3138 405 3223 resipuerit3
438 3139 570 3222 quumvis
586 3139 672 3202 modo
687 3162 772 3221 snper
788 3142 873 3202 bonos
890 3163 925 3202 ue
940 3143 1028 3202 malos
1044 3146 1120 3204 ονίιϊ
1131 3143 1216 3202 solem
1226 3159 1369 3219 motuum.

64 3266 145 3308 ιιιιιιιι
153 3246 266 3328 saecul,
291 3254 375 3323 atque
390 3245 504 3304 rinbrem
520 3264 600 3304 suum
619 3245 779 3322 largitatum
805 3254 923 3329 propter
939 3264 1002 3305 cam
1019 3264 1094 3327 quae
1112 3242 1141 3306 iu
1158 3264 1218 3305 ma·

64 3347 103 3412 lie
123 3345 244 3433 perinde
266 3366 301 3410 ec
323 3343 407 3408 bouis
426 3344 557 3408 cernitur
574 3344 687 3408 arbitrii
704 3345 879 3409 libertatem.
924 3343 1030 3430 Neque
1048 3344 1124 3408 euim
1141 3346 1217 3408 bona

67 3449 131 3515 eius
149 3468 217 3513 csse
236 3457 339 3511 ustura
359 3459 473 3532 potest,
506 3448 598 3532 quiin
615 3448 711 3512 tuturo
725 3448 826 3512 seculo
843 3447 988 3512 scelerato
1003 3447 1125 3532 cuipiam
1142 3470 1218 3513 mer·

66 3552 168 3617 cedem
190 3550 293 3615 salutis
316 3551 465 3628 conterat,
499 3569 554 3614 nec
575 3549 709 3635 quicquid
732 3552 837 3615 malum
859 3562 905 3615 est
927 3550 1022 3636 potius
1046 3561 1215 3616 execretur.

65 3653 144 3720 Nam
160 3654 264 3717 tertius
282 3653 348 3732 ille,
371 3653 418 3738 qui
437 3674 455 3717 u
472 3650 625 3717 Marcione
641 3653 758 3739 ponitur
772 3651 888 3731 lllalus,
912 3653 936 3716 si
954 3653 1028 3716 male
1046 3654 1150 3738 agendi
1167 3676 1218 3740 po·

66 3767 174 3822 testate
192 3756 341 3842 praeditos
359 3765 422 3834 est,
446 3765 532 3840 atque
550 3755 667 3840 eosqui
682 3756 711 3819 iu
731 3758 837 3820 mundo
855 3766 939 3833 sunt,
968 3767 1051 3820 note
1070 3756 1153 3820 coelo
1170 3758 1220 3820 de-

66 3859 140 3946 lapsi
156 3869 244 3938 sunt,
268 3859 377 3938 bonos,
402 3869 453 3922 uut
468 3858 643 3923 mediocrem
662 3855 772 3924 lustum
787 3880 956 3945 expugnare
971 3869 1083 3944 potest,
1108 3860 1220 3922 duobus

67 3963 188 4046 reliquis
205 3962 260 4026 diis
276 3963 333 4026 erit
350 3963 513 4048 potentior,
545 3963 648 4049 quippe
667 3961 715 4046 qui
730 3962 824 4025 aliena
840 3983 892 4047 per
909 3960 967 4025 vim
982 3961 1075 4048 possit
1091 3962 1217 4047 eripere.

67 4063 123 4131 lsti
138 4085 222 4144 uero,
246 4065 271 4129 si
288 4086 352 4129 cum
366 4064 416 4128 illo
430 4075 646 4150 comparentur,
669 4064 768 4148 ignavi
784 4075 814 4128 et
827 4064 986 4129 imbecilles
1001 4065 1123 4128 bubendi
1139 4075 1218 4144 sum,

68 4169 116 4253 qui
135 4167 251 4253 quidem
269 4167 410 4231 resistere
428 4177 590 4250 nequeant,
626 4186 736 4250 suaque
755 4167 792 4230 ab
810 4166 888 4232 illius
905 4168 953 4253 qui
971 4189 1006 4232 en
1020 4168 1116 4254 rapiat
1131 4178 1160 4232 et
1176 4167 1221 4232 iu·

69 4272 127 4336 sita
150 4271 204 4334 sibi
228 4269 373 4356 pravitate
395 4279 579 4354 corrumpat,
602 4267 708 4332 iniuria
730 4268 890 4334 vindicare.

154 4371 267 4442 Verum
286 4384 318 4437 ut
337 4371 462 4459 improbi
483 4370 638 4436 nebulonis
659 4370 762 4437 inanes
785 4394 820 4437 ac
839 4373 979 4439 ridiculus
995 4374 1106 4439 tubulus
1127 4373 1221 4460 magis
1240 4393 1360 4463 eapvu.

70 4523 193 4596 πτάμενος
208 4529 246 4578 ed.
257 4530 333 4593 pctus
367 4529 404 4578 tto
417 4523 509 4606 χλιΰηιι
522 4521 629 4650 dqlcau·
698 4526 722 4580 3.
738 4517 824 4611 ᾗτιῇι
843 4531 892 4582 τῶι
910 4522 1007 4584 ἄνωθεν
1023 4532 1075 4582 cod.
1090 4530 1163 4580 Vottc.

71 4597 132 4652 σθαι
147 4597 295 4659 Erupbuutus
310 4597 372 4646 dtctt
388 4597 452 4648 bam.
463 4594 505 4660 (ib,
523 4597 539 4648 5
558 4633 564 4646 .
696 4593 721 4650 q,
738 4613 808 4667 αυτῳ
825 4601 876 4648 cod.
893 4601 964 4651 Vetto.

123 4677 213 4734 corpu·
225 4675 360 4724 Hurmul.
373 4676 403 4722 tt.
979 4688 1019 4755 35
