3046 5084
175 324 237 385 606
598 331 719 382 ὃλΝΟΤΙ
737 330 903 381 ΕΡΙΡΗΑΝΠ

53 484 104 530 pag.
117 470 161 513 εσυ.
176 449 263 534 λόγος
284 455 336 515 τοῦ
354 454 486 531 σωτῆρος
503 450 615 533 ἐλέγχει.
660 448 750 532 Λέγει
764 444 835 531 γάρ,
864 443 904 510 Ἡ
914 443 998 532 γενεά
1016 444 1091 529 αῦτη
1107 454 1230 529 σημεῖον
1246 449 1328 525 αίττῖ,

175 554 226 617 καὶ
242 560 362 634 σημεῖον
377 549 414 616 οῦ
428 549 587 634 δοθήσεται
600 547 688 638 αῦτῆ·
706 547 747 624 οίς
760 556 819 614 τῶν
832 546 889 634 πρό
904 546 995 632 αῦτῆς
1009 555 1062 630 τῆς
1075 555 1175 633 γενεάς
1187 553 1327 629 καταξιω-

174 662 284 720 θεισῶν
306 658 432 736 σημείων
453 650 534 736 παρά
555 660 630 717 θεοῦ
655 650 704 716 άπ’
728 650 867 735 οῦρανοῦ.
907 650 960 727 Ὡς
984 648 1001 717 ό
1022 652 1075 735 μὲν
1091 648 1191 728 Ἠλίας
1208 661 1329 735 σημεῖον

174 760 267 822 ἐποίει
283 755 333 822 διά
348 763 401 821 τοῦ
415 753 464 821 ἄπ’
479 753 609 839 οῦρανοῦ
624 754 720 840 πυρός
733 752 969 837 καταβεβηκότος
983 755 1034 820 καί
1046 750 1190 837 λαβόντος
1203 752 1259 837 τήν
1273 764 1328 819 θυ·

174 864 253 923 σίαν·
281 861 331 923 καί
347 866 484 940 Μωϋσῆς
501 859 597 939 τίμνει
612 857 664 939 τήν
679 855 848 934 θάλασσαν,
870 859 922 921 καί
941 854 994 939 τήν
1010 858 1121 941 πέτραν
1136 854 1256 935 νάσσει,
1279 858 1329 923 καί

173 964 289 1044 προχέει
304 961 405 1045 ῦδωρ,
426 962 476 1025 καί
495 959 589 1043 μάννα
606 957 655 1024 ἄπ’
672 957 803 1044 οῦρανοῦ
821 960 916 1044 φέρει·
939 961 991 1024 καί
1006 956 1120 1043 Ἰησοῦς
1133 957 1151 1025 ό
1165 966 1222 1025 τοῦ
1237 965 1329 1043 Ναυῆ

172 1067 268 1145 ἰ’στησι
283 1061 333 1128 τόν
348 1062 431 1145 ήλιον
447 1064 498 1127 καί
516 1060 570 1145 τήν
585 1061 719 1145 σελήνην·
748 1063 799 1127 καλ
813 1059 889 1127 κατά
906 1060 1003 1127 πάντα
1018 1060 1131 1147 τρόπον
1146 1060 1207 1129 νῦν
1223 1060 1329 1151 τρῦψη

173 1164 209 1229 τά
235 1167 418 1251 γεγραμμένα
443 1162 597 1242 άπατεοίν,
628 1162 716 1230 οῦδὲν
739 1163 847 1247 βλάψει
868 1163 923 1247 τήν
947 1162 1106 1248 άλήθειαν,
1139 1162 1199 1230 ἄλλ’
1223 1162 1330 1231 ἔαυτόν

174 1264 365 1351 άπαλλοτριοῖ
382 1275 435 1349 τῆς
456 1265 602 1349 άληθείας.

258 1369 343 1452 Σχόλ.
361 1368 413 1444 κς’.
445 1367 523 1435 ’Λντί
541 1378 610 1449 τοῦ,
636 1370 824 1453 Παρίρχεσθε
839 1366 893 1451 τήν
908 1373 1003 1455 κρίσιν
1018 1377 1072 1436 τοῦ
1089 1376 1182 1450 θεοῦ,
1208 1370 1326 1456 Παρίρ·

173 1481 259 1557 χεσθε
280 1471 334 1554 τήν
355 1480 457 1553 κλῆσιν
477 1480 530 1538 τοῦ
552 1478 636 1537 θεοῦ.

248 1572 356 1660 Ἕλεγχ.
373 1572 425 1649 κς’.
458 1573 564 1640 Πόθεν
583 1572 638 1640 οῦκ
658 1575 771 1663 ε’λὲγχης
806 1572 912 1640 Πόθεν
929 1575 962 1641 δέ
982 1573 1101 1641 80κατά
1119 1578 1174 1640 σοῦ
1191 1580 1329 1665 συναχθῆ

174 1675 194 1760 ή
211 1681 372 1763 μαρτυρίας
409 1675 451 1740 Τά
467 1684 570 1761 πρῶτα
586 1676 642 1763 γάρ
659 1674 778 1764 συνᾴδει
795 1686 857 1753 τοῖς
873 1678 1041 1760 μετέπειτα,
1070 1678 1260 1764 ίλεγχομίνης
1276 1684 1329 1761 τῆς

174 1779 254 1864 παρά
272 1788 327 1845 σοῦ
342 1782 540 1868 ῥᾳδιουργίας.
582 1778 651 1844 Ἐάν
668 1776 723 1864 γάρ
742 1782 828 1868 είπη,
851 1781 989 1863 Κατέχετε
1003 1778 1056 1857 τάς
1071 1778 1253 1866 παραδόσεις
1267 1786 1328 1846 τῶν

174 1885 379 1967 πρεσβυτέρων
393 1880 492 1964 ῦμῶν,
516 1884 566 1947 καί
581 1883 761 1967 παρέρχεσθε
775 1879 809 1947 τό
825 1884 904 1959 ἐλεος
920 1885 971 1949 καί
985 1880 1039 1967 τήν
1054 1886 1151 1969 κρίσιν
1166 1890 1222 1949 τοῦ
1237 1890 1327 1963 θεοῦ,

174 1985 252 2069 μάθε
272 1983 331 2050 άπό
351 1989 439 2050 ποίου
458 1983 565 2069 χρόνον
584 1989 711 2050 αίτιᾶται
729 1981 837 2061 αότοῦς
854 1993 941 2052 τοῦτο
958 1988 1177 2065 ίπιτελοῦντας,
1207 1982 1281 2053 πότι
1295 1986 1327 2051 δί

173 2085 194 2171 ή
212 2086 376 2173 παράδοσις
392 2084 492 2163 αότοῖς
509 2090 608 2172 γέγονε
625 2092 683 2153 τῶν
699 2089 919 2172 πρεσβυτέρων,
947 2090 998 2154 καὶ
1017 2086 1258 2175 81εῦρήσειςῦτι
1274 2094 1327 2155 τσῦ

173 2192 225 2273 μὲν
240 2192 339 2273 Δαβίδ
356 2188 426 2273 μετά
445 2189 498 2272 τήν
517 2193 548 2255 ἐκ
566 2194 745 2272 Βαβυλῶνος
763 2188 925 2269 ἐπάνοδον,
954 2198 1009 2257 τοῦ
1028 2192 1061 2258 δέ
1074 2187 1181 2273 Ἀκιβῦ
1199 2192 1253 2257 καλ
1267 2188 1327 2277 πρά

174 2300 232 2357 τῶν
249 2297 466 2375 Βαβυλῶνικῶν
483 2295 683 2374 αἰχμαλωσιῶν
699 2293 867 2377 γεγένηται,
897 2300 957 2358 τῶν
969 2294 1003 2359 δέ
1015 2296 1089 2359 υίῶν
1102 2290 1327 2377 Ἀσσαμωναίου

174 2399 205 2461 ἐν
221 2395 337 2480 χρόνοις
349 2394 540 2481 Ἀλεξάνδρου
557 2397 607 2459 καί
622 2392 787 2477 Ἀντιόχου,
816 2393 875 2480 πρά
893 2402 946 2478 τῆς
965 2403 1018 2463 τοῦ
1036 2402 1168 2481 Χριστοῦ
1187 2398 1330 2481 ἐκδημίας

173 2496 279 2565 ἑκατόν
297 2497 470 2581 ἐνενήκοντα
485 2500 585 2563 ἐτεσιν.
621 2495 697 2583 ’Ἆρα
712 2503 785 2583 γοῦν
806 2500 857 2563 καί
873 2501 970 2565 ἐκτοτε
987 2496 1037 2565 διά
1051 2497 1148 2585 νόμου
1169 2490 1210 2583 ῆν
1227 2496 1330 2585 ήαδῆ·

173 2624 232 2683 σις,
260 2602 311 2666 καί
327 2598 377 2665 διά
392 2607 556 2686 προφητῶν
571 2597 604 2665 τά
621 2602 715 2678 ἐλεος,
744 2602 794 2665 καί
810 2600 996 2685 πανταχόθεν
1011 2604 1144 2669 ίκττίσττεε
1159 2597 1180 2669 ό
1196 2598 1329 2691 σ’γυρταί-

174 2708 228 2787 δης
249 2726 304 2770 σου
325 2702 419 2789 λόγος.

255 2805 341 2890 Σχόλ.
356 2806 405 2885 κξ.
441 2803 519 2871 Οῦαλ
534 2805 614 2889 ῦμῖν,
634 2805 681 2873 ότι
695 2809 875 2890 οἰκοδομεῖτε
890 2806 925 2873 τά
937 2816 1063 2891 μνημεῖα
1076 2814 1137 2874 τῶν
1150 2814 1325 2895 προφητῶν,

171 2910 221 2975 καί
243 2914 274 2975 οί
293 2911 415 2995 πατέρες
436 2906 520 2992 ῦμῶν
542 2907 714 2975 ἀπέκτειναν
735 2907 851 2986 αότοός.

246 3010 355 3097 Ἔλεγχ.
373 3010 422 3089 κξ.
453 3014 496 3075 Εί
510 3018 568 3078 τῶν
585 3019 750 3097 προφητῶν
764 3021 891 3078 ποιεῖται
905 3008 959 3094 τήν
975 3016 1135 3097 φροντίδα,
1163 3010 1236 3091 τοῦς
1250 3010 1324 3081 ιίτσα-

170 3118 337 3190 κτείνανιας
359 3111 524 3192 ὀνειδίζων,
554 3112 610 3181 οῦκ
631 3112 774 3200 α’λλότριοι
795 3112 888 3181 αότοῦ
907 3106 984 3197 ῆσαν
1003 3118 1035 3180 ολ
1051 3122 1224 3201 προφῆται,
1253 3114 1324 3183 offla*

171 3222 283 3297 δοῦλοι,
301 3220 351 3282 καί
365 3220 588 3304 προετοιμασταλ
603 3226 656 3301 τῆς
671 3216 815 3304 ἐνσάρκου
831 3215 924 3284 αῦτοῦ
940 3221 1116 3303 παρουσίας,
1139 3222 1172 3286 ot
1185 3220 1238 3285 ταί
1250 3244 1322 3305 μαρ-

170 3319 346 3405 τυρήσαντες
365 3328 399 3409 τῆ
419 3328 505 3409 κοινῆ
524 3319 670 3410 διαθήκη·
702 3328 839 3404 Μαῦσῆς
857 3322 910 3404 μέν
925 3322 1030 3408 λέγων,
1063 3320 1236 3409 Προφήτην
1252 3318 1324 3407 ῦμῖτ

170 3421 324 3505 άναστήσει
347 3423 450 3508 πόριος
473 3422 491 3487 ό
512 3421 584 3498 θεός
607 3426 639 3488 ἐκ
662 3431 721 3488 τῶν
741 3421 877 3505 άδελφῶν
898 3420 999 3506 ῦμῶν,
1031 3420 1073 3502 ῶς
1093 3426 1159 3507 m·
1189 3426 1243 3491 ταί
1262 3422 1321 3509 ιρδ

171 3523 262 3592 αῦτοῦ
278 3524 382 3609 Ἰακιδβ
401 3529 503 3612 λέγων,
524 3524 574 3591 Ἐκ
593 3531 730 3610 βλαστοῦ,
752 3528 799 3591 υίέ
818 3551 877 3609 μου
893 3524 1001 3605 Ἰοῦδα,
1023 3522 1143 3610 άνέβης,
1164 3524 1323 3593 άνιπεσσίτ

170 3628 350 3711 ἐκοιμήθης·
372 3626 426 3695 οῦκ
441 3631 567 3710 ἐκλείψει
584 3636 621 3674 ⁸²
631 3626 728 3714 άρχων
742 3630 773 3706 ἐξ
785 3626 893 3708 Ἰοόδα,
909 3630 958 3694 καὶ
972 3626 1032 3711 μετ’
1046 3626 1140 3715 όίίγϋ,
1150 3628 1236 3707 ”Este
1248 3632 1323 3721 δλθρ

170 3724 194 3820 ᾧ
218 3729 254 3796 τά
276 3730 467 3815 άποκείμενα,
497 3734 545 3797 καί
569 3729 658 3807 αῦτός
679 3734 840 3818 προςδοκία
859 3733 972 3797 ἐθνῶν·
1003 3732 1054 3795 καί
1072 3728 1119 3797 ἐπ’
1135 3728 1229 3799 αῦτδν
1246 3734 1323 3817 [θη

48 3868 99 3912 ρας.
112 3854 156 3899 σαι
171 3836 328 3899 ἐλπιοῦσιν.
371 3832 489 3911 Ἠσαίας
511 3836 558 3915 δέ,
587 3832 664 3900 Ἰδοῦ
686 3831 707 3916 ή
728 3836 881 3919 παρθένος
901 3835 934 3899 ἐν
952 3834 1055 3919 γαστρί
1076 3834 1142 3913 teca
1183 3830 1323 3927 Ἱερεμίας

170 3937 217 4016 δὲ,
245 3939 305 4002 Καὶ
324 3936 487 4023 άνθρωπός
504 3941 578 4017 ἐστι,
602 3939 652 4002 καί
670 3940 713 4012 τίς
730 3935 869 4022 γνῶσεται
889 3933 987 4001 αῦτόν.
1031 3940 1184 4021 Μιχαίας,
1209 3938 1270 4003 Καί
1284 3932 1323 4005 οῦ

171 4040 322 4122 Βηθλεέμ,
345 4043 395 4105 καλ
412 4038 478 4122 μεθ’
495 4042 592 4125 ἕτερα,
612 4037 671 4105 Ἐκ
688 4047 743 4105 σοῦ
759 4066 810 4122 μοι
826 4040 1001 4117 ἐξελεόσεται
1014 4036 1197 4125 ήγοῦμενος,
1219 4042 1273 4107 καλ
1284 4036 1323 4107 σι’

170 4144 242 4223 ε’ξῆς.
285 4140 318 4207 ‘0
340 4144 372 4207 δέ
390 4147 560 4227 Μαλαχίας,
589 4140 754 4225 Ἐξαίφνης
775 4144 816 4218 είς
836 4138 889 4208 τόν
910 4140 983 4208 ναόν
1007 4140 1067 4225 ῆξει
1084 4138 1196 4227 κῦριος.
1237 4140 1273 4227 Ὁ
1289 4142 1323 4211 δέ

170 4246 283 4325 Δαβίδ,
307 4242 402 4311 Είπεν
418 4242 437 4311 ό
451 4244 556 4332 κάρτος
572 4252 613 4334 τῷ
630 4248 724 4335 κυρίην
739 4272 798 4329 μου
804 4296 813 4325 ,
834 4246 885 4313 καλ
901 4242 937 4310 τά
955 4246 1030 4329 ἑξῆς.
1074 4246 1136 4311 Καί
1151 4242 1247 4313 πολλά
1258 4246 1322 4341 βεεν

201 4435 242 4487 80.
260 4433 347 4491 Πόθεν
361 4435 391 4492 δὲ
402 4431 431 4490 οῦ
441 4433 505 4490 κατὰ
516 4436 561 4489 σοῦ
572 4436 661 4504 (πορὶι
669 4453 725 4500 pro·
792 4434 832 4489 81.
846 4432 965 4503 εόρῆσεις
974 4438 1105 4489 emendatio
1117 4440 1262 4491 ετλῬτλαυλλ.
1279 4440 1321 4491 u·

167 4502 355 4625 ρηεηηηωίβίήίεν
377 4506 407 4561 δὲ
422 4502 488 4559 κατὰ
506 4507 551 4558 σοῦ
569 4501 610 4573 οῦ)
634 4510 727 4570 suppte-
760 4509 796 4557 δελ
811 4511 860 4555 σακε
877 4509 958 4570 scripti
971 4520 1045 4569 ηαστε
1059 4508 1117 4557 edm
1131 4498 1244 4573 εῦρεσις.
