3046 5084
385 359 519 411 Pattnnu
535 359 599 411 bre.
612 360 632 413 1.
648 360 730 414 ΤΟΜ.
743 360 786 414 tlt:
800 361 902 414 naen.
912 362 1024 415 XXXV.
1217 352 1279 415 479

129 487 227 559 stereq
258 478 499 562 quemadmodum
514 478 545 543 in
562 479 687 564 singulis
702 481 865 546 refutandis
883 481 1051 546 haeresibus
1070 501 1159 568 saepe
1177 503 1212 547 ac
1230 503 1279 546 cc-

130 579 213 666 piose
237 581 475 645 monstravimus.
520 579 607 646 Adeo
628 591 661 646 ut
681 582 782 647 eadem
804 602 860 667 qua
882 583 913 646 in
933 582 1040 647 ceteris
1063 582 1176 648 ratione
1199 585 1279 648 debc-

130 694 208 748 otnm
227 684 282 764 sit,
314 682 487 747 nebulonem
505 683 585 747 illum
604 705 640 748 ac
656 683 825 770 pestilerom
841 684 986 748 bominem
1003 686 1066 748 sola
1084 685 1278 749 ostentatione

129 785 177 850 sui
191 806 227 851 ac
243 785 414 850 curiositate
428 786 544 850 ductum
558 787 595 850 ad
611 796 669 850 tam
683 784 819 850 immania
836 796 970 872 portenta
986 786 1120 869 lingenda
1135 788 1279 852 lubrican-

129 889 224 974 daque
246 887 377 952 venisse.

214 988 303 1055 Nunc
318 989 397 1054 illius
414 1009 449 1055 uc
464 987 683 1054 Mercuriorum
699 988 848 1074 impietate
867 991 1024 1075 praeterita
1042 992 1077 1054 ad
1095 991 1168 1058 aliar
1184 1003 1279 1058 traus-
1314 1009 1372 1076 cap.

130 1112 248 1172 murus,
281 1112 438 1178 earumque
462 1102 494 1157 et
515 1091 677 1156 evellamus
694 1092 809 1156 radices
834 1102 863 1154 et
880 1092 1079 1156 amarissimos
1098 1094 1207 1159 fructus
1225 1096 1279 1160 tul·
1296 1077 1393 1128 xttttt.

131 1195 224 1261 lamna
242 1216 259 1258 e
276 1196 390 1274 medio,
421 1215 456 1258 ac
472 1195 711 1289 quemadmodum
730 1193 823 1258 relelli
840 1193 970 1279 possint,
1001 1216 1132 1281 quaeque
1148 1196 1185 1260 ad
1201 1197 1280 1282 ipsos

130 1300 278 1385 pertinent
293 1296 429 1362 universa
446 1298 628 1377 referamosr
652 1318 710 1361 nou
727 1296 937 1380 allegantibus
956 1298 1048 1360 fraudi
1064 1297 1119 1362 ista
1135 1298 1205 1378 sint,
1228 1300 1279 1363 aed

125 1410 163 1464 ut
177 1400 215 1465 ab
231 1401 288 1464 illis
304 1399 500 1478 abhorreant,
524 1419 618 1484 neque
636 1398 671 1462 ad
688 1419 775 1462 unam
793 1398 917 1482 aliquam
935 1419 1034 1462 earum
1053 1421 1125 1485 quas
1143 1401 1282 1487 exposui·

130 1523 195 1566 mus
210 1511 261 1566 aut
274 1500 489 1586 insequentium
504 1501 662 1582 accedant,
687 1501 738 1565 sed
754 1500 803 1564 ubi
820 1520 893 1584 quoe
911 1500 946 1563 ab
963 1500 1021 1564 illis
1036 1502 1144 1587 scripta
1159 1513 1227 1567 sunt
1240 1503 1282 1567 le·

129 1604 239 1689 gerint,
262 1604 436 1688 saepiusque
452 1604 603 1667 decantata
619 1603 823 1686 cognoverint,
847 1601 963 1666 illorum
980 1603 1130 1668 erroribus
1145 1624 1179 1668 ac
1193 1625 1281 1671 vene·

130 1718 199 1771 uela
224 1705 409 1791 improbitate
434 1707 569 1769 damnata
594 1703 706 1789 fugiant
730 1705 849 1790 procul,
883 1726 916 1768 ac
942 1705 1060 1790 propios
1087 1726 1120 1769 se
1145 1708 1281 1771 conferre

131 1818 302 1873 armentur.
345 1805 505 1893 Dipsadem
524 1806 665 1891 qnondam
689 1826 706 1870 e
723 1804 888 1890 viperarum
911 1827 1021 1890 genere
1038 1827 1106 1872 esse
1123 1808 1281 1872 memoriae

131 1911 275 1996 proditum
292 1919 355 1989 est,
381 1930 457 1994 quae
473 1908 636 1973 istiusmodi
654 1907 735 1972 virus
751 1907 896 1971 immittat.
943 1905 1017 1973 Cum
1036 1909 1112 1973 cuim
1130 1911 1281 1975 excavatis

132 2012 161 2076 in
178 2011 315 2098 rupibus,
340 2031 415 2096 quae
431 2010 586 2074 stillantem
603 2031 620 2074 e
636 2009 720 2074 saxis
735 2009 877 2093 liquorem
894 2012 1055 2096 excipiunt,
1077 2032 1180 2096 aquam
1198 2023 1282 2075 nacta

130 2114 254 2194 biberit,
285 2135 349 2178 eam
366 2127 468 2200 postea
484 2133 600 2177 veneno
618 2133 673 2177 suo
690 2112 734 2176 sic
751 2112 860 2191 inlicit,
890 2124 923 2177 ut
937 2114 962 2176 si
982 2114 1058 2198 quod
1077 2114 1183 2177 animal
1202 2114 1283 2178 dein·

131 2238 201 2304 ceps
217 2236 258 2281 ex
275 2237 311 2281 ea
329 2213 492 2301 potaverit,
516 2235 581 2278 com
597 2215 692 2280 iuvari
708 2235 744 2279 ac
759 2214 837 2279 sitim
854 2215 988 2281 relevare
1007 2215 1101 2280 visum
1120 2217 1223 2295 luerit,
1247 2218 1282 2279 ad

130 2329 308 2385 venenatum
329 2319 423 2402 ipsum
446 2337 540 2401 aquae
561 2317 777 2404 receptaculum
798 2317 894 2380 subito
917 2317 1058 2381 moriatur
1079 2337 1114 2381 ac
1135 2319 1280 2382 concidat.

131 2418 264 2505 Quodsi
282 2440 367 2505 quem
386 2420 436 2483 illa
453 2420 659 2499 momorderit,
689 2419 776 2505 ignea
794 2420 899 2484 veneni
917 2418 962 2483 vis
979 2419 1181 2484 vehementius
1200 2441 1283 2504 gras-

131 2543 201 2588 sans
218 2523 366 2608 ingentem
383 2522 461 2586 sitim
478 2522 580 2602 affert,
611 2531 642 2586 ct
663 2520 699 2585 ad
717 2522 834 2587 assidue
851 2522 1005 2605 potandum
1024 2522 1201 2587 intolerabili
1217 2544 1282 2587 com

132 2625 235 2691 dolore
256 2624 413 2711 compellit.
467 2620 525 2688 Cui
546 2624 661 2710 quidem
687 2623 802 2688 letilero
825 2623 919 2688 dolori
943 2624 1010 2687 dum
1038 2625 1079 2688 ita
1106 2645 1140 2688 se
1162 2625 1282 2688 remedii

132 2727 240 2792 afferre
257 2726 365 2811 aliquid
382 2725 549 2807 existimat,
573 2728 602 2791 in
620 2726 723 2791 eodem
739 2726 804 2790 loco
820 2736 925 2790 ventre
939 2726 1067 2791 distento
1083 2748 1138 2790 nec
1153 2727 1282 2791 bumoris

133 2830 284 2916 quiequam
304 2829 594 2916 ampliuscapientc,
625 2850 691 2893 cum
708 2839 778 2915 potu
796 2848 867 2891 mcx
886 2828 1011 2892 animam
1028 2830 1184 2915 profundit.
1230 2825 1282 2894 Sic

131 2932 181 2997 ille
197 2952 262 2996 cum
279 2931 455 2996 inexhausta
471 2943 557 3018 potus
569 2929 708 2996 aviditate
724 2931 786 2997 acie
800 2930 923 2994 exitium
939 2930 1106 2996 consciscit.
1150 2929 1211 2997 Sed
1228 2952 1282 2996 uos

132 3034 170 3098 ab
191 3054 228 3098 eo
250 3054 366 3100 veneno
388 3033 486 3099 diviua
510 3054 566 3119 ope
586 3033 701 3099 liberati
721 3033 850 3120 reliquas
872 3035 907 3099 ad
930 3034 1070 3100 haereses
1084 3044 1280 3099 transeamus.

333 3680 585 3758 codrus
625 3679 1085 3774 cobonbastos,

367 3827 449 3899 quae
476 3809 528 3879 eet
550 3802 700 3879 haeresia
719 3803 795 3878 XV.
821 3803 892 3878 sire
911 3801 1052 3877 XXXV.

217 3952 359 4039 Sequitur
373 3951 571 4035 Colorbasus,
601 3956 649 4040 qui
671 3955 707 4018 ab
729 3955 833 4020 iisdem
847 3951 943 4017 Marci
959 3953 1126 4039 praestigiis
1147 3973 1215 4018 suas
1238 3954 1281 4018 in·
1300 3965 1390 4035 ειμι.

132 4055 227 4144 eptias
240 4057 419 4142 corrogavit.
458 4055 543 4141 ¹(lain
559 4067 643 4122 etex
659 4054 820 4121 Ptolemaei
836 4055 979 4120 radicibus
993 4059 1116 4121 sentium
1134 4077 1169 4120 ac
1185 4056 1282 4143 spina-

132 4182 197 4225 rum
213 4161 309 4224 instar
324 4179 481 4245 crumpens
500 4182 592 4225 novas
608 4161 746 4244 quasdam
765 4158 917 4244 opiniones
935 4172 1115 4224 commentus
1134 4171 1196 4240 est,
1219 4160 1282 4245 qui·

98 4303 101 4306 »
132 4263 187 4327 bus
204 4262 561 4352 relotaculeisubomines
578 4263 750 4340 infestaret,
783 4263 848 4325 dum
868 4262 993 4327 maiores
1011 4282 1102 4348 nugas
1119 4264 1281 4328 aesomoia

133 4366 247 4433 veluto
264 4367 348 4432 coelo
366 4365 501 4451 delapsus
519 4365 636 4441 eliutiit.
680 4361 753 4429 Fuit
767 4364 795 4428 ei
814 4364 936 4450 primum
954 4388 1018 4431 cum
1034 4363 1140 4430 Marco
1154 4365 1281 4432 societas

168 4588 226 4641 Car.
241 4589 262 4639 l.
279 4614 313 4630 -
331 4589 353 4642 l.
370 4591 477 4641 bortum
492 4586 573 4657 δείρᾳ.
722 4587 746 4639 2.
763 4590 800 4640 lto
815 4593 930 4653 rescripsi.
964 4591 1029 4640 trost
1044 4592 1128 4642 babeat
1143 4585 1248 4650 τούτοις.
