3046 5084
392 343 527 395 Panaeti
543 344 605 394 Litt.
619 345 638 394 i.
656 344 736 397 ΤΟΜ.
749 344 793 395 ili.
810 343 909 394 iiten.
921 343 1043 394 XXXiV.
1230 331 1291 392 459

144 457 217 524 lude
242 461 351 524 omisso
373 483 475 526 rursus
493 465 622 548 episemo
645 473 674 527 et
695 464 823 549 ipsorum
847 463 1055 526 elementorum
1080 462 1221 527 subducto
1241 484 1293 525 no·

144 584 226 627 mero
248 575 335 647 atque
357 565 632 649 compositumque
654 565 690 628 ad
712 577 779 628 octo
802 565 987 628 tricenarium
1009 565 1170 648 perficiunt.
1215 562 1293 627 Nam

143 666 191 750 qui
214 667 249 728 ab
272 673 292 727 ἄ
313 668 458 752 eoeperit,
492 678 521 729 et
537 666 758 746 iondesierit,
791 668 937 730 clementa
952 667 1147 744 numerando,
1180 668 1293 750 dempta

144 779 241 831 tamen
260 770 368 832 senarii
386 781 452 832 nota
473 790 508 833 ae
524 768 673 833 literarum
690 770 719 832 iu
740 792 827 832 nrrrnn
850 769 1055 853 progressione
1075 769 1216 844 eorrilata,
1242 770 1291 831 tri·

141 873 222 955 ginta
240 873 378 956 reperiet.
425 869 569 954 Quoniam
585 873 620 934 ad
635 879 650 934 ἓ
668 893 759 956 usque
772 869 833 935 XV
851 883 1041 955 consurgunt.
1089 869 1141 933 llis
1159 872 1291 934 adiuncto

142 981 253 1057 septem
271 971 365 1036 iiiiii
383 973 504 1038 iaciunt.
550 971 664 1056 Quibus
678 982 713 1054 ri,
739 975 792 1036 lroc
808 985 854 1037 est
869 985 953 1050 octo,
977 973 1003 1036 si
1021 973 1216 1050 accesserint,
1241 974 1291 1035 arl-

141 1075 302 1139 mirabilem
316 1076 394 1138 illurn
413 1075 620 1139 Tricerrarium
634 1076 805 1162 implebunt.
850 1075 927 1138 Hine
943 1075 1077 1139 Aeonum
1095 1075 1214 1158 triginta
1231 1098 1291 1138 ma·

141 1188 216 1241 trent
235 1174 407 1262 Ogdoadem
422 1179 614 1242 constituunt.
660 1176 699 1241 Et
715 1179 849 1262 quoniam
869 1179 959 1240 tribus
976 1178 1129 1241 virtutibus
1147 1177 1291 1241 Tricena·

139 1281 202 1345 rius
221 1281 420 1364 componitur,
452 1293 497 1345 ter
515 1280 545 1343 in
562 1302 629 1344 sese
647 1283 750 1345 ductus
770 1280 926 1362 nonaginta
945 1281 1088 1365 producit.
1133 1279 1196 1343 Ter
1213 1281 1289 1342 enim

139 1383 260 1467 triginta
277 1383 312 1446 ad
328 1384 483 1467 nonaginta
500 1384 684 1468 perveniunt.
731 1380 790 1447 Sed
806 1394 836 1445 et
850 1384 997 1446 ternarius
1013 1405 1127 1467 quoquc
1144 1384 1247 1445 ductus
1261 1383 1288 1444 in

139 1505 174 1548 se
196 1505 303 1548 novem
323 1486 421 1548 efficit.
467 1484 518 1549 Sic
537 1483 656 1570 Ogdoas
673 1483 782 1550 xcix
805 1508 955 1549 numerum
979 1489 1053 1570 apud
1076 1487 1142 1548 illos
1164 1485 1286 1570 peperit.

140 1583 274 1671 Cumque
291 1588 478 1651 duodecimus
494 1589 580 1651 Aeon
597 1588 735 1651 deficiens
750 1610 865 1653 sursum
880 1585 927 1650 Xl
943 1589 1104 1671 reliquerit,
1129 1589 1157 1651 in
1174 1583 1288 1669 Λόγου,
1325 1630 1331 1638 -

139 1689 195 1753 hoc
211 1700 257 1752 est
274 1688 382 1768 Verbi,
407 1690 498 1774 ligura
515 1701 739 1753 consentaneam
758 1691 906 1753 literarum
926 1693 1046 1753 formam
1064 1691 1220 1754 adhibitam
1237 1712 1288 1775 pu-

139 1802 212 1854 tant.
257 1790 373 1856 Etenim
391 1793 544 1857 undecima
562 1793 664 1855 ordine
682 1793 830 1856 literarum
853 1805 896 1856 est
919 1782 950 1868 i,
982 1794 1028 1876 qui
1047 1793 1221 1856 tricenarius
1244 1803 1289 1854 est

137 1914 295 1971 numerus,
320 1906 350 1957 et
364 1897 399 1957 ad
416 1895 568 1980 exemplar
581 1895 717 1959 coelestis
734 1895 932 1979 providentiae
949 1897 1053 1980 posita.
1100 1895 1289 1978 Quandoqui-

138 1998 202 2060 dem
223 1997 247 2060 si
268 1997 303 2059 ab
322 2004 354 2070 c'r,
385 1985 579 2081 adlusque,
613 2000 728 2082 dempto
745 2008 840 2060 tameo
857 2000 1004 2082 episnnrn,
1036 2000 1171 2061 continua
1190 1998 1288 2060 litern-

136 2119 201 2162 rum
220 2099 365 2162 additione
384 2122 534 2164 numerum
553 2122 653 2164 earnm
674 2100 810 2183 colligas,
835 2101 1045 2184 eomprelrenso
1063 2100 1147 2162 simul
1163 2087 1186 2160 l
1197 2121 1287 2161 nona-

137 2201 219 2285 ginta
238 2224 342 2266 oovem
363 2205 515 2286 prodeunt.
563 2200 702 2266 Ceterum
717 2191 737 2263 ἶ
751 2203 861 2287 ipsum,
893 2204 969 2286 qnod
987 2203 1089 2265 ordine
1108 2213 1153 2265 est
1169 2202 1286 2264 undeci-

136 2325 232 2382 mum,
256 2306 291 2367 ari
308 2307 503 2389 quaerendum
520 2307 565 2368 sui
581 2305 676 2368 simile
694 2305 898 2384 descendisse,
924 2317 954 2368 nt
973 2305 1172 2369 dundee-imum
1188 2304 1287 2387 imple·
1325 2322 1327 2325 ’

135 2417 194 2484 ret,
218 2408 303 2491 idque
323 2429 359 2470 eo
375 2417 492 2492 reperto
507 2419 694 2472 consecutum
713 2429 792 2487 csse,
818 2410 889 2472 satis
906 2409 995 2492 ipsum
1015 2408 1151 2471 elementi
1167 2408 1285 2490 figuram

134 2530 272 2592 arguere.
319 2507 433 2595 Quippe
447 2497 513 2575 iau
531 2510 577 2573 sui
591 2510 693 2573 similis
709 2510 924 2595 inquisitionem
943 2512 1114 2588 adveniens,
1139 2531 1202 2572 eom
1217 2509 1286 2573 illud

134 2610 300 2675 invenisset
315 2625 345 2676 et
360 2615 394 2676 ad
411 2634 479 2677 sese
496 2614 657 2696 rapuisset,
682 2614 843 2678 duodecimi
858 2615 951 2678 locum
967 2614 1109 2699 implevit.
1155 2610 1240 2676 Uinio
1257 2623 1287 2673 ct

133 2717 314 2792 passerum
335 2736 374 2779 ex
396 2715 500 2801 duplici
519 2699 551 2777 ἶλ
573 2736 639 2778 esse
663 2729 844 2780 contextum.
889 2715 1109 2802 Proptereaque
1129 2716 1284 2798 nonnginta

135 2837 241 2880 novem
264 2819 414 2901 regionem
436 2818 516 2903 ipsos
536 2818 703 2904 cognitione
722 2822 839 2904 ingere,
873 2821 1015 2884 deiectum
1033 2820 1146 2883 scilicet
1164 2841 1197 2882 ao
1214 2818 1284 2882 siui-

133 2929 214 2983 strac
232 2942 334 2984 marrus
353 2923 492 3006 liguram,
527 2943 613 2985 unrrm
632 2944 704 2985 vero
723 2925 903 3002 consectari,
936 2924 1011 3008 quod
1027 2924 1062 2986 od
1080 2919 1187 2986 xciii
1205 2922 1284 2984 addi-

133 3032 194 3085 tum
217 3023 350 3087 dextram
372 3025 453 3109 ipsos
475 3025 510 3087 ad
534 3046 649 3087 manum
673 3026 865 3088 transtulerit.
1091 3012 1097 3027 ’

217 3533 291 3601 Cum
310 3548 340 3600 tu
355 3537 428 3616 ista,
453 3537 621 3617 carissime,
647 3560 818 3624 percurres,
845 3564 902 3605 non
921 3539 1018 3603 dubito
1038 3539 1105 3623 quin
1126 3537 1213 3601 hasce
1231 3557 1281 3599 va·
1297 3548 1433 3614 Capittti.

131 3640 269 3704 nissimas
290 3640 413 3726 ineptias
434 3662 612 3726 magnopere
635 3644 779 3707 derideas.
826 3642 885 3709 Sed
905 3643 1072 3727 deplorandi
1096 3638 1281 3704 nibilominus

162 3862 203 3915 23.
222 3861 247 3915 dr
264 3864 301 3930 τῷ
318 3861 432 3930 σχήματι
448 3867 574 3916 secundnm
591 3869 636 3917 Vei.
650 3869 689 3917 irr-
721 3883 786 3918 mum
804 3883 832 3919 ec
849 3870 900 3918 cori.
918 3869 991 3916 i'uir'c.
1009 3881 1036 3916 eo
1054 3866 1147 3915 rddidit
1163 3866 1280 3914 Petuntur.

126 3937 248 3996 ttrpreltm
264 3936 358 3982 coniecit
374 3934 465 3982 Bittius.
755 3936 796 3987 29.
813 3934 852 3990 διὸ
871 3934 903 4000 δὴ
923 3934 966 3987 καὶ
983 3937 1093 3984 Pseudo·
1103 3936 1218 3995 Oripenes.

161 3998 203 4050 tl.
220 4000 323 4052 >reinbern
343 4004 435 4061 reposui
456 4015 485 4050 cx
504 4004 551 4051 i'et.
565 4004 688 4065 interprete
755 4002 796 4054 30.
814 4008 850 4057 itu
871 4007 916 4053 Vei.
930 4007 1043 4065 interpres
1059 4008 1079 4053 et
1094 4002 1280 4064 Pseudo-oripo-

127 4075 148 4120 et
163 4070 387 4131 Prendo-Origene.
418 4071 484 4117 Libri
499 4071 583 4120 tonent
598 4075 688 4122 κεῖται.
721 4087 761 4122 nes
772 4073 809 4138 (tn
822 4088 867 4134 quo
883 4077 903 4121 et
918 4077 1005 4138 φυγεῖν
1016 4087 1060 4134 pro
1075 4065 1198 4137 φεύγειν).
1225 4071 1280 4118 Vui-

160 4135 201 4187 25.
215 4139 264 4189 rein
278 4133 410 4201 τριάκοντα
423 4140 571 4199 senmurum
585 4141 688 4189 Pseudo·
720 4157 750 4204 po
771 4135 855 4194 odron.

129 4207 261 4267 eriperent
280 4208 324 4254 Vei.
338 4207 467 4266 interprete.
493 4207 566 4268 Vuipo
579 4210 641 4256 enirn
654 4209 686 4256 ie·
752 4208 793 4260 31.
812 4212 847 4260 ito
860 4211 928 4259 codd.
941 4212 994 4260 i'en.
1015 4211 1085 4258 Vetto.
1101 4208 1196 4269 itbedr‘p.
1211 4211 1231 4255 et
1243 4207 1279 4255 eri.

125 4293 190 4354 pitter
205 4288 255 4343 ruis
273 4293 294 4342 λ.
720 4299 800 4346 Peion.
836 4298 910 4344 Anien
926 4299 1036 4358 scripturn
1054 4299 1104 4345 erat
1122 4279 1159 4345 ab.

159 4355 201 4409 25·
219 4355 405 4443 σ’ξνῖξθῑῑμένθς
422 4361 658 4440 Ρὲωᾶθᾞῖίθωέδ·
752 4380 793 4431 32.
810 4373 903 4439 mitade
922 4384 1015 4443 reposui
1037 4395 1065 4430 en
1089 4383 1135 4430 Vei.
1149 4382 1279 4441 interprete.

160 4423 202 4478 27.
219 4442 298 4492 copus
314 4429 365 4478 ⁶⁰⁶·
379 4429 475 4511 biti-¹9·
492 4433 512 4477 ³¹
527 4429 580 4478 ‘iti
592 4443 668 4491 nnnc.
718 4451 845 4511 empnam
862 4452 916 4500 trun¹
930 4455 952 4500 n
966 4452 1179 4512 eremo-ornnes
1195 4452 1279 4499 nauem

158 4509 201 4563 28.
219 4513 294 4563 intro
310 4509 347 4565 Tr
366 4509 414 4579 γὰρ
433 4517 446 4566 λ
463 4540 496 4551 -
509 4540 542 4551 -
555 4541 588 4551 —
604 4515 648 4566 τοῦ
667 4519 687 4578 il
719 4512 803 4572 uiros.

126 4578 249 4648 στοιχιίου
262 4581 424 4632 damnentur
435 4586 459 4632 tn
470 4583 524 4632 edit.
532 4584 608 4644 princ.
631 4585 686 4637 en·-
