3046 5084
404 332 539 385 Pausatt
556 332 618 383 Lib.
631 334 652 386 1.
669 334 751 386 TOM.
762 334 794 385 ll.
813 335 912 386 HAEll.
929 335 1026 387 XXIV.
1232 322 1291 383 153

143 452 253 515 duobus
281 472 321 517 ex
348 451 449 516 decem
479 450 604 513 millibus
633 450 776 533 operiant.
821 451 900 534 Quin
928 463 958 516 et
986 454 1049 517 suis
1075 453 1223 539 discipulis
1251 453 1292 516 itu

141 552 298 639 praecipite
328 551 423 633 Date,
448 553 559 635 inquit,
583 571 703 634 operam
718 563 752 614 ut
768 554 865 615 omnia
883 554 1086 636 cognoscatis,
1110 576 1195 619 nemo
1219 576 1291 619 uero

141 676 196 719 vos
213 666 384 740 cognoscat.
432 651 591 717 Caeterum
613 662 671 714 tam
695 652 759 736 ipse
772 673 855 735 quam
879 656 926 736 qui
945 656 1008 717 cius
1033 665 1142 718 sectam
1164 656 1292 740 amplexi

141 769 210 821 sunt
225 758 341 841 quoties
357 757 580 836 interrogantur
594 749 719 817 ludaeos
734 753 848 837 quidem
868 775 900 817 se
917 774 984 817 esse
1000 765 1125 838 negant,
1150 753 1294 819 Christia-

141 880 196 922 nos
211 880 284 923 vcrc
300 856 428 920 nondum
445 856 547 919 luisse.
593 851 646 919 Sic
662 855 810 940 abnegare
829 865 968 940 perpetuo
986 856 1088 933 fldem,
1112 876 1234 939 eamque
1251 867 1295 918 ta·

143 959 202 1024 cite
232 960 308 1045 apud
337 978 371 1021 se
400 957 564 1035 custodire,
599 977 654 1020 nce
679 957 728 1020 ulli
758 960 925 1042 patefacere
947 978 1016 1021 suos
1045 957 1186 1037 instituit3
1219 959 1295 1041 quod

142 1061 280 1125 nimirum
299 1069 464 1141 suspectam
478 1057 582 1121 babeat
596 1058 660 1143 ipsc
678 1059 884 1143 turpitudinem
904 1080 1005 1137 suam,
1030 1080 1093 1123 cum
1114 1070 1171 1122 um
1193 1057 1295 1121 imma-

143 1163 190 1226 nis
213 1161 338 1224 foeditas
359 1170 445 1244 atquc
466 1159 577 1244 impura
594 1160 746 1245 disciplina
767 1161 908 1224 audacter
929 1161 1060 1244 evulgari
1077 1183 1136 1223 non
1154 1161 1271 1224 audeat.

231 1261 327 1325 Huius
352 1283 425 1325 vero
446 1262 588 1346 pessimae
615 1273 714 1326 sectae
740 1262 925 1327 occasionem
951 1263 1121 1346 initiumque
1145 1263 1223 1325 dedit
1244 1263 1292 1325 illa
1312 1279 1373 1346 cap.
1386 1278 1429 1329 Vt.

145 1365 279 1449 quaestio
297 1385 330 1428 ac
348 1361 521 1447 disputatio,
546 1363 689 1427 undenam
706 1365 811 1428 malum
832 1363 973 1448 originem
995 1362 1139 1427 babuerit.
1182 1362 1293 1427 Verum

144 1465 341 1549 unusquisqne
364 1465 525 1528 cuiusmodi
542 1465 598 1543 sit,
621 1465 874 1530 administratione
894 1487 929 1529 ac
945 1466 1144 1550 negotiatione
1168 1487 1222 1529 sua
1244 1467 1294 1530 de·

146 1567 276 1631 clarabit.
320 1563 506 1651 Proindeque
524 1567 665 1630 malorum
684 1569 849 1652 negotiator
864 1589 922 1631 uon
939 1567 1081 1631 bonorum
1099 1578 1146 1630 cst
1158 1567 1207 1630 ille
1226 1566 1293 1629 mali

145 1669 269 1746 artifex,
293 1668 533 1752 quemadmodum
551 1667 695 1752 scriptura
713 1679 855 1732 testatore
881 1674 938 1747 Qui
951 1673 1193 1751 quoerrcntmclc,
1219 1672 1445 1746 malesanam.

142 1793 189 1832 eos
205 1774 421 1852 apprehendent.
458 1766 537 1831 Nam
559 1789 653 1853 neque
669 1770 773 1833 malum
792 1772 945 1853 aliquando
964 1773 1073 1850 extitit,
1099 1791 1193 1854 neque
1208 1770 1295 1834 radix

142 1872 201 1936 ulla
223 1872 371 1955 nequitiae
397 1871 467 1949 luit,
502 1891 596 1953 neque
617 1871 736 1933 omnino
759 1873 865 1935 malum
886 1873 1008 1935 solidum
1034 1874 1168 1956 quiddam
1191 1883 1236 1936 est
1259 1894 1294 1936 ao

142 1974 320 2038 consistens.
365 1971 482 2055 Quippe
503 1972 608 2034 malurn
632 1973 804 2055 quandoque
829 1974 938 2036 nullum
966 1975 1036 2052 luit,
1067 1976 1118 2037 scd
1145 1996 1184 2036 ex
1209 1995 1294 2037 occa·

142 2075 226 2139 sione
242 2070 439 2137 introductum
456 2083 487 2135 et
501 2072 642 2136 adscitum
658 2074 686 2135 in
704 2093 876 2156 unoquoque
893 2073 969 2136 inest
980 2076 1029 2157 qui
1044 2075 1112 2138 illud
1128 2075 1292 2137 committit.

143 2173 272 2258 Quodsi
295 2176 414 2238 minime
435 2175 634 2238 committatur
652 2196 712 2237 non
732 2175 826 2253 inest,
857 2175 885 2236 id
905 2176 980 2257 quod
1005 2196 1092 2259 supra
1112 2177 1294 2238 demonstra·

142 2279 250 2341 vimus.
282 2275 401 2339 Etenim
421 2275 554 2340 domiuus
569 2297 633 2338 curn
652 2277 791 2340 uniuersa
811 2287 959 2352 creasset,
982 2281 1067 2350 Ecce,
1087 2277 1192 2361 inquit,
1216 2281 1295 2338 ualde
1308 2303 1365 2347 oen.
1382 2305 1400 2346 ι,

143 2382 296 2441 bonusunt
308 2383 419 2452 οιιιιιὶιις
443 2398 500 2461 quo
515 2378 591 2440 istud
609 2378 701 2462 ipsum
719 2379 905 2456 ostenderet,
930 2399 988 2440 non
1007 2398 1074 2440 esse
1092 2389 1177 2440 vetus
1196 2382 1295 2441 admo·

143 2482 210 2545 dum
227 2480 356 2559 malum,
371 2499 466 2562 neque
480 2479 575 2555 initio,
600 2480 766 2564 priusquam
784 2480 821 2542 ab
838 2480 953 2542 bomine
970 2478 1123 2562 inciperet,
1145 2480 1292 2544 extitisse.

144 2580 202 2646 Per
220 2603 274 2645 nos
290 2580 368 2643 eninr
385 2581 415 2643 lit
432 2591 482 2643 aut
500 2602 558 2642 non
575 2582 617 2644 lit.
662 2579 711 2643 En
730 2603 766 2645 co
783 2603 854 2664 ergo
872 2581 985 2644 scilicet
998 2582 1073 2664 quod
1092 2581 1187 2663 quivis
1205 2580 1296 2643 bomi-

144 2706 211 2748 uum
231 2683 334 2746 malurn
357 2685 454 2746 lacere
474 2683 576 2766 possit,
601 2695 651 2748 ant
669 2682 787 2746 minime
805 2686 914 2760 lacere,
937 2683 962 2745 si
982 2684 1081 2761 faciat,
1106 2683 1213 2745 mulum
1230 2682 1295 2745 exi-

145 2796 220 2862 stet,
245 2786 270 2848 si
288 2807 347 2847 uon
365 2785 469 2863 iaciat,
493 2784 601 2848 nullum
621 2787 678 2848 erit
694 2786 824 2848 omuino.
869 2782 926 2848 Ubi
948 2783 1037 2869 igitur
1055 2787 1140 2849 radix
1156 2785 1205 2849 illa
1227 2784 1295 2848 mali

38 2886 45 2905 ⁸
145 2886 355 2970 pravitatisque
376 2898 482 2950 natura
504 2887 688 2950 subsistens?

231 2987 394 3050 Admodum
410 3010 481 3052 vero
499 2989 623 3052 stolidus
640 3000 702 3067 est,
726 3009 791 3051 cum
812 3008 829 3050 a
846 2988 954 3051 virtute
970 2990 1137 3073 productam
1160 2988 1292 3053 Mentem
1313 3001 1437 3069 capvrt

146 3087 271 3165 asserit,
295 3086 430 3154 aMente
446 3089 595 3167 Verbum,
620 3111 655 3153 ac
673 3091 728 3153 boc
742 3088 948 3169 Prudentiam,
981 3091 1054 3153 hanc
1075 3089 1220 3154 Virtutem
1240 3088 1296 3154 Sa-

146 3191 342 3277 pientiamque
366 3193 532 3276 peperisse,
562 3192 706 3276 aquibus
729 3190 897 3257 Potestates
921 3203 951 3254 et
969 3191 1103 3256 Virtutes
1130 3192 1296 3274 Angelique

145 3293 316 3378 prodierint.
363 3290 424 3358 Sed
448 3295 493 3357 his
517 3295 651 3357 omnibus
676 3294 857 3378 superiorem
883 3296 1025 3379 quandam
1045 3295 1112 3358 Vim
1137 3292 1235 3359 statuit
1261 3313 1296 3354 ac

144 3393 340 3479 Principium,
374 3396 449 3479 quud
472 3396 610 3459 Abrasax
634 3396 775 3481 appellat,
807 3397 873 3460 ideo
899 3399 973 3480 quod
998 3399 1062 3460 eius
1086 3395 1168 3458 vocis
1195 3393 1295 3456 literae

146 3493 320 3561 CCCLXV
344 3518 496 3561 numerum
518 3499 663 3575 efficiunt,
698 3509 785 3582 atque
807 3520 848 3562 ox
870 3520 905 3562 eo
934 3500 1086 3561 confictam
1114 3495 1191 3557 illam
1214 3516 1295 3559 suam

145 3600 181 3663 de
198 3595 372 3664 CCCLXV
388 3600 478 3664 coelis
495 3600 618 3663 fabulam
634 3600 826 3685 comprobare
843 3600 955 3662 nititur.
987 3596 1102 3680 Quibus
1121 3596 1211 3659 coelis
1228 3597 1295 3661 toti-

146 3701 210 3765 dem
230 3721 269 3763 ex
285 3700 497 3766 mathematicis
515 3703 678 3767 rationibus
701 3704 775 3766 situs
799 3724 834 3766 ac
862 3702 992 3764 locorum
1014 3697 1224 3783 descriptiones
1247 3721 1296 3762 ac-

146 3801 332 3864 commodare
350 3803 429 3865 omni
450 3824 505 3889 ope
529 3824 565 3868 ac
584 3805 680 3868 studio
698 3804 858 3868 contendit.
904 3800 983 3864 Nam
1004 3800 1117 3864 illorum
1138 3803 1296 3866 vanissima

147 3903 328 3966 theoremata
346 3922 410 3966 cum
432 3905 512 3989 ipse,
544 3916 604 3970 tum
620 3907 669 3990 qui
688 3926 727 3970 rx
745 3906 809 3968 eius
827 3903 979 3987 disciplina
997 3913 1082 3981 sunt,
1106 3904 1148 3967 sic
1166 3903 1296 3988 arripue-

147 4012 234 4083 runt,
258 4013 290 4066 ut
313 4002 344 4064 in
369 4024 452 4067 usum
469 4008 651 4071 conformata
672 4028 756 4071 suum
781 4006 816 4068 ad
833 4005 976 4068 idolorum
993 4006 1223 4090 propugnatricis
1244 4005 1297 4067 ial-

147 4124 258 4189 saoque
282 4115 312 4167 et
339 4103 521 4170 adulterinae
540 4108 691 4172 doctrinae
715 4128 849 4171 caussam
876 4117 963 4192 atque
987 4108 1129 4193 originem
1156 4108 1297 4169 transter-

146 4219 225 4272 rent.
260 4203 343 4288 Quae
358 4206 473 4290 quidem
487 4209 623 4274 similium
637 4208 872 4293 supputationum
889 4211 1063 4296 comparatis
1078 4207 1220 4293 exemplis
1232 4229 1297 4271 cor·

150 4395 305 4459 ltettqur'tr'bri
321 4394 606 4460 reseruassemus<
624 4393 707 4460 (aroan-
740 4395 851 4448 locorum
872 4396 1022 4465 digestiones
1048 4395 1152 4464 poeticis
1169 4393 1297 4446 diuisioni-

149 4466 227 4523 τιιιοῖς
243 4466 375 4516 emendavit
397 4465 536 4531 comanus)
560 4460 706 4526 διαιρέσεσι.
739 4464 785 4516 bus
801 4483 873 4534 pares
888 4466 1039 4520 consutuere
1054 4463 1156 4515 studens
1172 4469 1223 4515 cett.

151 4529 276 4583 cusanus
298 4535 381 4584 uertit:
415 4530 510 4594 Quibus
535 4529 612 4582 coelis
633 4529 708 4583 ctiam
