3046 5084
392 347 527 398 rnuunn
545 349 607 399 nra.
622 350 642 402 1.
658 349 740 401 rou.
752 350 795 402 ru.
813 350 911 400 auru.
921 351 1044 401 xxxiv.
1230 338 1290 402 toa

144 464 243 545 orbes,
263 488 335 550 quos
353 467 452 531 coelos
467 468 630 552 appellant:
650 469 755 533 deinde
770 470 908 532 maiorem
923 469 1002 532 illum
1018 469 1147 551 reliquos
1162 468 1292 532 ambien-

143 579 219 644 tem,
252 570 328 652 qnod
350 579 485 633 octavum
507 571 620 634 coelum
640 571 801 634 nominant.
846 569 1004 660 Praeterea
1024 571 1114 633 solem
1135 582 1164 634 et
1181 572 1289 634 lunam.

142 667 229 752 Quae
254 671 351 734 oninia
374 671 494 734 denario
519 673 728 757 comprehenso
753 694 873 737 numero
900 671 1024 735 Decadis
1050 672 1144 750 illius,
1178 695 1251 756 quae
1275 696 1290 734 a

140 770 244 836 Verbo
268 771 395 857 Vitaque
424 796 478 836 uec
500 775 686 859 aspectabilis
715 775 871 859 profluxit,
904 775 1023 858 liguram
1053 796 1120 837 esse
1146 775 1290 836 dictitant.

71 912 76 918 ·
140 872 218 937 Nam
236 873 421 938 Dodeeadem
441 877 578 940 orbeillo
597 878 736 961 signifero
755 878 967 953 demonstrari,
1000 878 1073 959 quod
1093 877 1242 939 duodecim
1262 876 1289 938 in

141 997 177 1039 eo
199 977 283 1060 sigua
305 978 541 1042 manilestissime
564 980 641 1042 illam
665 978 799 1042 Hominis
821 977 1030 1061 Ecclesiaeque
1054 980 1138 1041 liliam
1157 977 1291 1041 Dedera-

140 1080 204 1142 dem
222 1079 398 1163 exprimant.
445 1078 591 1162 Quoniam
607 1093 703 1145 autem
721 1083 756 1144 ad
774 1081 1059 1144 vehementissimum
1074 1081 1153 1144 illurn
1173 1081 1290 1145 uuiver-

140 1180 237 1244 sitatis
256 1181 393 1266 impetum
409 1183 616 1246 moderandum
632 1205 672 1246 ex
688 1185 814 1247 adverso
830 1180 976 1247 Saturnus
993 1184 1145 1246 adiunctus
1162 1195 1218 1260 est,
1243 1183 1289 1265 qui

138 1284 298 1362 immensae
322 1285 389 1346 moli
414 1285 565 1369 proximus
587 1286 770 1370 rapiditatem
794 1286 870 1348 illam
893 1285 1002 1348 inhibet
1024 1308 1058 1348 ac
1082 1308 1134 1348 sua
1153 1286 1289 1349 tarditate

140 1397 324 1471 compensat,
358 1387 401 1451 sic
422 1398 453 1450 ut
471 1409 611 1451 annorum
628 1387 744 1471 triginta
762 1389 854 1473 spatio
878 1410 893 1450 a
913 1399 1018 1472 puncto
1037 1389 1072 1450 ad
1090 1399 1225 1472 punctum
1242 1409 1288 1450 re-

139 1489 222 1552 diens
246 1488 384 1552 circuitus
408 1510 478 1553 suos
501 1491 651 1568 absolvat,
685 1491 712 1552 id
735 1490 848 1573 quidem
870 1488 951 1552 lloro
972 1490 1092 1553 mirifice
1111 1512 1286 1574 congruere,

138 1591 186 1674 qni
204 1590 333 1675 ipsorum
351 1589 479 1656 Matrem
500 1594 617 1675 triginta
635 1591 786 1656 vocabulis
802 1592 968 1676 insignitam
989 1593 1199 1677 complectitur.
1240 1595 1287 1656 Ad

137 1693 209 1756 naec
224 1693 339 1772 lunam,
364 1714 436 1777 quac
455 1694 572 1777 triginta
589 1695 689 1758 diebus
707 1695 807 1758 orbem
824 1717 906 1757 suum
924 1697 1057 1772 conticit,
1083 1696 1136 1757 lroe
1154 1696 1215 1780 ipso
1235 1717 1287 1758 nu-

137 1815 219 1858 mero
236 1796 356 1859 Acoues
373 1797 546 1859 adumbrare
562 1797 692 1859 totidem.
733 1793 832 1860 Solem
850 1819 920 1859 vero
938 1797 1078 1859 duodenis
1097 1797 1287 1861 circumvolu-

138 1911 197 1962 tum
213 1898 362 1962 mensibus
379 1898 647 1981 conversionesque
661 1919 731 1961 suas
746 1920 782 1961 eo
795 1898 951 1961 intervallo
966 1901 1168 1962 terminantem
1185 1900 1284 1962 lrorrrm

137 2023 259 2065 numero
282 2002 424 2063 meursium
445 1999 629 2064 Dodceadem
654 2002 776 2064 relerre.
822 1999 895 2063 Dies
918 2022 1004 2085 perro
1028 2001 1178 2063 duodecim
1203 2002 1286 2065 liora·

136 2125 200 2168 rum
218 2105 311 2188 spatio
330 2103 463 2165 delinitos
480 2101 666 2166 simulacrum
684 2103 825 2186 quoddam
846 2103 958 2165 lucidae
976 2103 1052 2165 illius
1068 2123 1135 2165 esse
1153 2100 1286 2165 Dedecu-

135 2205 192 2270 dis.
239 2202 328 2269 Velut
349 2205 439 2284 hora,
474 2227 548 2288 quae
572 2206 742 2270 duodecima
765 2205 822 2267 diei
843 2227 910 2289 pars
935 2216 997 2283 est,
1032 2204 1150 2267 tricenis
1175 2215 1219 2268 est
1242 2205 1285 2267 iu·

135 2320 246 2372 structa
263 2308 404 2391 partibus,
430 2329 504 2390 qnae
522 2305 688 2371 Triceuarii
704 2308 920 2370 similitudinem
938 2318 1056 2391 gerunt.
1102 2304 1180 2388 Quin
1198 2307 1284 2369 etiam

134 2411 269 2494 signiferi
298 2409 375 2474 illius
405 2410 485 2473 orbis
514 2410 651 2473 ambitura
680 2410 809 2495 partibus
840 2419 975 2472 constare
1006 2405 1161 2474 CCCLX.
1206 2406 1284 2471 Nam

134 2513 356 2596 unumquodque
376 2513 491 2596 signum
508 2509 603 2575 XXX
625 2513 837 2596 complectitur.
884 2509 926 2574 lta
948 2512 976 2573 iu
996 2514 1050 2575 lroe
1069 2512 1155 2574 etiam
1177 2511 1285 2574 circulo

133 2625 280 2679 serratam
303 2634 371 2678 esse
390 2616 489 2677 dieunt
510 2613 572 2677 eius
594 2613 817 2678 necessitudinis
835 2614 1042 2692 imitationem,
1075 2635 1149 2698 qnae
1166 2612 1284 2703 Duode-

133 2717 246 2780 narium
265 2715 343 2780 iuter
364 2739 398 2780 ac
417 2716 625 2781 Tricenarium
642 2716 808 2779 intercedit.
853 2715 967 2779 Deinde
987 2727 1065 2780 terra
1081 2715 1232 2779 duodecim
1254 2714 1284 2778 in

133 2819 249 2883 climata
266 2820 460 2904 regionesque
476 2819 588 2897 divisa,
613 2830 644 2881 et
660 2820 688 2881 iu
704 2819 828 2903 singulis
842 2818 997 2881 descissam
1018 2839 1033 2881 e
1049 2819 1131 2881 coelo
1148 2818 1283 2881 virtutem

133 2932 184 2986 snt
204 2921 440 3007 perpendiculum
459 2923 629 3005 excipiens,
662 2923 746 3005 eique
765 2921 882 2999 virtuti,
915 2923 990 2984 unde
1008 2922 1140 2985 derivata
1158 2922 1205 2983 illa
1226 2931 1282 2999 est,

132 3023 296 3088 simillimos
316 3027 392 3089 letus
412 3025 529 3110 pariens
546 3022 752 3102 Dodeeadcm,
783 3034 815 3087 ut
830 3022 929 3102 aiunt,
962 3023 1053 3108 ipsam
1074 3022 1193 3107 eiusque
1213 3022 1284 3085 libe·

131 3146 182 3190 ros
199 3127 354 3192 manileste
372 3137 584 3210 repraesentat.
631 3123 754 3189 Praeter
769 3126 841 3189 haec
857 3127 1038 3189 conditorem
1055 3137 1193 3202 narrant,
1219 3147 1282 3187 cum

131 3250 286 3314 supremae
303 3224 451 3313 Ogdoadis
468 3228 649 3308 infinitatem,
673 3230 875 3292 aeternitatem
892 3251 927 3291 ae
942 3229 1080 3313 temporis
1096 3227 1209 3310 locique
1226 3227 1283 3289 cir-

131 3332 358 3417 cumscriptione
376 3343 525 3395 carentem
543 3331 739 3394 couditionem
755 3330 861 3393 imitari
879 3343 1014 3416 cuperet,
1047 3351 1141 3412 neque
1160 3329 1234 3411 quod
1254 3329 1282 3390 in

130 3434 181 3498 illa
206 3434 309 3499 stabile
332 3443 377 3497 est
399 3456 432 3496 ac
454 3434 661 3518 sempiternum
682 3444 781 3517 posset
801 3434 984 3517 exprimere,
1018 3453 1053 3494 en
1076 3432 1149 3512 quod
1172 3433 1281 3493 lructus

131 3548 212 3600 esset
228 3535 367 3621 penuriae
383 3558 417 3600 ac
433 3538 563 3600 delectus
577 3535 694 3620 aliquis,
718 3535 748 3598 iu
765 3545 952 3620 tempestates
969 3557 1002 3598 ne
1020 3544 1148 3617 tempora
1167 3544 1196 3596 et
1210 3533 1281 3596 mul-

129 3691 184 3740 edr't.
197 3693 273 3752 princ
300 3687 453 3743 inconcisam
467 3691 569 3741 Prendo-
560 3692 689 3753 -oriprneo
723 3692 843 3753 loterpres.

128 3756 275 3812 ἐκτντῶσαι
289 3761 379 3809 Bittius.
638 3767 641 3773 '
756 3760 794 3810 to'.
812 3757 856 3810 καὶ
871 3759 956 3806 addidi
970 3770 999 3805 ex
1014 3757 1083 3806 codd.
1100 3757 1179 3804 Veneto
1197 3760 1218 3804 rt
1235 3758 1279 3805 Vo-

165 3828 202 3877 11.
219 3824 408 3894 περιερχόμενοι
425 3829 533 3889 rescripsi
546 3841 575 3877 rx
591 3829 637 3876 Vct.
649 3829 687 3877 ln·
721 3830 768 3888 tic,
785 3833 806 3876 et
819 3829 864 3874 V.rt
877 3828 1005 3885 Interpretc.
1037 3825 1149 3874 Prendo·
1140 3826 1280 3887 -omqmrrr

128 3899 238 3956 taprrte,
261 3898 392 3956 postulante
409 3899 527 3945 sententio.
559 3897 687 3957 Epiphouii
722 3863 768 3946 nol
783 3890 920 3977 ὁμοίωμα
919 3890 1050 3943 τίκτουσαν
1068 3897 1118 3941 cett.

127 3965 181 4012 nort
195 3967 393 4025 omnrsprnebent
406 3960 595 4030 περιεχόμενον,
614 3965 687 4015 Psen-
757 3961 794 4014 l'l.
812 3979 858 4026 την
871 3956 1004 4024 ἀπόρροιαν
1017 3962 1084 4010 codd
1097 3963 1170 4009 Venet.
1184 3962 1279 4024 Rnrdr'q.

128 4032 177 4081 do·
166 4033 296 4094 -ortqcnrs
312 4028 528 4111 ἐμπεριεχόμενον.
721 4046 787 4082 κατα
777 4025 892 4090 (repone
904 4026 953 4080 κά·
955 4033 987 4095 ῳ)
1000 4025 1045 4091 την
1060 4023 1192 4094 ἀπόρροιαν
1207 4030 1279 4079 Pseu·

164 4098 203 4150 12.
220 4095 355 4152 δωδεκάδα
374 4101 477 4151 Pseudo·
479 4101 589 4161 Ortqenes
602 4105 623 4149 rt
640 4101 687 4149 Vct.
720 4101 761 4148 do·
752 4100 882 4159 eriperes.
914 4098 1013 4159 Votpoto
1028 4101 1142 4159 scripturo
1158 4093 1217 4145 est
1203 4092 1278 4160 νιτόρ-

127 4170 250 4230 interpres.
285 4165 433 4231 δωδεκάτην
449 4168 577 4228 Eripiente
593 4169 652 4216 ttbrr'.
722 4182 796 4246 ροιαν.
820 4168 868 4216 Pro
879 4160 983 4230 δνναμιν
996 4167 1043 4215 V.et
1052 4168 1165 4228 interpres
1173 4167 1227 4228 tepet
1238 4168 1279 4218 δν

163 4236 202 4286 13.
220 4236 296 4301 κενῆς
309 4237 419 4286 Prendo·
409 4237 549 4296 -ortpenen
575 4251 625 4283 neu
640 4250 688 4300 ap·
721 4229 830 4315 νάμει

127 4302 237 4369 parentis
251 4306 416 4354 conuertitVet.
428 4304 556 4365 intereram
568 4304 688 4352 undccor·
757 4304 796 4352 la.
814 4293 918 4366 ἄμωμον
937 4303 1048 4354 Pseudo·
1038 4303 1173 4383 -ΟτὶριινιοἸ

128 4377 237 4422 reserum
253 4365 282 4424 eri
299 4370 411 4438 φαεινῆς
758 4366 796 4419 19.
813 4371 923 4419 Pseudo·
914 4373 1056 4454 -Οτὶριιιοοι
1077 4368 1113 4429 εἰς
1129 4386 1202 4421 τουτο
1219 4367 1278 4450 χρό·

162 4437 202 4490 14.
218 4455 297 4524 μιτρη
286 4439 360 4493 ’σθαι
374 4440 425 4489 cod.
435 4440 547 4490 Pseudo·
538 4439 670 4501 -Orr'peutr
722 4452 777 4495 νονς
791 4435 835 4488 καὶ
847 4434 958 4503 καιρονς
972 4433 1012 4502 ἄρ.
1025 4455 1046 4488 τ.
1059 4453 1084 4488 rr.
1099 4453 1161 4502 προς
1172 4454 1201 4489 το
1217 4433 1279 4489 cloi-

163 4501 236 4557 1ss
219 4525 268 4560 ανα
257 4504 336 4572 μίαν
349 4503 453 4572 δύναμιν
464 4507 568 4558 Pseudo·
559 4507 691 4568 θήρειον.
721 4522 770 4558 νιον
780 4498 860 4569 αὐτῆς
872 4505 1011 4558 τεθεῖσθαι.
1030 4501 1168 4572 studueras
1180 4495 1266 4571 ptn'
1237 4523 1278 4558 ονν

127 4591 323 4642 unamquamque
340 4575 458 4626 virtutem
473 4578 541 4626 orrtd
557 4576 626 4624 ettam
641 4575 688 4626 Vct.
722 4571 748 4626 ἐν
764 4573 801 4641 τῷ
819 4570 911 4641 alsiaco
927 4580 977 4625 cett.
