3046 5084
194 322 256 381 454
614 329 734 381 8ΑΝΟΤΙ
752 329 922 380 ΕΡΙΡΗΔΝΙῙ

184 448 303 529 Ἕλλησι
318 455 408 511 ταῦτα
422 449 559 533 γενέσθαι
572 443 628 511 οὐκ
644 439 682 528 ἦν
695 443 840 527 Ἀλήθεια.
881 443 919 510 Τό
937 443 992 531 γάρ
1006 452 1091 528 σῶμα
1106 443 1198 529 αίτῆς
1213 446 1293 512 κατά
1309 450 1352 529 σέ,

194 550 317 635 Μάρκε,
348 550 585 633 μεταγενέστερον
603 549 655 629 μέν
672 547 797 628 Κάδμου
814 548 865 612 καλ
879 555 938 612 τῶν
953 546 1012 634 πρό
1030 545 1139 629 αότοῦ,
1170 552 1350 636 8μεταγενέ-

192 675 293 736 στερον
307 653 338 716 δὲ
350 660 409 715 τῶν
425 649 460 715 τά
474 649 562 715 λοιπά
576 649 813 734 προςεθεικότων
831 659 972 732 στοιχεῖα,
995 653 1236 735 μεταγενέστερον
1248 654 1283 717 δέ
1298 656 1352 718 καὶ

72 783 122 828 pag.
136 771 179 815 ²45.
194 762 313 819 σαυτοῦ.
344 754 390 817 Σό
403 752 458 838 γάρ
474 752 565 835 μόνον
578 757 698 817 ε’ίδωλον
712 751 873 837 κατήγαγες
884 750 937 833 τὴν
952 749 1010 819 άπό
1025 775 1080 818 σου
1092 756 1251 839 λεγομένην
1266 752 1350 839 ’Λλκί-

191 868 287 922 θειαν.
335 862 385 931 Τίς
406 854 431 919 δ’
449 854 577 933 α’νέξεταί
594 878 648 920 σου
666 855 719 937 την
735 862 862 920 τοσαῦτα
878 862 1069 939 φλυαροῦσαν
1086 854 1198 941 Σιγήν,
1233 856 1278 939 θῆ
1297 856 1350 923 τόν

192 957 392 1041 άνονόμαστον
405 956 549 1040 ὀνομάζει,
571 960 621 1022 καὶ
635 956 687 1021 τόν
701 956 828 1042 ίίρρητον
844 960 986 1042 ἐξηγεῖται
999 960 1050 1022 καὶ
1062 956 1114 1023 τόν
1130 956 1349 1042 ἀνεξιχνίαστον

193 1065 344 1146 έξιστορεῖ,
372 1063 423 1124 καὶ
445 1058 592 1143 ἠνοιχέναι
613 1060 645 1125 τό
669 1057 762 1142 στόμα
783 1061 874 1141 φησὶν
902 1058 1035 1125 10ατίτόν
1056 1060 1091 1126 δν
1113 1058 1275 1144 τίσιόματον
1297 1064 1350 1127 καλ

193 1161 322 1228 ἀνείδεον
345 1165 434 1247 λέγεις
441 1191 450 1239 ,·
483 1165 533 1226 καλ
556 1164 792 1247 προενέγκασθαι
809 1161 926 1248 Λόγον,
960 1159 1001 1238 οίς
1019 1165 1050 1227 ἕν
1065 1190 1092 1228 τι
1111 1171 1171 1229 τῶν
1189 1165 1349 1230 συνθέτων

193 1264 284 1343 ζώων,
300 1264 351 1329 τόν
368 1290 397 1328 τε
412 1266 515 1349 Λόγον
530 1261 621 1329 αὐτοῦ
637 1263 740 1345 ίίμοιον
756 1263 826 1330 όντα
841 1272 881 1354 τῷ
897 1264 1074 1349 προβαλόντι
1088 1267 1139 1331 καὶ
1154 1266 1280 1349 μορφὴν
1293 1274 1348 1333 τοῦ

193 1364 322 1451 άοράτου
340 1365 478 1451 γεγονότα
502 1373 531 1410 ¹¹
545 1371 690 1447 στοιχείων
705 1367 757 1449 μέν
774 1364 848 1431 είναι
862 1366 1034 1452 τριάκοντα,
1064 1373 1219 1450 συλλαβῶν
1236 1370 1269 1433 δέ
1286 1392 1348 1435 τεσ·

192 1468 304 1553 σάρων;
326 1468 430 1533 Ἔσται
446 1461 501 1534 οὖν
518 1468 592 1532 κατά
610 1469 663 1551 τήν
681 1467 839 1551 ὁμοιότητα
857 1468 1018 1555 τοῦλόγου
1036 1468 1054 1535 ό
1073 1468 1178 1556 Πατὴρ
1193 1478 1255 1536 τῶν
1272 1470 1346 1537 πάν·

192 1599 265 1651 των,
296 1568 337 1647 τίς
358 1569 395 1635 σδ
417 1578 493 1661 φῇς,
525 1575 672 1653 στοιχείων
692 1573 744 1653 μέν
764 1570 936 1656 τριάκοντα,
965 1577 1116 1654 συλλαβῶν
1137 1574 1170 1637 δέ
1186 1572 1346 1660 τεσσάρων.

184 1673 227 1738 Ἦ
244 1673 332 1739 πάλιν
352 1677 396 1747 τίς
417 1670 546 1750 οίνέξεταί
563 1696 616 1738 σου
634 1677 675 1748 είς
692 1672 823 1756 σχήματα
841 1676 891 1739 καὶ
907 1673 1074 1760 οίριθμοός,
1105 1676 1177 1740 ποτὲ
1194 1676 1249 1758 μέν
1265 1676 1346 1762 τριτί-

192 1803 297 1855 κοντα,
328 1776 397 1841 ποτέ
414 1776 446 1840 δέ
463 1778 691 1859 εἰκοσιτέσσαρα,
714 1778 783 1841 ποτὲ
801 1778 832 1841 δέ
846 1781 878 1854 ἓξ
894 1776 986 1859 μόνον
1001 1781 1204 1863 συγκλείοντας
1220 1776 1274 1845 τόν
1288 1788 1347 1847 τῶν

192 1877 312 1944 πάντων
326 1876 444 1961 κτιστὴν
461 1879 512 1943 καλ
531 1878 713 1963 δημιουργόν
728 1880 778 1943 καὶ
797 1879 922 1962 ποιητὴν
941 1879 1042 1966 Λόγον
1058 1887 1113 1945 τοῦ
1131 1886 1226 1959 Θεοῦ,
1257 1910 1346 1947 κατα-

190 1986 408 2065 κερματίζοντος
423 1979 515 2047 αὐτόν
530 1984 571 2056 είς
585 1980 729 2063 συλλαβάς
745 1982 797 2063 μέν
811 1984 967 2067 τέσσαρας,
989 1992 1115 2065 στοιχεῖα
1129 1985 1161 2048 δὲ
1174 1984 1345 2069 τριάκοντα,

190 2087 237 2149 καί
253 2082 304 2149 τόν
318 2082 437 2149 πάντων
452 2080 556 2169 κόριον
570 2083 622 2148 τόν
637 2083 830 2167 έστερεωκότα
846 2083 915 2160 τούς
931 2082 1090 2170 οὕρανοδς,
1113 2089 1155 2161 είς
1170 2090 1241 2171 Eut—q
1255 2086 1345 2153 κατά·

190 2214 293 2273 γοντος
307 2184 453 2269 α’ριθμδν,
481 2182 591 2269 δμοίως
605 2193 646 2273 τῷ
664 2185 823 2275 άλφαβήτιμ
846 2185 982 2254 12αὐτόν
996 2214 1027 2253 τε
1040 2186 1090 2254 τόν
1104 2188 1202 2255 πάντα
1214 2198 1344 2273 χωροῦν-

190 2318 225 2353 τα
245 2291 380 2374 Πατέρα,
410 2286 561 2373 ἆγοίρητον
580 2288 612 2352 δέ
631 2285 813 2372 ὑπάρχοντα,
844 2294 885 2365 εἰς
908 2289 1038 2375 Τετράδα
1059 2292 1110 2356 καὶ
1126 2288 1278 2377 Ὀγδοάδα
1293 2296 1344 2361 ιιιιλ

192 2391 310 2456 Δεκάδα
325 2392 376 2456 καλ
391 2386 555 2456 Δωδεκόδα
571 2388 806 2475 ὖπομερίζοντος,
830 2395 880 2457 καὶ
896 2392 945 2457 διά
962 2396 1178 2459 τῶντοιούτων
1192 2404 1345 2463 πολυπλα-

190 2501 320 2576 σιασμῶν
335 2492 368 2558 τό
387 2490 514 2577 όίρρητον
531 2496 581 2557 καὶ
600 2490 790 2576 α’νεννόητον,
822 2492 862 2571 τός
876 2494 913 2559 οδ
928 2496 1005 2585 φῄς,
1036 2502 1089 2561 τοῦ
1109 2496 1232 2583 Πατρός
1248 2501 1344 2583 ἐκδιη-

189 2601 347 2684 γουμένου;
380 2598 439 2658 Καὶ
465 2595 500 2659 δν
528 2593 683 2677 τίσοίματον
709 2599 760 2660 καὶ
786 2594 927 2663 οίνοόσιον
958 2596 1124 2681 ὀνομάζεις,
1153 2598 1211 2683 τὴν
1236 2600 1344 2669 τοότσυ

191 2700 358 2767 οὐσίανκαὶ
377 2697 428 2780 την
444 2695 606 2762 ὑπόστασιν
620 2701 652 2762 έκ
669 2706 783 2763 πολλῶν
798 2699 976 2784 γραμμάτων
990 2703 1095 2787 ἑτέρων
1112 2704 1141 2779 έξ
1159 2704 1268 2789 έτέρων
1284 2730 1346 2792 γεν-

189 2804 327 2885 νωμένων
350 2799 586 2878 κατασκευάζεις,
616 2799 706 2876 αὐτός
726 2805 872 2878 Δαίδαλος
890 2802 1020 2886 ψευδὴς,
1050 2806 1101 2869 καλ
1120 2806 1232 2871 τέκτων
1253 2806 1346 2887 κακός

169 2900 344 2991 Ιγενόμενος
371 2910 423 2985 τῆς
449 2902 736 2988 προπανυπερτότου
766 2903 933 2987 δυνάμεωςς
965 2908 1016 2971 καλ
1042 2906 1081 2990 ἣν
1102 2905 1263 2993 ἀμέριστον
1283 2910 1346 3003 φῄς

189 3004 276 3085 εἶναι,
300 3009 341 3080 είς
357 3003 498 3085 άφαίνους
515 3008 566 3070 καὶ
584 3005 756 3088 φωνήεντος
770 3009 820 3070 καί
836 3004 1014 3089 ἦμιφοόνους
1030 3007 1189 3095 φθόγγους
1201 3008 1344 3101 ὖπομερί·

191 3117 248 3187 ζων
263 3106 294 3173 τό
314 3107 435 3187 όίφωνον
450 3105 547 3173 αὐτῶν
561 3116 601 3197 τῷ
617 3116 674 3173 τῶν
689 3107 808 3173 πάντων
825 3112 933 3194 Πατρὶ,
954 3114 1006 3177 καλ
1022 3119 1060 3202 τῇ
1080 3110 1233 3179 ητούτου
1245 3116 1345 3207 έννσίφ

190 3210 437 3294 ἐπιψευδόμενος,
470 3214 510 3286 είς
530 3209 585 3292 τήν
606 3209 746 3276 άνωτοίτω
768 3215 955 3295 βλασφημίαν
976 3216 1027 3280 καλ
1049 3218 1185 3301 μεγίστην
1206 3214 1345 3303 οίσίβτιαν

190 3318 370 3398 ἐμβέβληκας
391 3312 523 3389 ἅπαντας
545 3312 614 3389 τοός
635 3334 683 3378 σοι
704 3316 910 3397 πειθομένους.
955 3316 1011 3382 Διό
1037 3319 1130 3384 Ηκαλ
1148 3322 1273 3397 δικαίως
1291 3322 1343 3389 ιισλ

188 3416 375 3502 ἁρμοζόντως
398 3425 433 3507 τῇ
455 3415 575 3505 τοιαύτη
599 3438 654 3482 σου
676 3415 767 3506 τόλμη
789 3414 807 3482 ό
828 3426 912 3494 θεῖος
929 3418 1095 3504 πρεσβύτης
1112 3422 1164 3487 καλ
1179 3420 1276 3509 κάρυξ
1289 3450 1343 3511 της

191 3519 330 3604 ἀληθείας
352 3522 499 3604 ἐμμέτρως
521 3517 698 3602 έπιβεβόηκέ
719 3540 779 3601 σοι,
803 3519 894 3586 είποίν
916 3520 1024 3598 οὕτως·

391 3622 576 3688 Είδωλοποιέ
598 3621 722 3705 Μάρκε,
745 3624 794 3687 καλ
816 3622 1019 3709 τερατοσκόπε,

390 3724 611 3810 Ἀστρολογικῆς
632 3726 749 3809 έμπειρε
770 3728 820 3790 καί
842 3736 968 3812 μαγικῆς
989 3729 1099 3812 τέχνης,

394 3827 440 3893 Δι’
463 3821 504 3892 ὧν
525 3825 678 3912 κρατύνεις
698 3835 750 3910 τῆς
770 3828 883 3911 πλάνης
903 3829 939 3894 τά
961 3830 1131 3917 διδάγματα,

68 3975 119 4019 Μ,
132 3963 175 4007 μμ,
392 3938 506 4013 Σημεῖα
527 3929 643 4006 δεικνός
663 3940 724 4006 τοῖς
744 3929 803 3998 όπδ
827 3939 881 3997 σοῦ
902 3935 1104 4017 πλανωμένοις

223 4088 247 4139 8.
266 4085 472 4153 μεταγενέστεροι
482 4117 515 4126 -
529 4090 620 4141 σαυτοῦ
638 4104 682 4139 om.
695 4092 747 4141 οοσ.
780 4089 923 4156 phabetum‚
938 4100 963 4141 et
972 4091 1052 4157 ipsum
1062 4091 1103 4160 qui
1115 4092 1198 4144 omnin
1209 4096 1280 4163 αιγιίῑ
1290 4096 1339 4149 Ρι-

192 4159 266 4207 λίηελ
780 4168 853 4217 trem,
870 4176 883 4207 ο
898 4158 966 4209 nullo
979 4170 1062 4211 autem
1078 4160 1181 4226 eapitur,
1195 4160 1221 4211 in
1236 4172 1338 4231 quter-

222 4224 247 4275 9.
264 4214 284 4290 ᾔ
300 4220 327 4275 τό
346 4226 397 4273 cod.
412 4227 486 4273 Vener.
780 4226 1193 4295 nationem--suppartientem
1203 4236 1257 4283 συλλ.
1275 4234 1340 4285 M

228 4294 263 4339 10.
277 4286 353 4342 αὐτὸν
365 4284 392 4344 ὃν
402 4296 510 4353 rescripsi
520 4308 549 4342 ετ
563 4295 609 4342 Vel.
618 4296 746 4356 λαίαφτείε.
779 4299 869 4345 correxi
883 4289 960 4348 αὐτόν
973 4314 1002 4348 τε
1012 4294 1055 4350 τὸν
1066 4294 1148 4349 πάντα
1159 4304 1226 4362 un„
1242 4316 1298 4353 ωτι
1309 4304 1339 4353 λλ-

191 4363 255 4409 Libri
272 4363 353 4409 habent
371 4354 432 4413 αότὸ
451 4352 486 4413 δι.
778 4366 814 4412 bn·
830 4366 937 4414 haberent
952 4362 1027 4418 αι’τδν
1044 4362 1164 4431 γεγονότα
1178 4362 1270 4421 πάντα.
1294 4370 1338 4421 Ρο-

228 4430 264 4481 ΙΙ.
281 4432 353 4477 Verba
366 4428 493 4497 στοιχείων
506 4427 550 4493 μὲν
561 4424 623 4481 εἶναι
632 4458 746 4470 ---
777 4436 855 4481 tevins
864 4436 1034 4483 rescribendum
1040 4438 1134 4497 μαλσνιλ
1141 4428 1288 4507 ιίλφτβήτφ
1297 4452 1338 4503 γι·

192 4492 267 4551 ου’τόι
285 4496 404 4561 γεγονότα
421 4513 465 4546 om.
483 4499 534 4547 cod.
552 4499 627 4546 λ’τιιει.
778 4496 881 4564 γονότα.
900 4500 944 4552 καὶ
959 4496 1036 4555 αάτδι
1049 4499 1092 4554 τίν
1107 4498 1190 4555 πάντα
1203 4508 1273 4568 ωλι,
1289 4508 1337 4557 Ι-

225 4568 264 4617 Γὶ.
283 4568 329 4615 νει.
345 4569 473 4629 Ιοίειγιτιιι
488 4564 602 4616 similiter
616 4575 690 4634 atque
704 4566 744 4617 ολ·
777 4570 838 4617 lim:
862 4562 1020 4638 ἄλφτβτῐτῳ,
1045 4568 1090 4623 καὶ
1105 4564 1184 4625 αίτδν
1203 4566 1249 4627 τδν
1265 4588 1336 4643 γεγο-
