3046 5084
242 323 314 384 ·178
676 334 797 385 ειιιαιι
813 334 980 385 τοιουτου

255 447 296 525 σός
312 449 362 514 ῦιά
376 457 429 531 ’τῆς
442 449 580 532 τοιαύτης
594 453 729 534 ἐργασίας
743 447 887 534 εὑρίσκειν
900 446 976 533 πρός
989 447 1065 514 θεόν
1080 448 1136 532 την
1150 456 1328 535 παρρησίαν.
1365 456 1411 518 Τά

256 553 377 635 στόματα
392 553 424 616 δέ
437 549 536 616 αῦτῦν
549 551 665 634 νύκτωρ
679 575 710 615 τε
724 553 776 616 καί
788 549 855 632 μεθ’
870 549 983 636 ἡμέραν
995 558 1150 632 τημελοῦσι
1163 552 1343 639 γυναικάρια
1356 557 1410 620 καί

256 653 470 739 άνθρωπάρια,
501 652 702 739 μυριζόμενοι,
730 652 900 735 λουόμενοι,
930 652 1155 734 θοιναζόμενοι,
1184 658 1297 730 κοίταις
1312 681 1343 720 τε
1358 659 1412 721 καλ

257 760 365 840 μέθαις
378 755 570 839 σχολάζοντες.
614 757 675 818 Καί
690 762 875 837 καταρῶνται
888 753 940 819 τόν
952 753 1143 836 νηστεύοντα,
1165 758 1298 840 λέγοντες
1313 755 1350 822 οῦ
1365 762 1414 823 δεῖ

257 859 417 943 νηστεύειν·
445 865 505 923 Τοῦ
522 855 578 943 γάρ
586 855 746 940 Ἀρχοντος
761 855 869 920 τοῦτον
883 863 938 920 τοῦ
954 855 1134 938 ποιήσαντος
1150 857 1203 923 τόν
1217 856 1313 924 αίοῦνά
1331 860 1410 923 ἐστιν

257 960 278 1046 ἦ
291 967 423 1044 νηστεία,
445 960 534 1024 δεῖδὲ
547 961 710 1042 τρέφεσθαι
724 961 765 1032 είς
778 954 811 1022 τό
827 956 864 1021 τά
879 955 1000 1038 στόματα
1015 955 1090 1023 είναι
1105 958 1224 1044 ἰσχυρά,
1247 963 1290 1037 είς
1306 959 1338 1026 τό
1355 959 1408 1025 θῦ-

257 1073 370 1130 νασθαι
388 1061 441 1127 τόν
461 1059 578 1145 καρπόν
598 1057 777 1124 ἀποδιδόναι
797 1056 872 1122 κατά
892 1056 996 1143 καιρόν
1017 1057 1119 1125 αότοῦ.

125 1272 192 1339 Κεφ.
211 1267 240 1331 ς’·
345 1271 483 1350 Χρῦνται
503 1263 535 1326 δὲ
556 1264 607 1326 καί
628 1268 738 1348 παλαιᾴ
758 1262 809 1325 καλ
830 1268 919 1349 καινῇ
939 1261 1081 1351 διαθήκη.
1124 1261 1356 1349 Ἀπαγορεάουσι
1378 1266 1410 1329 δὲ

257 1366 309 1434 τόν
323 1365 485 1449 λαλήσαντα
506 1366 538 1429 ἐν
554 1371 591 1452 τῇ
608 1370 719 1450 παλαιᾴ
737 1361 878 1451 διαθήκη.
923 1366 985 1427 Καὶ
1001 1362 1073 1429 όταν
1092 1365 1144 1446 μέν
1161 1369 1241 1447 ῥῆμα
1257 1366 1365 1451 εῦρωσί
1381 1394 1410 1432 τι

257 1468 320 1536 κατ’
336 1466 432 1532 αὐτῶν
448 1465 611 1548 δυνάμενον
628 1467 702 1547 ἔχειν
715 1461 767 1530 τόν
781 1471 869 1544 νοῦν,
899 1467 991 1545 φασίν
1007 1464 1051 1531 ότι
1069 1475 1157 1532 τοῦτο
1175 1466 1235 1533 άπό
1253 1475 1308 1533 τοῦ
1321 1468 1410 1533 πνεό·

150 1612 192 1654 μορ
213 1597 243 1640 ετ.
258 1596 350 1655 ματος
371 1574 424 1634 τοῦ
444 1574 589 1649 κοσμικοῦ
606 1564 763 1647 λελάληται.
804 1563 875 1630 Ἐάν
897 1569 929 1631 ῦέ
949 1594 994 1642 τις
1015 1571 1056 1642 είς
1074 1565 1217 1650 ὁμοίωσιν
1237 1577 1290 1650 τῆς
1311 1568 1411 1636 αῦτῦν

258 1677 421 1754 ἐπιθυμίας
438 1673 583 1751 δυνηθείη
601 1673 823 1750 σχηματίζεσθαι
837 1667 939 1754 λόγος,
970 1667 1024 1751 οάχ
1038 1670 1080 1745 ὥς
1097 1673 1157 1735 ἐστι
1172 1669 1204 1736 τό
1223 1675 1320 1755 ῥῆμα,
1350 1670 1411 1737 άλλ’

261 1773 301 1851 τός
322 1776 379 1857 ἔχει
400 1769 418 1837 ό
439 1769 535 1836 αὐτῶν
552 1777 624 1843 νοῦς
641 1767 872 1851 όήπατημίνος,
902 1777 1007 1835 τοῦτον
1024 1772 1285 1852 μετασκευάζοντες
1300 1777 1341 1849 είς
1356 1772 1413 1855 τὴν

260 1879 373 1942 ἓαυτῶν
390 1877 553 1955 ἐπιθυμίαν
571 1871 737 1952 φάσκουσιν
759 1875 791 1936 ἐκ
813 1879 866 1936 τοῦ
885 1871 1051 1953 πνεύματος
1069 1881 1122 1954 τῆς
1139 1871 1281 1955 άληθείας
1296 1883 1410 1956 λελαλῆ-

261 1988 342 2043 σθαι.
387 1978 463 2053 Καί,
490 1972 584 2039 Τοῦτό
605 1976 679 2050 ἐστι,
700 1975 808 2053 φασὶν,
831 1971 945 2039 όείπεν
961 1971 979 2039 ό
993 1973 1098 2058 κάρτος
1113 1978 1181 2059 περί
1195 1973 1350 2057 Ἰωάννου,
1376 1985 1413 2043 Τί

261 2080 396 2163 ἐξήλθετε
417 2081 458 2152 είς
477 2074 532 2158 τὴν
553 2077 664 2162 ἔρημον
682 2074 869 2152 θεάσασθαις
899 2073 1032 2157 κάλαμον
1053 2073 1113 2141 ῦπό
1130 2073 1242 2160 άνέμου
1258 2077 1413 2161 σαλευόμε·

245 2188 329 2259 ’νονς
356 2179 402 2246 ὅτι
419 2177 475 2243 οῦν
491 2171 546 2261 ἦν,
574 2179 666 2259 φασί,
693 2179 802 2253 τέλειος
817 2175 835 2242 ό
850 2175 1001 2258 Ἰωάννης·
1030 2179 1180 2244 ἐνεπνέετο
1196 2179 1252 2266 γάρ
1267 2178 1327 2247 όπό
1343 2188 1413 2246 πολ-

260 2290 320 2348 λοῖν
337 2280 512 2363 πνευμάτων
528 2278 603 2345 κατά
621 2278 755 2361 κάλαμον
770 2278 823 2345 τόν
839 2281 888 2344 ἐπί
906 2277 1018 2366 ἑκάστῳ
1033 2276 1132 2366 άνέμρο
1150 2282 1338 2365 κινούμενον,
1360 2286 1413 2347 καί

261 2385 309 2451 ὅτε
327 2385 379 2466 μὲν
393 2381 495 2468 ἤρχετο
514 2380 547 2447 τό
567 2387 682 2463 πνεῦμα
700 2388 754 2447 τοῦ
761 2379 937 2465 ’Ἀρχοντος,
962 2377 1147 2464 Ἰουῦαϊσμόν
1164 2383 1335 2468 ἐκήρυττεν,
1362 2382 1413 2449 ὅτε

261 2489 295 2553 δὲ
309 2485 343 2552 τό
362 2493 486 2567 Πνεῦμα
502 2482 536 2549 τό
553 2482 654 2568 άγιον,
673 2485 742 2566 περί
760 2487 892 2568 Χριστοῦ
906 2480 1011 2547 ἐλάλει·
1041 2484 1092 2548 καί
1108 2483 1197 2550 τοῦτό
1212 2487 1287 2564 ἐστι,
1307 2488 1412 2567 φασὶν,

261 2589 323 2669 ότι,
349 2585 383 2652 ‘0
401 2584 573 2670 μικρότερος
590 2587 622 2650 ἐν
638 2590 674 2673 τῇ
690 2587 822 2672 βασιλείᾳ
838 2591 898 2650 τοῖν
914 2581 1065 2668 οῦρανῶν,
1093 2586 1163 2670 περί
1179 2582 1279 2669 ἡμῶν,
1307 2589 1410 2668 φασίν,

261 2688 357 2771 είπεν,
379 2688 426 2755 ότι
447 2684 464 2754 ό
486 2689 518 2752 ἐν
538 2682 610 2770 ἡμῖν
630 2684 801 2772 μωρότερος
821 2690 925 2768 μείζων
945 2683 1040 2753 αῦτοῦ
1060 2683 1193 2774 ῦπάρχει.

132 3000 197 3066 Κεφ.
217 2993 246 3060 ί-
351 2994 412 3058 Καί
436 2989 530 3067 εῦθῦς
551 2993 783 3074 ἐπιστομίζονται
805 2995 838 3057 οί
856 2995 985 3058 τοιοῦτοι
1006 2989 1057 3057 ἄπ’
1078 2990 1171 3076 αῦτῆς
1190 2999 1243 3078 τῆς
1265 2992 1415 3079 άληθείας.

261 3095 314 3162 Ἐκ
329 3095 384 3183 γάρ
400 3102 459 3160 τῶν
473 3094 706 3178 συνεζευγμένων
721 3091 827 3182 ἑκάστη
843 3095 915 3171 λέξει
932 3091 1107 3175 άνιιφανιίόν
1123 3093 1145 3178 ἡ
1160 3094 1285 3179 ἀλήθεια
1299 3099 1417 3182 δειχθή-

265 3222 361 3276 σεται,
391 3199 442 3263 καί
464 3195 497 3262 τό
522 3198 659 3281 ἐχέγγυον
681 3202 735 3277 τῆς
755 3194 893 3279 φράσεως
913 3193 1141 3278 άποόοθησεται.
1184 3201 1229 3263 Et
1247 3200 1301 3280 μὲν
1320 3197 1419 3285 γάρό

263 3300 402 3383 Ἰωάννης
419 3297 534 3383 μαλακά
551 3295 707 3380 ἠμφίεστο,
728 3298 779 3362 καί
799 3300 940 3372 ἐνοίκοις
956 3299 1100 3380 βασιλίσιν
1115 3295 1260 3384 ὑπῆρχεν,
1281 3296 1361 3384 όρθὴ
1376 3298 1417 3364 άν

266 3405 342 3490 πρός
359 3401 449 3469 αότόν
470 3398 580 3483 ηλέξις
599 3402 652 3464 καί
670 3397 773 3465 εόθεῖα
795 3398 871 3484 πρός
886 3402 999 3485 ἔλεγχον
1017 3407 1072 3465 τοῦ
1089 3397 1181 3467 αῦτοῦ
1194 3398 1331 3484 όπῆρχεν.
1376 3405 1420 3465 El

267 3507 315 3583 θλ,
349 3513 384 3572 Τί
399 3503 534 3587 ἐξήλθετε
555 3505 642 3580 ίῦεῐνς
672 3499 837 3587 άνθραπον
852 3503 885 3567 ἐν
901 3510 1042 3584 μαλακοῖς
1058 3505 1185 3584 ἱματίοις
1200 3480 1417 3586 ἤμφιεσμένονς

268 3608 318 3669 καί
339 3607 392 3691 οῦχ
406 3607 502 3683 οὕτως
519 3603 610 3688 είχεν,
631 3602 731 3669 οῦκέτι
747 3601 780 3669 τό
797 3606 928 3689 ἔγκλημα
943 3606 991 3670 ἐπί
1009 3603 1062 3669 τόν
1078 3602 1116 3670 οῦ
1132 3602 1249 3685 μαλακά
1264 3612 1419 3689 φοροῦντα

266 3702 403 3789 Ἰωάννην
425 3716 479 3773 τοῦ
501 3707 591 3792 λόγου
613 3707 799 3783 ἐπενεκτέον,
832 3703 904 3770 άλλά
925 3707 975 3771 ἐπί
997 3704 1068 3782 τοῦς
1089 3705 1186 3783 οὕτως
1209 3702 1346 3793 ιόρησειν
1367 3706 1420 3774 τόν

267 3803 405 3887 Ἰωάννην
419 3815 613 3890 νομίσαντας,
643 3810 694 3873 καί
707 3805 767 3873 ῦπῦ
784 3815 843 3872 τῶν
858 3809 945 3872 ίνῦον
960 3809 993 3873 ἐν
1010 3812 1107 3883 ολκοις
1122 3810 1267 3891 βασιλίσιν
1280 3807 1421 3886 πολλάκις

268 3905 344 3975 κατά
360 3904 516 3990 όπόκρισιν
531 3911 788 3992 κολακευομένους.
829 3906 980 3991 Ἐνόμιζον
997 3907 1053 3995 γάρ
1069 3902 1157 3977 οῦτοι
1171 3910 1354 3998 ἐξερχόμενοι
1369 3913 1422 3977 ναί

269 4006 351 4095 παρά
362 4006 500 4075 Ἰωάννου
513 4016 652 4087 ἐπαίνους
663 4009 817 4096 εῦρίσκειν,
838 4011 890 4075 καί
902 4011 1105 4095 μακαρισμοῦς
1118 4014 1167 4077 ἐπὶ
1179 4022 1245 4088 τοῖς
1256 4010 1308 4077 τίτί
1321 4009 1422 4077 αῦιῦν

269 4110 342 4178 ποθ’
361 4109 487 4207 ἑκάστην
507 4110 620 4196 ἡμέραν
641 4115 804 4198 γινομένοις
823 4110 1068 4195 παραπτώμασιν.
1115 4111 1169 4190 Ὡς
1188 4114 1221 4179 ab
1239 4111 1295 4196 αῦχ
1313 4105 1420 4196 ηὗρον,

269 4212 488 4300 άνατρεπτιιιῦς
508 4212 591 4298 παρά
610 4222 666 4279 τοῦ
681 4221 815 4299 σωτῆρος
830 4210 907 4299 πρός
922 4210 1032 4290 αῦτοῦς
1047 4219 1161 4300 ιίρητιιι
1175 4213 1237 4293 ὅτι,
1274 4216 1310 4278 ss
1325 4215 1422 4295 ἐνομί-

269 4322 328 4397 ζετε
344 4312 503 4404 εόρῖσκεινς
531 4314 822 4401 ουμττεριφερόμενον
844 4323 908 4395 τοῖς
922 4313 1010 4399 ῦμῦν
1027 4315 1156 4383 πάθεσιν
1171 4313 1350 4401 ἄνθρωπον,
1380 4312 1421 4396 τός
