3046 5084
398 339 533 390 ernian
551 340 616 391 um.
631 342 650 391 ι.
667 342 748 395 rom.
762 343 795 392 ιι.
814 343 911 393 naun.
928 344 1018 393 xxx.
1222 333 1283 396 289

129 479 185 542 quo
209 457 440 523 circumcisionis
467 479 556 523 eruor
579 459 752 525 inhibendus
776 462 895 525 eratin
920 461 1089 526 memoriam
1113 476 1279 528 revocaret.

129 557 228 642 Quare
247 584 319 625 mox
344 573 376 626 ut
394 560 462 624 illud
480 560 592 624 audivit
609 562 820 646 repraestitit,
851 565 980 627 emedio
997 564 1194 628 sesnbduxit.
1239 567 1281 630 At

128 665 260 748 quisnam
282 665 331 729 ille
355 667 468 727 tuturus
490 672 571 726 esset
589 661 687 727 iulans
704 665 815 748 accipe.
861 661 891 727 ls
910 665 985 727 enirn
1006 676 1070 727 erat
1088 665 1122 728 de
1140 688 1197 749 quo
1215 689 1281 750 pro-

131 767 216 850 pheta
237 768 352 830 locutus
368 778 429 829 est:
459 769 502 826 Et
521 768 616 828 uolent
636 789 696 827 esse
719 772 785 847 agane
810 768 961 829 combusti:
993 772 1120 848 quonium
1139 771 1416 847 percunctantes.

126 882 211 932 noum
227 871 378 942 coenobis,
410 870 535 948 etfib'us
549 872 633 930 dutus
649 871 793 930 mtuodis.
840 869 954 952 Quibus
972 869 1071 932 verbis
1087 869 1209 954 primum
1228 892 1279 933 na-

128 984 187 1035 tum
211 993 317 1035 revera
335 972 486 1056 parvulum
506 969 733 1051 demonstravit,
765 981 796 1035 ut
813 992 882 1034 vere
903 982 1066 1057 susceptam
1086 971 1121 1034 ab
1139 993 1175 1035 eo
1196 983 1279 1036 natu-

128 1097 190 1138 ram
216 1073 340 1137 hominis
363 1072 550 1156 significaret.
597 1069 711 1136 Deinde
733 1074 875 1152 subiecit,
905 1079 997 1136 Filius
1017 1079 1100 1136 datiis
1121 1087 1165 1136 est
1185 1077 1274 1149 nodas,

129 1189 162 1241 ut
178 1177 302 1240 eundem
317 1174 362 1238 dei
378 1195 445 1238 csse
463 1174 583 1239 verbum
599 1195 616 1238 e
632 1176 715 1239 coelo
730 1176 897 1262 delapsum,
921 1178 1024 1262 deique
1041 1178 1128 1240 silium
1146 1177 1277 1240 declara-

128 1291 188 1344 tum
213 1279 397 1357 ostenderet,
428 1288 458 1340 et
478 1278 508 1340 iu
526 1287 610 1341 utero
629 1278 775 1362 genitum,
809 1280 1010 1364 hominemque
1030 1281 1153 1359 iactum,
1184 1279 1224 1343 ita
1245 1291 1276 1343 ot

129 1382 271 1467 duplicem
294 1381 323 1444 iu
346 1400 379 1444 se
398 1389 546 1459 naturam,
579 1379 626 1443 dei
643 1381 780 1445 videlieet
795 1382 976 1466 hominisque
994 1383 1176 1461 contineret,
1208 1404 1275 1466 pro-

128 1485 254 1568 indeque
269 1484 353 1547 deum
374 1483 481 1567 pariter
498 1492 585 1566 atque
605 1482 767 1565 bominem,
799 1497 830 1548 ot
848 1486 970 1548 eundem
992 1485 1131 1549 divinitus
1149 1484 1273 1548 oblatum

131 1587 218 1650 lilium
233 1607 267 1648 ac
281 1584 431 1671 puerulum
446 1595 557 1648 nalum.
590 1581 624 1648 ln
640 1606 698 1669 quo
712 1588 943 1652 circumcisionis
958 1587 1095 1672 deinceps
1112 1609 1199 1650 cruor
1215 1599 1273 1651 ste-

128 1689 179 1768 tit,
211 1699 242 1752 ut
261 1688 291 1751 in
309 1688 463 1772 evangelio
483 1688 546 1771 ipse
565 1697 700 1751 testatur.
746 1686 822 1754 Cum
839 1691 914 1753 eninr
934 1690 1058 1774 gentilos
1075 1689 1189 1753 videndi
1210 1691 1273 1753 eius

127 1789 272 1854 desiderio
291 1790 504 1867 accessissent,
529 1799 559 1852 et
576 1789 612 1852 ad
629 1787 790 1875 Philippum
809 1793 949 1856 adeuntes
971 1792 1131 1871 dixissent,
1157 1798 1274 1855 Ostende

125 1896 205 1955 nodis
222 1898 329 1969 lesum,
362 1913 397 1956 ac
415 1889 565 1976 Philippus
587 1891 615 1953 id
638 1891 794 1971 Andreae,
825 1893 961 1957 Andreas
983 1891 1101 1958 Christo
1125 1895 1274 1959 retulisset

127 1997 171 2060 his
187 1995 303 2060 verbis:
335 1998 458 2057 Genn'ler
473 1998 585 2076 quadum
601 1998 694 2056 vuilere
712 2007 739 2055 te
755 2001 885 2075 copiunt,
911 1996 1042 2060 dominus
1056 1997 1133 2058 illico
1151 2007 1425 2082 respon-locuuntur.

126 2099 184 2177 dit,
206 2101 291 2160 Nunc
306 2102 435 2179 peruenit
449 2100 546 2177 gloria
565 2100 626 2172 der'p
651 2106 682 2159 ut
700 2097 950 2161 circumcisionem
971 2097 1068 2160 carnis
1087 2100 1273 2180 praeteriisse

125 2202 183 2264 iarn
209 2200 345 2280 doceret,
375 2210 404 2263 et
431 2199 468 2262 ad
491 2209 602 2262 certum
626 2208 738 2282 tempus
760 2200 871 2282 figurae
893 2199 1050 2278 serviisse,
1082 2201 1178 2263 carnis
1200 2221 1272 2265 vero

125 2304 305 2389 praeputium
326 2300 470 2387 spirituali
492 2322 526 2365 ae
550 2301 754 2386 praestantiori
780 2301 1001 2365 circumcisione
1022 2302 1181 2385 praeditum
1203 2325 1273 2367 eou-

126 2406 259 2491 templari
281 2400 431 2469 Christum
455 2404 576 2487 eiusque
598 2403 694 2488 reipsa
717 2416 878 2489 compotem
902 2403 976 2467 lieri.

211 2507 297 2591 Quod
313 2507 339 2571 si
358 2506 432 2569 istud
448 2505 533 2570 nobis
550 2505 705 2570 obiiciaote
738 2503 800 2571 Cur
813 2507 902 2591 igitur
917 2506 1105 2571 circumcisus
1123 2517 1169 2570 est
1185 2504 1272 2571 Chri·
1322 2523 1379 2592 cap.

125 2613 208 2677 stosi
235 2610 276 2674 ita
293 2632 311 2674 a
329 2608 413 2673 uobis
432 2608 566 2674 audient:
596 2606 765 2674 Iamdudum
782 2610 914 2694 quidem,
945 2631 963 2673 o
984 2609 1115 2673 hominos
1133 2610 1269 2696 opinione
1287 2590 1405 2647 xxvffl·

125 2716 200 2779 falsa
215 2714 309 2792 ducti,
334 2733 467 2777 caussam
484 2712 568 2776 robis
587 2732 640 2776 cur
655 2723 736 2777 esset
752 2713 941 2777 circumcisus
958 2713 1148 2777 ostendimus.
1192 2711 1271 2777 Mul-

126 2818 164 2882 tis
182 2817 257 2881 enim
273 2817 302 2880 id
319 2816 355 2879 de
372 2815 484 2880 caussis
498 2814 647 2879 sustinuit.
692 2812 840 2894 Primum,
863 2826 895 2879 ut
909 2836 941 2879 se
957 2836 1074 2878 carnem
1090 2837 1123 2880 re
1139 2838 1212 2881 vera
1226 2818 1270 2881 in·

126 2921 223 2985 duisse
240 2928 434 2998 monstraret,
465 2927 585 3003 propter
600 2915 805 2981 Manichaenm
824 2928 996 3003 ceterosque
1020 2919 1068 3002 qui
1084 2919 1270 2985 similitudine

125 3023 246 3108 quadam
266 3043 301 3085 ae
317 3020 415 3106 specie
433 3021 575 3085 duntaxat
587 3020 755 3105 apparuisse
770 3021 941 3085 docuerunt.
986 3019 1100 3085 Deinde
1117 3034 1148 3086 ut
1164 3045 1269 3108 corpus

126 3124 269 3189 divinitati
285 3123 531 3187 consubstantiale
548 3145 605 3187 nou
623 3143 690 3187 esse
708 3123 938 3203 demonstraret,
963 3135 994 3188 ut
1010 3124 1188 3208 Apollinaris
1206 3125 1270 3188 exi-

125 3228 235 3307 stimat,
258 3248 312 3291 nec
327 3247 344 3290 e
359 3225 441 3289 coelo
456 3226 579 3289 delatum
592 3226 623 3289 in
639 3238 744 3304 terras,
769 3227 815 3309 qui
828 3224 978 3290 Valentini
992 3248 1076 3290 error
1092 3227 1155 3290 luit.
1192 3227 1268 3290 'l'uni

124 3341 157 3395 ut
173 3330 256 3395 ouius
275 3327 342 3393 olim
360 3328 590 3392 circumcisionis
609 3339 712 3392 auctor
729 3330 841 3408 luerat,
875 3350 938 3393 eam
955 3331 989 3392 ad
1008 3331 1163 3392 adventum
1178 3350 1270 3412 usque

124 3454 207 3498 suum
230 3432 416 3496 observatam
437 3431 528 3496 luisse
549 3433 654 3496 merito
675 3431 894 3517 comprobaret,
927 3443 1013 3516 atque
1036 3444 1067 3495 ut
1089 3451 1202 3494 omnem
1221 3429 1270 3494 lu-

123 3536 205 3600 daeis
224 3534 444 3600 excusationem
463 3534 602 3619 eriperet.
647 3532 716 3598 Nisi
733 3534 809 3598 euim
828 3533 1018 3598 circumcisos
1036 3535 1128 3610 toret,
1162 3533 1216 3596 hoo
1234 3535 1268 3598 ad

124 3639 169 3703 sui
185 3638 387 3724 purgationem
401 3638 507 3701 afferre
522 3636 696 3723 potuissent.
741 3635 807 3702 Nos
824 3633 974 3701 Christum
993 3635 1144 3720 praeputio
1158 3636 1270 3720 praedi·

123 3753 183 3807 tum
199 3742 324 3827 probare
339 3739 533 3825 nequivimus.
578 3737 737 3805 Praeterea
755 3762 828 3805 vero
845 3761 910 3804 eum
928 3737 1090 3823 oportebat,
1112 3738 1159 3822 qui
1173 3738 1270 3802 Abra·

124 3846 208 3909 hamo
226 3843 449 3908 circumcidendi
469 3844 515 3906 sui
532 3844 697 3908 mandatum
716 3843 862 3921 ediderat,
894 3852 925 3904 ut
942 3842 977 3904 ad
994 3840 1057 3904 veri
1075 3851 1105 3903 et
1121 3853 1269 3927 aspectum

124 3946 263 4032 lugiemis
280 3945 505 4010 adumbraudam
525 3945 682 4031 imaginem
704 3967 846 4032 apparens
869 3943 938 4006 illud
955 3943 1068 4027 siguum
1092 3954 1121 4007 et
1138 3956 1270 4030 aspecta-

123 4048 181 4113 bile
196 4070 266 4134 prae
282 4066 316 4114 so
333 4050 435 4127 terret,
459 4059 554 4112 ratum
573 4047 642 4112 illud
657 4070 712 4113 sua
728 4046 948 4112 circumcisione
966 4047 1073 4110 iacere.
1118 4045 1195 4111 Nam
1216 4068 1269 4111 ex-

124 4163 208 4217 terna
226 4152 277 4216 illa
294 4149 476 4216 circumcisio
493 4149 643 4215 Abraemo
665 4151 703 4214 ob
725 4149 787 4214 eius
806 4149 1025 4214 haesitationem
1045 4151 1179 4236 imposita
1200 4149 1266 4229 luit,

123 4275 187 4318 cum
209 4253 256 4319 vir
276 4264 396 4319 sanctus
417 4274 453 4317 ac
474 4252 569 4317 iustus
590 4252 671 4317 velut
692 4252 849 4316 dubitando
871 4251 1011 4331 dixisset,
1042 4259 1091 4314 Aa
1109 4258 1268 4315 centenario
1282 4265 1419 4324 sennan.

122 4361 369 4439 nometurfih'us?
388 4369 418 4419 et
433 4359 525 4418 Surru
539 4359 594 4416 rum
609 4376 680 4416 anua
687 4358 786 4436 filium
799 4360 915 4436 porr’et?
942 4352 1104 4440 Statimque
1120 4356 1264 4436 dominus,

123 4464 217 4536 Sume,
238 4459 343 4544 inquit,
360 4463 431 4522 milri
445 4462 709 4521 marmannorum
727 4464 822 4533 mum,
844 4470 1008 4541 struprum,
1028 4471 1058 4521 et
1069 4481 1190 4534 vaccum,
1211 4474 1264 4521 etc.

123 4566 245 4645 Cumque
262 4566 309 4625 aot
324 4565 507 4639 occumberet,
531 4583 593 4624 cunr
612 4564 752 4644 lampades
769 4567 846 4643 ignes
863 4565 1047 4626 statibanam
1066 4566 1265 4637 ardescente,

174 4658 261 4719 (terpus
273 4658 408 4708 mensal.
420 4659 448 4707 ll.
1027 4668 1066 4732 19
