3046 5084
371 333 411 394 60
792 341 911 391 ειυοτι
930 339 1096 389 τυιυυιαιι

370 460 530 542 ρυγμένην,
543 449 749 538 ’ἐξεβλήθησαν
766 454 824 520 σίπδ
841 463 894 537 τῆς
908 458 1065 539 γεωργίας,
1086 455 1137 516 καί
1153 455 1268 534 είςῆλθε
1284 452 1320 518 τῶ
1337 457 1423 538 ἔθνη,
1445 459 1517 521 ἐκεί-

369 585 430 624 νων
451 560 551 641 μηκέτι
573 560 744 640 δυναμένων
765 563 915 639 σωθῆναι,
937 558 966 620 τί
984 553 1024 638 μή
1045 581 1072 619 τι
1092 551 1309 635 ῶνακοίμψωσιν
1330 559 1373 632 είς
1392 554 1448 640 τῆν
1467 560 1517 640 γαί·

370 687 417 744 ριν
439 668 492 726 τοῦ
515 658 690 744 εὐαγγελίου.
735 660 839 724 Ποίντα
862 657 917 742 γῶρ
943 655 1043 732 αὐτοῖς
1063 655 1100 720 τῶ
1124 656 1306 738 δικαιώματα
1328 657 1518 743 κατήργηται,

370 761 492 843 ἑκάστης
513 767 674 847 μαρτυρίας
693 768 780 826 τοῦτο
796 758 951 845 λεγούσης,
981 756 1022 834 ῶς
1037 760 1093 840 ἐγει
1108 760 1140 823 ἐν
1154 757 1235 848 πίση
1250 767 1360 848 γραφῆ.
1403 761 1518 827 Συντό-

369 890 432 944 μως
453 865 485 928 δέ
506 862 565 928 οίπδ
584 871 653 945 μιᾶς
670 866 831 947 μαρτυρίας
846 859 880 926 τῦ
896 859 1098 945 α’νυττέρθετον
1113 861 1164 924 καλ
1179 857 1371 944 ἀπαράβατον
1387 869 1441 944 τῆς
1455 863 1519 928 κατ’

369 963 466 1030 αῦτῶν
489 964 668 1044 ἀποφάσεως
685 967 824 1049 ἐροῦμεν,
853 959 894 1036 ῶς
916 964 993 1027 ἐστιν
1014 964 1087 1025 ἰδεῖν
1110 959 1240 1044 ῶκριβῶς
1262 960 1315 1044 τήν
1334 960 1396 1027 κατ’
1418 961 1520 1030 αῦτῶν

369 1074 490 1149 ψῆφον·
517 1065 620 1141 καθώς
635 1087 742 1147 φησιν,
763 1064 848 1139 Ἥτις
865 1061 947 1145 ψυχή
963 1061 1019 1128 οῦκ
1034 1060 1190 1128 αίκοῦσεται
1205 1071 1257 1127 τοῦ
1272 1062 1429 1148 προφήτου
1445 1068 1518 1132 ἐκεί-

369 1194 438 1245 νου,
462 1166 744 1252 ἐξολοθρευθήσεται
758 1163 817 1230 οίπό
832 1172 884 1247 τῆς
897 1171 994 1247 φυλῆς
1010 1162 1102 1246 αὐτῆς
1116 1167 1166 1228 καί
1183 1166 1212 1241 ἐξ
1225 1163 1355 1249 Ἰσραήλ,
1377 1168 1429 1231 καλ
1442 1164 1517 1233 ῦπα-

370 1267 507 1332 κιίτωθεν
528 1275 581 1333 τοῦ
604 1266 749 1350 ου’ρανοῦ,
781 1264 822 1342 ῶς
844 1273 899 1331 τοῦ
920 1271 1024 1351 κυρίου
1048 1267 1201 1348 μέλλοντος
1222 1264 1257 1330 τῶ
1279 1265 1328 1331 διαί
1349 1272 1402 1332 τοῦ
1422 1267 1519 1353 νόμου

371 1377 519 1451 μυστικῶς
533 1371 742 1453 παραδοθέντα
763 1373 875 1442 τελείως
895 1370 945 1432 καὶ
964 1371 1158 1452 σωτηριωδῶς
1175 1369 1436 1448 ἐπασφαλίζεσθαι·
1464 1371 1519 1438 τῶν

372 1471 404 1535 δέ
419 1468 460 1552 μή
476 1468 623 1536 αίκοῦοντα
637 1467 728 1535 αὐτοῦ
734 1521 743 1550 ,
773 1471 845 1551 μηδὲ
861 1467 1049 1552 σίνεχόμενον,
1079 1466 1120 1551 μή
1136 1471 1210 1550 ἐχειν
1224 1474 1384 1555 σωτηρίαν,
1412 1470 1470 1537 κίίν
1487 1500 1518 1540 τε

371 1570 423 1638 τῦν
441 1572 533 1655 νόμον
553 1571 679 1661 ποιῆση,
709 1579 762 1637 τοῦ
776 1570 871 1653 νόμου
892 1570 934 1653 μή
950 1571 1116 1654 δυναμένου
1132 1578 1260 1636 τελειοῦν
1277 1570 1328 1637 τόν
1345 1571 1518 1660 ἄνθρωπον,

372 1673 421 1740 διῶ
443 1674 475 1739 τδ
492 1680 666 1755 σωματικῶς
685 1672 721 1738 τῶ
739 1676 770 1738 ἐν
792 1671 871 1761 αὐτῷ
888 1671 1071 1756 δικαιοίματα
1086 1672 1269 1760 γεγράφθαι,
1298 1677 1349 1740 καί
1371 1678 1403 1743 ἐν
1422 1682 1517 1768 κυρίρι

375 1783 493 1864 Χριστῷ
514 1774 662 1859 ῶληθινῶς
682 1782 879 1862 πληροῦσθαι.

446 2183 535 2261 Ἕως
556 2185 662 2251 τοῦτου
686 2211 737 2268 μοι
754 2187 879 2266 λελέχθω
898 2186 965 2266 περὶ
985 2191 1039 2248 τοῦ
1059 2181 1258 2266 Ἰουδαϊσμοῦ.
1303 2187 1362 2249 Καὶ
1385 2185 1441 2270 γᾶρ
1461 2185 1519 2252 du.

375 2313 435 2371 γων
450 2288 650 2369 ἐμνημόνευσα
671 2290 713 2362 είς
733 2285 766 2352 τῦ
789 2285 829 2368 μή
851 2294 912 2349 πᾶν
933 2283 1030 2350 αὐτῶν
1048 2294 1292 2370 παρασιωπῆσαι,
1319 2283 1377 2350 ἄλλ’
1392 2289 1424 2352 ἐν
1440 2290 1521 2372 μέρει

374 2500 472 2568 θεσις,
494 2495 542 2557 καλ
559 2488 577 2557 o‘
593 2490 667 2576 πρὸς
682 2489 792 2564 αῦτοῦς
808 2491 927 2573 ἐλεγχος.
970 2486 1142 2572 Ἐδείξαμεν
1159 2491 1190 2554 δέ
1205 2492 1255 2554 καλ
1269 2488 1323 2572 τήν
1337 2487 1443 2574 οίργήν,
1464 2491 1520 2557 τιό-

373 2602 430 2658 θεν
453 2595 537 2675 ἐσχον
559 2591 614 2675 τῆν
634 2589 810 2676 είςαγωγήν,
838 2589 883 2654 ῦτι
902 2592 931 2667 ἐξ
948 2588 1039 2673 α’ρχῆς
1054 2594 1087 2656 ἐκ
1101 2599 1153 2674 τῆς
1170 2598 1224 2657 τοῦ
1238 2589 1379 2677 Ἀβρααίμ
1394 2600 1448 2658 τοῦ
1463 2619 1520 2658 πα·

373 2693 513 2778 εριοίρχου
528 2697 700 2773 θεοσεβείας
713 2699 869 2756 καλοῦνται
881 2697 1041 2774 θεοσεβεῖς,
1063 2693 1113 2758 διαί
1127 2692 1160 2758 τῦ
1177 2691 1250 2758 εἶναι
1263 2692 1372 2772 αὐτοῦς
1386 2698 1418 2761 ἐκ
1434 2698 1519 2781 σπέρ·

375 2821 466 2877 ματος
482 2793 588 2871 αὐτοῦ,
619 2791 678 2858 οίπδ
702 2795 733 2858 δέ
754 2801 807 2858 τοῦ
823 2793 946 2879 ἐκγόνου
964 2793 1073 2874 αὐτοῦ,
1103 2797 1181 2877 φημὶ
1198 2795 1231 2860 δέ
1244 2792 1369 2878 Ἰακῶβ,
1400 2805 1454 2862 τοῦ
1469 2801 1519 2863 καί

373 2893 507 2979 Ἰσραήλ,
535 2894 719 2980 Ἰσραηλῖται.
762 2893 816 2973 Ἐξ
836 2894 953 2980 ήμερῶν
973 2897 1005 2961 δέ
1025 2899 1138 2979 Δαβίδ,
1166 2904 1221 2961 τοῦ
1243 2897 1466 2980 βασιλεύσαντος
1487 2902 1521 2966 ἐκ

266 3031 316 3074 ρας.
329 3020 361 3064 τι.
376 3004 471 3078 φυλῆς
487 2994 605 3078 Ἰούδα,
635 3001 790 3064 ἐκαλοῦντο
811 2997 956 3064 Ἰουδαῖοί
976 3024 1006 3063 τε
1027 3001 1078 3064 καλ
1098 2996 1276 3083 Ἰσραηλῖται
1296 3008 1389 3067 πᾶσαι
1410 3004 1444 3066 αί
1463 3001 1520 3067 δυ’-

375 3103 446 3164 δεκα
462 3102 567 3181 φυλαί,
594 3102 643 3165 καλ
661 3104 716 3177 ἕως
740 3108 938 3184 ΙΣολομῶνος
954 3108 1008 3167 τοῦ
1023 3104 1093 3166 υἱοῦ
1109 3102 1224 3183 Δαβὶδ,
1255 3105 1377 3180 καλέσας
1395 3111 1449 3169 τοῦ
1461 3101 1521 3170 Ῥο-

373 3198 453 3285 βσαίμ
472 3205 541 3267 υίοῦ
560 3209 749 3283 Σολομῶνος,
778 3202 902 3289 ἐκγόνου
925 3204 958 3268 δέ
978 3209 1032 3269 τοῦ
1051 3206 1157 3285 Δαβίδ.
1201 3206 1262 3269 Καί
1276 3202 1340 3270 κατ’
1356 3207 1522 3289 ἐπιτίμησιν

374 3311 467 3383 θεοῦ,
499 3307 551 3369 καί
574 3302 747 3388 ἄναξιότητα
774 3313 827 3372 τοῦ
847 3303 989 3388 Ῥοβοῦμ,
1020 3307 1198 3388 ἐσχίσθησαν
1226 3308 1258 3371 αἱ
1278 3305 1402 3371 δεκαδῦο
1429 3309 1522 3386 φυλαί

375 3409 426 3473 καί
443 3405 577 3492 γεγόνασι
596 3406 650 3473 δύο
671 3406 758 3490 ἥμισυ
775 3407 847 3490 μεταλ
864 3416 917 3474 τοῦ
932 3405 1049 3485 Ἰούδα,
1070 3408 1199 3472 τουτέστι
1219 3405 1291 3490 μεταλ
1306 3403 1448 3489 Ῥοβοῦμ,
1468 3410 1520 3471 καί

377 3512 460 3575 ἐννέα
480 3508 572 3592 ῆμισυ
594 3509 665 3593 μετα
686 3507 851 3597 Ἰεροβοιίμ.
891 3507 1073 3575 Ἐκαλοῦντο
1097 3510 1130 3574 δέ
1151 3512 1184 3575 αί
1201 3511 1284 3575 ἐννέα
1298 3505 1474 3593 Ἰσραηλῖταί
1490 3533 1521 3574 τε

377 3614 428 3676 καὶ
443 3609 575 3697 Ἰσραήλ,
605 3612 825 3696 βασιλευόμεναι
840 3610 900 3678 ῦπδ
917 3619 971 3677 τοῦ
985 3609 1143 3696 Ἰεροβοοίμ
1161 3614 1229 3678 υίοῦ
1247 3608 1354 3693 Ναβῶτ
1370 3612 1402 3676 ἐν
1419 3616 1521 3695 Σαμα-

378 3718 454 3802 ρείρ·
483 3717 516 3778 αί
535 3716 566 3779 δέ
584 3714 639 3781 δῦο
656 3717 698 3791 είς
711 3712 904 3801 Ἰερουσαλήμ
919 3712 1063 3780 Ἰουδαῖοι
1079 3713 1269 3797 καλούμενοι,
1298 3712 1502 3797 βασιλευόμεν

378 3812 438 3880 ῦπδ
451 3813 575 3899 Ῥοβοολμ
590 3820 659 3883 υίοῦ
672 3824 877 3899 Σολομῶντος,
898 3819 948 3882 καλ
965 3818 1100 3902 γεγόνασι
1114 3816 1202 3881 πάλιν
1219 3816 1355 3900 διαδοχαὶ
1370 3818 1515 3901 βασιλέων

376 3913 501 4000 Ῥοβοᾶμ
517 3926 602 4007 γεννᾷ
618 3918 670 3985 τδν
685 3917 785 4003 Ἀβιδ,
805 3917 890 4001 Ἀβιῶ
908 3917 960 3983 τδν
974 3915 1059 3998 Ἀσῶ,
1078 3915 1149 3984 'Aca
1163 3917 1216 3984 τῶν
1233 3915 1401 4001 Ἰωσαφᾶτ,
1420 3917 1501 3986 Ἰοισ

377 4121 526 4207 Ἀμασίαν,
558 4123 692 4206 Ἀμεσίας
719 4121 772 4189 τῶν
793 4122 943 4208 Ἀζαρίαν,
974 4120 1026 4188 τῶν
1045 4119 1227 4203 καλούμενον
1247 4121 1360 4202 Ὀζίαν,
1391 4119 1507 4201 Ἀζαρία

380 4229 455 4292 λιταί
472 4225 566 4306 Ὀζίας
584 4225 637 4292 τίν
650 4223 802 4309 Ἰωιίθαμ,
829 4222 969 4306 Ἰωσίθαμ
987 4221 1039 4290 τδν
1050 4221 1169 4308 Ἅγαῶζ,
1195 4222 1301 4308 Ἀχαιίζ
1311 4221 1365 4288 τῶν
1377 4219 1521 4298 Ἐζεκίαν.

415 4482 472 4534 Cu.
483 4485 526 4535 Vl.
541 4511 573 4523 -
592 4482 614 4536 1.
627 4481 792 4549 Σολομῶντος
809 4485 859 4536 cod.
874 4484 934 4534 mu·
999 4484 1024 4536 λ.
1043 4488 1133 4549 lupone
1150 4481 1165 4538 ῦ
1182 4480 1226 4534 καλ
1242 4474 1339 4543 Ὀζίας·
1373 4481 1421 4532 Pro
1436 4472 1523 4545 Ὀζία

381 4552 430 4614 αις.
968 4554 1023 4605 uon
1037 4556 1107 4617 νυιρο
1125 4547 1223 4608 Ὅσαι.
