3046 5084
279 329 339 390 334
700 338 820 391 ελυοτι
838 340 1006 390 εειειιιυιι

278 459 416 541 γορεῦσαί
430 481 460 520 τε
476 458 508 520 ἐν
523 454 625 531 αὐτοῖς
639 454 693 537 τῆν
707 463 762 519 τοῦ
776 455 888 541 πατρός
906 459 1077 541 ἐπίγνωσιν,
1099 453 1144 519 ὅτι
1160 479 1191 519 τε
1203 452 1355 540 άχοίρητός
1368 456 1430 520 ἐστι

277 559 328 623 καί
351 555 553 640 άκατάληπτος
573 559 624 623 καλ
645 554 702 622 οῦκ
723 559 801 622 ἔστιν
822 555 890 623 οῦτε
911 560 985 622 ίδεῖν
1002 556 1068 623 οῦτε
1086 555 1212 623 άκοῦσαι
1228 553 1319 623 αὐτόν
1336 554 1358 640 ῆ
1377 554 1430 622 διά

282 658 398 741 8μόνον
415 666 470 724 τοῦ
489 666 684 745 Μονογενοῦς
698 658 878 743 γινώσκεται.
923 662 984 724 Καί
1002 657 1034 725 τό
1054 660 1106 742 μὲν
1124 663 1217 726 αίτιον
1233 666 1286 742 τῆς
1303 662 1428 725 αἰωνίου

278 765 420 845 διαμονῆς
435 771 498 837 τοῖς
511 769 628 836 λοιποῖς
640 759 673 826 τό
691 769 808 846 πρῶτον
825 760 1056 845 4οῖκαταληπτδν
1068 758 1209 847 ῦπάρχειν
1225 769 1278 828 τοῦ
1296 761 1427 848 Πατρδς,

277 872 330 946 τῆς
352 866 383 930 δὲ
400 865 536 949 γενέσεως
555 861 647 929 αῦτοῦ
669 867 720 929 καὶ
736 863 918 947 μορφωσεως
932 862 966 929 τό
984 863 1171 947 καταληπτόν
1186 861 1296 944 αάτοῦ,
1329 863 1371 930 ιδ
1388 861 1427 946 δῆ

174 1038 178 1043 ,
276 965 343 1042 υίός
360 969 427 1031 ἐστι.
472 969 533 1031 Καὶ
551 974 644 1031 ταῦτα
663 967 715 1047 μὲν
735 964 753 1031 δ
771 965 835 1051 άρτι
851 969 1034 1050 προβληθεὶς
1052 964 1181 1052 Χριστός
1195 969 1228 1032 ἔν
1245 964 1347 1043 αὐτοῖς
1360 968 1427 1049 ἐδη-

277 1064 443 1154 μιοῦργησε.
492 1066 531 1133 Τό
555 1070 587 1133 δὲ
605 1073 640 1134 ἓν
663 1075 788 1150 Πνεῦμα
809 1067 842 1134 τδ
866 1068 950 1154 άγιον
971 1071 1165 1146 ἐξισωθέντος
1184 1067 1294 1145 αῦτοῦς
1313 1067 1429 1145 πάντας

151 1208 202 1255 ηις.
218 1194 262 1239 ιτα.
277 1170 454 1256 εὐχαριστεῖν
475 1173 603 1250 ἐδίδαξε,
634 1172 686 1234 καί
708 1169 761 1253 τῆν
785 1164 931 1254 α’ληθινῆν
951 1169 1119 1236 ἀνάπαυσιν
1138 1168 1276 1256 ῆγῆσατο.
1323 1169 1429 1247 Οὕτως

263 1299 306 1343 ,τε
324 1280 425 1363 μορφῆ
442 1275 492 1337 καί
509 1271 610 1362 γνοῖμη
628 1276 711 1348 ίσους
727 1281 948 1356 κατασταθῆναι
965 1273 1059 1351 6τοῦς
1071 1277 1192 1349 Αίοῖνας
1205 1275 1330 1359 λέγουσι,
1351 1271 1426 1339 πάν·

277 1402 329 1452 τας
344 1377 521 1461 γενομένους
540 1375 641 1454 Νόας,
664 1377 715 1440 καὶ
734 1373 847 1452 πάντας
863 1374 999 1462 Λόγους,
1021 1378 1073 1442 καί
1090 1376 1203 1451 πάντας
1219 1372 1427 1461 Ἀυθριπους,

276 1480 327 1543 καῖ
346 1477 457 1554 πάντας
476 1477 639 1563 Χριστοῦς,
666 1480 717 1543 καὶ
734 1475 787 1554 τάς
804 1482 925 1561 θηλείας
939 1476 1050 1561 δμοίως
1065 1477 1163 1554 πάσας
1175 1475 1345 1560 Ἀληθείας,
1373 1479 1427 1544 καί

276 1579 373 1656 πάσας
396 1579 497 1659 Ζωάς,
528 1582 578 1645 καῖ
602 1578 775 1674 Πνεῦματα,
806 1582 858 1646 καί
874 1578 1054 1665 Ἐκκλησίας.
1099 1582 1299 1664 Στηριχθίντα
1319 1581 1352 1646 δὲ
1375 1582 1426 1646 ἐπί

275 1682 369 1772 τούτῳ
391 1680 427 1746 τά
449 1682 518 1762 όλα,
548 1685 598 1748 καί
615 1680 843 1765 άναπαυσάμενα
863 1685 965 1760 τελέως
987 1683 1058 1767 μετά
1078 1682 1203 1770 μεγάλης
1224 1690 1317 1769 χαρᾶς
1333 1703 1429 1766 φησιν

276 1784 403 1870 ὑμνῆσαι
417 1784 469 1851 τόν
485 1783 682 1872 Προπάτορα,
704 1793 815 1869 πολλῆς
828 1782 991 1873 εῦφρασίας
1005 1784 1198 1871 μετασχόντα·
1218 1788 1269 1852 καί
1282 1782 1357 1871 άπὲρ
1372 1790 1429 1869 τῆς

276 1887 409 1965 εὐποιίας
423 1886 530 1971 ταύτης
545 1892 639 1977 βουλῆ
657 1896 710 1976 μιᾷ
726 1890 778 1953 καλ
796 1888 899 1979 γνάμη
916 1886 949 1954 τό
967 1896 1028 1954 πᾶν
1042 1888 1197 1976 Πλήρωμα
1211 1896 1272 1955 τοῖν
1285 1886 1426 1969 Αίιόνιν,

276 1995 526 2067 συνευδοκοῦντος
542 1998 596 2056 τοῦ
613 1997 743 2075 Χριστοῦ
758 1992 810 2057 καὶ
825 1998 878 2056 τοῦ
897 1990 1088 2075 Πνεῦματος,
1118 1998 1173 2058 τοῦ
1188 1993 1220 2057 δὲ
1237 1988 1359 2078 Πατρδς
1370 1989 1426 2057 αῦ-

275 2104 334 2161 τοῖν
353 2095 702 2179 συνεπισφραγιζομίνου,
735 2096 787 2159 ἕνα
809 2096 1010 2160 ἕκαστοντῶν
1031 2093 1172 2177 Αίάνων,
1202 2093 1275 2180 ὅπερ
1297 2088 1374 2177 εῖχεν
1393 2094 1428 2161 lv

275 2201 370 2288 ἕαυτρῖ
389 2197 540 2263 κάλλιστον
563 2198 614 2262 καί
638 2193 842 2283 άνθηρότατον
862 2199 1129 2283 συνενεγκαμένους
1151 2199 1202 2264 καί
1229 2198 1426 2283 7ἕρανασαμί-

275 2327 361 2379 νους,
391 2302 442 2365 καί
458 2307 549 2365 ταῦτα
569 2295 741 2384 θάρμοδίως
757 2301 914 2377 πλίξαντας
929 2301 980 2365 καί
998 2302 1127 2383 ἐμμελῶς
1140 2299 1322 2381 ίνοῖσαντας,
1351 2324 1426 2385 προ-

275 2406 418 2489 βαλέσθαι
436 2400 617 2487 9πρόβλημα
632 2403 673 2477 είς
686 2400 772 2485 τιμῆν
786 2404 837 2467 καί
851 2400 941 2478 δόξαν
954 2409 1009 2469 τοῦ
1024 2409 1142 2482 Βυθοῦ,
1164 2400 1341 2469 τελειότατον
1353 2400 1424 2467 κάλ-

273 2517 323 2584 λος
338 2532 368 2572 τε
385 2508 435 2572 καλ
453 2502 561 2590 άστρον
578 2511 632 2569 τοῦ
652 2502 874 2590 Πληράματος,
903 2506 1011 2571 τέλειον
1026 2505 1144 2591 καρπόν
1159 2502 1212 2572 τόν
1228 2502 1355 2589 Ἰησοῦν,
1384 2502 1425 2571 δν

274 2614 324 2677 καί
341 2616 469 2694 Σωτῆρα
486 2613 762 2692 προςαγορευθῆναι
778 2608 829 2671 καί
848 2605 977 2692 Χριστόν
992 2610 1043 2674 καί
1056 2608 1161 2696 Λόγον
1177 2612 1422 2695 πατρατυμικιῖς,

278 2715 373 2778 10καί
389 2708 450 2776 είτα
467 2708 586 2787 Πάντα,
610 2706 658 2774 διά
676 2706 709 2775 τό
726 2706 786 2775 άπδ
802 2707 921 2775 πάντων
937 2707 1027 2790 εῖναι,
1049 2709 1238 2797 δορυφόρους
1251 2734 1283 2777 τε
1299 2704 1423 2799 ΙΙαῦτηῖ

274 2818 316 2891 είς
335 2812 420 2899 τιμῆν
446 2810 543 2895 ητῆν
564 2808 662 2877 αῦτοῖν
682 2808 832 2898 ὁμογενεῖς
851 2809 1003 2900 Ἀγγίλους
1022 2818 1316 2901 συμπροβεβλῆσθαι.

358 3224 443 3305 Αῦτη
467 3223 518 3306 μὲν
540 3214 596 3288 οῦν
620 3225 695 3289 ἔστιν
716 3220 737 3304 ῆ
759 3220 841 3299 ἐντός
862 3221 1068 3309 Πληροόματος
1090 3219 1141 3289 ὑπ’
1162 3220 1260 3290 ου’τοῖν
1281 3223 1425 3309 λιγομίαη

272 3332 468 3416 πραγματεία,
498 3327 549 3391 καῖ
565 3323 586 3408 ῆ
601 3332 655 3390 τοῦ
670 3324 862 3401 πεπονθότος
876 3329 1009 3405 Λίοῖνος,
1037 3327 1089 3391 καί
1112 3324 1207 3410 ιμετά
1224 3322 1331 3411 μικρόν
1347 3320 1424 3393 άπο·

272 3431 413 3511 λωλότος,
442 3427 482 3506 οῖς
498 3432 529 3495 ίν
544 3435 636 3518 πολλῆ
652 3426 708 3519 ὕλη
724 3426 774 3494 διά
787 3426 905 3512 ζήτησιν
920 3434 974 3494 τοῦ
993 3426 1129 3515 Πατρός,
1150 3424 1307 3513 συμφορά,
1335 3424 1425 3512 ααλῆ

272 3534 429 3619 τοῦὍρου
445 3536 496 3598 καλ
511 3538 671 3615 ῖΣταυροῦ
687 3532 737 3596 καλ
754 3538 919 3617 Λυτρωτοῦ
936 3533 988 3599 καί
1006 3537 1179 3618 Καρπιστοῦ
1193 3532 1245 3597 καί
1257 3526 1425 3616 Ὀροθίταν

271 3641 323 3703 καί
337 3638 541 3722 Μεταγωγὲως
559 3632 732 3713 θὲξαιοίνιος
745 3631 899 3718 σύμπηξις,
917 3637 967 3701 καλ
982 3632 1003 3718 ῆ
1017 3642 1070 3701 τοῦ
1084 3632 1206 3720 πράτου
1221 3638 1354 3721 Χριστοῦ
1365 3630 1425 3699 σδτ

271 3747 313 3829 τρῖ
334 3738 486 3823 Πνεῦματι
504 3745 546 3828 τῷ
562 3735 636 3828 άγίρ)
652 3738 686 3804 ίκ
704 3743 858 3820 μετανοίας
875 3735 935 3804 ῦπδ
952 3745 1006 3804 τοῦ
1025 3735 1145 3822 Πατρός
1160 3734 1259 3803 αῦτῦν
1272 3758 1423 3823 μεταγττε·

272 3844 360 3928 στίρα
377 3849 434 3908 τῶν
450 3840 597 3907 4Αίάνων
608 3842 729 3927 γένεσις,
751 3842 802 3906 καὶ
818 3838 839 3925 ῆ
854 3846 908 3908 τοῦ
920 3842 1059 3928 δευτέρον
1076 3846 1218 3929 Χριστοῦ,
1238 3839 1275 3907 δν
1288 3840 1341 3907 καί
1354 3844 1423 3905 Zo-

305 4034 330 4087 δ.
348 4031 424 4101 μόνον
439 4035 528 4084 inducit
544 4034 596 4084 cod.
612 4035 665 4084 λ’τιι.
896 4030 921 4085 6.
931 4029 999 4093 τοῦς
1014 4048 1060 4085 αττ.
1076 4034 1128 4086 οοδ.
1145 4034 1203 4085 Van.

305 4098 330 4153 λ.
347 4097 523 4166 ἀκατάληπτον
536 4104 722 4163 ιττίμτίῖταιωλ
734 4107 778 4152 οτι
791 4105 830 4153 ln·
896 4099 921 4154 7.
939 4100 1174 4169 συνιρανιοαμίντυς
1189 4102 1243 4153 ωδ.
1260 4102 1313 4152 m

271 4176 342 4232 λειγτ.
356 4177 377 4221 τι
388 4171 555 4220 Tertullianum
567 4175 665 4220 πτοῖαι.
694 4171 760 4220 Libri
773 4172 831 4232 Εμλ·
896 4168 922 4221 8.
938 4165 1064 4235 ἁρμονίως
1080 4166 1132 4221 ενδ.
1148 4172 1204 4222 Vm.

269 4241 353 4301 γλααῖι·
361 4251 439 4288 omnes
446 4239 530 4287 λοοτιιλ
539 4235 706 4301 καταληπτὸν.
724 4238 832 4301 efflus-
896 4234 922 4290 9.
938 4240 974 4289 na
990 4239 1041 4289 υοδ.
1060 4240 1115 4289 ren.
1149 4240 1223 4303 Υαλςο
1243 4234 1422 4306 προβλήματι,

255 4312 329 4359 ,τοτα
343 4309 376 4356 αδ
396 4310 525 4357 Irenaeum.
862 4300 1423 4375 ηαοδααιιααῖυπῖκπμίβλημιίτιτίίιοι·

306 4376 330 4423 5.
345 4367 360 4426 δ
374 4370 407 4439 δή
420 4369 475 4431 υἱδς
485 4373 643 4435 reponendum
653 4372 768 4424 ουοδεδαλ
778 4388 830 4426 sen·
863 4389 965 4426 ευτναιιτ.

272 4443 343 4494 tentia
359 4457 388 4493 τε
404 4443 495 4493 hennei
509 4442 632 4501 ίτιλττμττίτ
646 4444 694 4493 Ver.
705 4447 727 4493 τί
741 4445 830 4493 ἳατίαλ·
898 4444 937 4495 10.
953 4446 990 4495 ίία
1003 4445 1113 4506 metipsi
1126 4442 1262 4493 Tertulliani
1272 4444 1424 4505 mm

271 4514 440 4572 ummo.
471 4498 829 4578 mmmmm
861 4510 1423 4575 υαωαωωυιρωφωςιιιιεααα

272 4580 324 4630 ωδ.
339 4581 393 4631 λ’τπ.
412 4569 427 4630 δ
445 4572 482 4641 δὴ
497 4575 560 4636 ῖσος.
860 4582 962 4642 mur:
983 4578 1048 4631 n·
1066 4576 1245 4647 ταραιίαιιλ
1257 4578 1375 4631 δοκι
1393 4586 1425 4631 τε
