3046 5084
176 359 236 423 372
598 372 716 423 ειαοοι
736 373 904 424 οοιοιιιιιο

177 488 209 555 τά
234 486 342 574 άρατύν
364 490 500 573 γενέσθαι
522 492 572 554 καὶ
589 489 777 572 ψηλαφητόν.
821 487 904 573 Σάρξ
922 491 954 553 δέ
972 492 1049 556 ἐστιν
1064 486 1085 571 ῆ
1100 487 1205 575 άργαία
1223 491 1257 555 έιι
1275 496 1335 555 τοῦ

176 598 230 675 χοῦ
243 591 318 656 κατά
332 588 384 656 τόν
399 586 491 674 Ἀδάμ
506 588 527 674 ῆ
542 601 679 677 γεγονυῖα
692 592 796 668 πλάσις
810 589 870 657 ύπδ
885 598 938 657 τοῦ
952 598 1039 672 θεοῦ,
1063 591 1099 675 ῆν
1113 590 1235 675 άληθῶς
1247 616 1332 678 γεγο-

53 720 105 768 οιε·
117 707 162 753 ²⁰⁰-
177 696 256 761 νέναι
272 693 323 760 τόν
339 692 425 780 λόγον
443 701 496 759 τοῦ
514 702 590 760 θεοῦ
607 695 750 778 ἐμήνυσεν
768 692 786 761 ό
800 692 944 777 Ἰωάννης.
990 697 1049 760 Καί
1064 696 1178 760 λέλυται
1194 691 1334 778 αύτῶνῆ

177 798 278 883 πρῶτη
298 799 349 862 καὶ
369 794 526 883 άρχέγονσς
540 795 671 882 Ὀγδοάς.
713 795 797 873 Ἐνδς
816 795 870 883 γάρ
888 799 938 862 καὶ
954 804 1008 862 τοῦ
1024 794 1116 863 αύτσῦ
1133 797 1331 880 δεικνυμένου

176 900 296 986 Λόγου,
318 902 368 964 καὶ
385 906 595 985 Μονογινσῦς,
618 902 669 964 καὶ
688 907 790 982 Ζωῆς,
813 902 863 965 καί
883 897 1005 979 Φωτάς,
1028 902 1080 965 καλ
1095 906 1255 987 Σωτῆρος,
1276 901 1332 965 καί

179 1009 326 1090 Χριστοῦ,
347 1005 397 1067 καλ
418 1005 493 1067 Υἷοῦ
511 1007 604 1081 Θεοῦ,
627 1005 677 1067 καὶ
692 1001 799 1068 τούτου
814 1000 907 1067 αύτοῦ
924 1004 1130 1087 σαρκωθέντος
1143 999 1218 1089 ύτιλρ
1232 998 1331 1085 ῆμῶυ,

175 1109 287 1171 λέλυται
306 1102 326 1187 ῆ
343 1112 396 1187 τῆς
411 1094 575 1190 Ὀγδοάδσς
591 1110 788 1190 σκηνοπηγία·
818 1103 926 1187 ταύτης
942 1106 975 1170 δέ
991 1107 1146 1188 λελυμένης
1161 1106 1329 1171 διαπέπτω-

176 1234 226 1274 κεν
242 1206 337 1272 αύτῶν
352 1214 433 1272 πᾶσα
448 1205 469 1290 ῆ
485 1204 647 1287 ύπάθεσις,
673 1207 733 1290 2ἣν
748 1211 869 1289 ψευδῶς
885 1205 1103 1294 ὀνειρώττοντες
1119 1209 1329 1294 κατατρέχουσι

176 1318 234 1375 τῶν
252 1316 390 1395 γραφῶν,
423 1312 501 1374 ίδίαν
517 1307 665 1375 ύπάθεσιν
684 1308 934 1392 άναπλασύμενοι·
968 1312 1067 1376 ἔπειτα
1083 1312 1172 1389 λέξεις
1192 1311 1242 1376 καλ
1259 1308 1335 1376 όνό-’

176 1440 252 1495 ματα
273 1411 427 1498 σποράδην
448 1416 563 1495 κείμενα
583 1414 765 1499 συλλέγοντες
785 1414 995 1497 μεταφέρουσι,
1026 1411 1131 1489 καθῶς
1151 1413 1328 1499 προειρήκα-

175 1541 242 1598 μεν,
265 1519 298 1582 έκ
316 1522 368 1581 τοῦ
383 1513 456 1580 κατά
470 1514 561 1597 φύσιν
575 1519 617 1592 είς
631 1513 663 1581 τά
680 1514 761 1602 παρά
776 1516 882 1597 φύσιν,
905 1515 994 1599 ὅμοια
1008 1523 1161 1593 ποιοῦντες
1173 1524 1237 1593 τοῖς
1251 1513 1327 1583 ύπο·

174 1620 273 1694 θέσεις
294 1616 347 1693 τάς
369 1616 514 1701 τυχούσας
537 1616 638 1695 αὐτοῖς
661 1621 925 1704 προβαλλομένοις,
956 1621 1054 1684 έπειτα
1076 1620 1271 1706 πειρωμένοις
1292 1622 1328 1687 έιι

173 1729 233 1787 τῶν
247 1717 377 1804 Ὀμήρου
395 1719 568 1804 ποιημάτων
586 1728 706 1804 μελετᾶν
729 1720 833 1804 αύτάς,
864 1721 934 1799 ῶςτε
956 1721 1026 1797 τούς
1046 1720 1255 1808 άπειροτέρους
1275 1725 1327 1789 δο·

174 1833 236 1888 κεῖν
252 1821 296 1888 ἐπ’
313 1825 424 1906 ἐκείνης
438 1832 491 1906 τῆς
509 1827 538 1901 ἐξ
553 1821 700 1910 ύπσγυίον
718 1826 945 1908 μεμελετημένης
960 1821 1277 1911 ύποθέσεωςὍμηρον
1290 1824 1328 1891 τά

172 1929 229 2008 έπη
245 1927 453 2008 πεποιηκέναι,
481 1929 531 1991 καί
547 1926 673 2002 πολλούς
688 1925 926 2014 συναρπάζεσθαι
943 1925 992 1992 διά
1008 1933 1061 2011 τῆς
1079 1934 1138 1993 τῶν
1155 1928 1237 1993 ίπῶν
1256 1949 1326 1994 συκ-

172 2030 265 2094 θέτον
282 2026 473 2108 άκολουθίας,
492 2028 533 2112 μῆ
548 2028 606 2116 άρα
620 2028 706 2094 ταῦθ’
723 2029 960 2115 οῦτωςὍμηρος
973 2032 1019 2113 εἴη
1033 2028 1211 2113 πεποιηκῶς.
1252 2027 1329 2107 1Ὡς

173 2129 191 2197 o‘
204 2131 257 2198 τάν
269 2129 412 2218 Ἡρακλέα
428 2129 488 2197 ύπά
505 2130 691 2218 Εὐρυσθέως
706 2134 756 2198 ἐπὶ
771 2130 823 2198 τάν
840 2134 873 2198 έν
887 2130 1028 2222 τῶ”Αιδη
1041 2131 1119 2199 κύνα
1135 2130 1328 2216 πεμπόμενον

173 2232 223 2300 διά
240 2241 299 2300 τῶν
315 2231 481 2318 Ὁμηρικῶν
498 2239 602 2318 στίχων
616 2234 741 2321 γράφων
753 2234 848 2310 οῦτως
860 2232 958 2313 (σύδέν
977 2233 1033 2322 γάρ
1048 2234 1153 2302 κωλύει
1168 2238 1326 2322 παραδείγ-

172 2363 264 2419 ματος
287 2336 372 2423 χάριν
396 2341 616 2420 ἐπιμνησθῆναι
639 2337 836 2417 καὶτούτων,
868 2334 972 2421 άμσίας
989 2339 1038 2403 καί
1059 2346 1112 2422 τῆς
1125 2334 1219 2423 αύτῆς
1232 2334 1327 2421 οῦσης

171 2439 372 2526 ἐπιχειρήσεως
393 2450 456 2517 τοῖς
477 2438 681 2525 άμφοτέροις)·

298 2540 350 2619 Ὡς
372 2541 463 2607 είπῶν
485 2539 640 2623 άπέπεμπε
662 2542 762 2625 δόμων
782 2545 874 2626 βαρέα
895 2540 1069 2627 στενάχοντα

301 2643 388 2710 Φῶθ’
408 2642 571 2727 Ἡρακλῆα,
594 2642 726 2730 μεγάλων
748 2648 900 2732 έπιΐστορα
920 2648 1025 2732 ἔργων,

296 2745 491 2833 Εύρυσθεύς,
515 2749 675 2813 Σθενέλοιο
698 2748 770 2825 πάϊς
793 2747 996 2834 Περσηϊάδαο,

295 2847 343 2926 Ἐξ
363 2847 498 2935 Ἐρέβευς
520 2847 625 2928 άξοντα
647 2849 723 2916 κύνα
744 2858 887 2937 στυγεροῦ
907 2848 1018 2917 Ἀίδαο

297 2958 341 3035 Βῆ
365 2950 390 3037 ρ’
412 2955 497 3034 ἴμεν,
521 2950 591 3027 ῶςτε
612 2954 685 3018 λέων
707 2951 897 3039 ὀρεσίτροφος
918 2950 984 3019 άλκλ
1005 2952 1170 3033 πεποιθῶς,

296 3059 496 3141 Καρπαλίμως
517 3051 574 3119 άνά
596 3053 685 3134 άστυ,
708 3060 787 3137 φίλοι
809 3054 836 3121 δ’
859 3055 946 3140 4άμα
964 3054 1071 3134 πάντες
1091 3058 1208 3139 ἕποντο,

298 3156 426 3240 Νύμφαι
447 3154 470 3221 τ’
491 3154 592 3240 η’ΐθεσί
614 3184 657 3237 τε,
680 3158 854 3243 πολύτλητοί
874 3186 904 3225 τε
925 3161 1068 3247 γέροντες,

299 3257 398 3347 οίκτρ’
420 3257 650 3345 ὀλοφυρόμενοι,
673 3258 740 3339 ῶςελ
761 3261 928 3329 θάνατύνδε
950 3262 1060 3329 κιόντα.

291 3361 425 3450 Ἑρμείας
447 3361 473 3428 δ’
496 3361 682 3447 άπέπεμπεν,
706 3366 748 3430 ίδέ
770 3373 939 3452 γλαυκῶπις
958 3364 1082 3450 Ἀθῆνη.

287 3465 387 3532 ’Ἠιδεε
408 3464 466 3552 γάρ
488 3465 564 3532 κατά
585 3465 686 3550 θυμόν
707 3465 851 3550 άδελφεδν
873 3466 914 3545 ῶς
935 3471 1075 3536 ἐπονεῖτο.

173 3575 223 3646 Τίς
242 3568 298 3635 ούκ
320 3569 357 3634 άν
378 3576 437 3635 τῶν
454 3567 651 3655 άπανούργων
668 3575 867 3658 συναρπαγείη
883 3569 943 3638 ύπδ
963 3578 1024 3638 τῶν
1040 3573 1122 3638 ἐπῶν
1139 3568 1255 3639 τούτων
1271 3578 1325 3642 καί

168 3676 310 3754 νομίσειεν
331 3672 428 3748 ούτως
451 3670 550 3737 ὕαύτά
562 3671 699 3759 Ὅμηρον
717 3675 767 3739 έπλ
784 3672 894 3757 ταύτης
911 3680 963 3757 τῆς
982 3671 1156 3752 ύποθέσεοος
1174 3682 1326 3763 οσιτοποιη-

47 3775 268 3852 μισουμέναις
295 3772 328 3839 ‘0
348 3773 374 3841 δ’
390 3778 598 3862 έμπειρσςτῆς
612 3773 774 3861 Ὁμηρικῆς
788 3774 962 3853 ύποθέσεως
979 3775 1208 3864 ίέπιγνούσεται,
1235 3778 1327 3859 είδδς

167 3874 213 3942 ότι
229 3874 262 3941 τά
283 3878 336 3958 μέν
352 3903 380 3941 τι
396 3876 494 3943 αύτῶν
508 3881 569 3945 ἐστι
585 3880 653 3964 περὶ
667 3875 831 3955 Ὀδυσσέως
848 3882 1018 3967 είρημένον,
1048 3878 1082 3947 τό
1100 3880 1132 3946 δέ
1147 3883 1217 3967 περί
1229 3880 1333 3961 σύτσῦ,

166 3986 220 4045 τοῦ
236 3976 413 4065 Ἡρακλέας,
441 3979 474 4047 τά
493 3981 525 4047 δέ
542 3983 610 4067 περί
628 3980 788 4066 Πριάμου,
816 3982 849 4048 τό
868 3983 900 4049 δέ
916 3985 984 4071 περί
1000 3981 1157 4049 Μενελάου
1171 3985 1225 4050 καλ
1237 3982 1325 4075 Ἀγα-

168 4084 318 4163 μέμνσνσς.
352 4080 446 4167 ”Aeac
461 4086 492 4148 δέ
507 4082 598 4164 αύτά,
620 4086 671 4149 καλ
682 4088 717 4150 έν
730 4086 851 4151 ἕκαστον
864 4083 999 4163 άποδσύς
1016 4092 1075 4177 ’τῆ
1090 4088 1162 4175 ίδίγ,
1183 4088 1327 4159 έιιποδόν

168 4181 283 4267 ποιῆσει
308 4183 385 4268 9τῆν
404 4182 559 4252 ύπάθεσιν.
608 4187 695 4254 Οῦτω
716 4188 750 4254 δέ
765 4190 817 4255 καλ
839 4186 898 4254 ¹⁰6
914 4187 967 4256 τόν
980 4187 1094 4255 κανόνα
1111 4196 1165 4273 τῆς
1180 4186 1328 4277 άληθῶιις

199 4340 224 4390 2
242 4332 274 4425 ῆι
291 4344 340 4426 ³:³³
357 4337 480 4407 α’ψευδῶς
496 4346 546 4392 cod.
564 4348 618 4396 ven.
796 4346 821 4400 6.
838 4345 1001 4415 πεποιηκέναι
1015 4376 1049 4388 -
1064 4376 1096 4387 -
1112 4342 1262 4413 ῦποθέστως
1277 4332 1326 4409 σιτ

198 4407 223 4461 3.
241 4427 278 4468 ως
295 4429 307 4463 ο
324 4414 453 4462 nonhabet
470 4413 522 4461 τοο.
537 4415 593 4462 Ven.
762 4420 813 4468 τοῦ.
827 4420 883 4468 Ven.

200 4474 225 4528 4.
241 4471 296 4543 ἅμα
302 4482 377 4561 ,codd
389 4483 442 4530 Ven-
457 4480 555 4542 λλλτδλς.
570 4482 650 4532 Paris.
674 4486 729 4534 λἀλ-
796 4484 821 4537 7.
838 4483 894 4538 ἐπεὶ
906 4484 1030 4551 γιῶσετσι
1042 4486 1094 4537 οοδ.
1109 4486 1164 4537 Vn.
1191 4488 1327 4543 Vel-Mu·

166 4560 197 4609 ρο
212 4551 278 4596 αιτιοι
293 4546 352 4599 ανδοξ
759 4566 815 4616 pm
829 4568 884 4603 τααι
899 4555 984 4605 λαοεοι
998 4560 1132 4621 cognonen
1146 4552 1327 4623 qm’dun-

201 4614 226 4666 5.
244 4608 310 4667 αύτά
327 4613 404 4669 εἰπεῖν
414 4608 534 4683 ’Όμηρον
551 4618 602 4667 ωδ.
617 4620 671 4668 Vm.
761 4636 818 4684 ιω,
835 4630 1006 4687 argumentum
1022 4632 1106 4675 εοιειι
1119 4638 1173 4675 σοι
1186 4636 1327 4693 θυμω
