3046 5084
213 369 254 432 38
636 381 758 432 εκειοει
775 380 944 432 εειειιιειιι

217 497 464 583 Νείδωλολατρία
478 521 509 561 τε
524 498 574 561 καλ
593 494 655 562 16ό
673 494 875 579 Ἑλληνισμός,
897 494 939 573 ῶς
955 494 976 579 ή
993 498 1123 562 ἐλθοῦσα
1139 499 1182 573 εἰς
1195 493 1276 579 ήμᾶς
1291 505 1373 582 γνῶ·

214 620 261 675 σις
275 599 405 681 περιέχει.
452 597 545 663 Θάπω
568 599 600 662 δέ
620 600 652 662 έν
672 597 790 674 ξοάνοις
807 602 858 663 καλ
875 601 907 664 έν
924 604 1053 682 τορείαις
1073 604 1168 664 λίθων
1189 597 1210 681 ή
1229 597 1326 676 ξάλων
1350 598 1374 683 ἢ

215 698 455 786 άργυροτεόκτων
473 699 495 782 ή
515 699 625 783 χρυσοῦ
651 698 714 782 1οή
734 697 823 783 άλλης
840 699 921 776 τινός
942 701 1016 783 όλης
1036 702 1250 783 πεποιημένης,
1272 699 1375 783 μόνον

100 818 170 882 '1¹⁸3-
182 823 201 867 ε.
215 807 248 870 δὲ
271 802 321 868 διά
344 802 505 888 χρωμάτων
530 803 582 866 καὶ
611 800 733 867 εἰκόνων
760 799 781 884 η’
811 809 863 867 τοῦ
889 800 1055 886 άνθρῶπου
1081 802 1199 868 διάνοια
1229 804 1374 893 Πὲωυτῇ

214 906 365 991 ἰφηόρατο
385 904 439 987 τήν
459 907 583 982 κακίαν,
612 905 663 967 καὶ
687 901 736 967 διά
757 911 810 969 τοῦ
835 902 1026 981 αότεξουσίου
1050 907 1101 969 καί
1123 902 1294 989 λογιότητος
1314 908 1371 970 καί

212 1019 268 1078 νοῦ
287 1009 425 1088 άντλτής
445 1003 633 1090 άγαθότητος
654 1003 687 1069 κδ
710 1004 886 1088 παράνομον
908 1005 1066 1089 έφηόρατο.
1111 1012 1246 1091 Γίγνεται
1267 1007 1301 1072 δὲ
1322 1014 1371 1096 τῷ

214 1109 331 1198 Σεροόχ
347 1117 420 1183 παῖς
438 1104 455 1172 ό
472 1104 600 1191 Ναχιδρ,
625 1105 735 1193 Ναχῶρ
756 1107 789 1172 δέ
811 1115 898 1194 γεννᾷ
918 1106 969 1172 τόν
988 1107 1098 1193 Θάρρα.
1141 1105 1299 1172 Ἐντεῦθεν
1320 1111 1372 1194 γέ-

214 1238 300 1301 γονεν
329 1208 596 1295 άνδριαντοπλασία
624 1204 685 1273 άπό
714 1213 897 1294 πηλουργίας
926 1211 977 1274 καί
1005 1217 1166 1295 κεραμικῆς
1193 1209 1373 1292 ἐπιστήμης,

220 1313 315 1379 18διδ
338 1319 392 1394 τῆς
414 1317 469 1375 τοῦ
495 1307 598 1394 Θάρρα
619 1308 728 1376 τούτου
749 1313 857 1393 τέχνης.
903 1312 1048 1396 Περιέστη
1072 1313 1104 1376 δέ
1130 1310 1149 1377 ό
1179 1320 1212 1357 ¹⁹
1227 1308 1303 1375 οἰῶν
1326 1315 1374 1390 εἰς

216 1412 349 1497 εἰκοστήν
372 1410 474 1498 γενεάν
495 1413 550 1487 ἕως
568 1410 693 1490 τούτου,
716 1414 790 1477 έτῶν
810 1417 971 1498 τριςχιλίων
994 1419 1172 1498 τριακοσίων
1192 1438 1386 1497 τριακοντα-,

214 1519 280 1585 δόο.
324 1518 386 1579 Καὶ
404 1512 502 1589 οόδελς
518 1510 637 1578 πῶποτε
653 1520 711 1578 τῶν
731 1516 882 1599 προτέρων
899 1513 1071 1600 άνθρῶπων
1087 1513 1146 1600 πρό
1169 1513 1283 1597 πατρός
1299 1513 1375 1593 υίδς

215 1618 360 1697 έτελεάτα,
383 1614 453 1681 άλλό
469 1617 593 1702 πατέρες
608 1613 667 1700 πρό
682 1619 797 1680 παίδων
815 1624 1005 1693 τελευτῶντες
1022 1616 1093 1692 τοδς
1106 1615 1192 1693 υίοδς
1208 1615 1374 1699 διαδόχους

214 1725 436 1803 κατελίμπανον.
481 1719 543 1781 Καὶ
562 1716 603 1800 μή
624 1743 668 1792 τις
689 1720 791 1802 λεγέτω
815 1721 882 1802 περλ
901 1727 954 1784 τοῦ
969 1717 1072 1801 ”Αβελ·
1103 1716 1140 1783 ου’
1161 1717 1217 1804 γάρ
1239 1718 1371 1808 θανάτῳ

216 1828 281 1913 ἰδίιμ
307 1824 456 1903 τέθνηκεν.
497 1819 592 1897 Ἐξότε
614 1818 716 1905 Θάρρα
739 1817 888 1902 άντίζηλον
911 1827 952 1908 τῷ
976 1827 1041 1908 θεῶ
1067 1821 1285 1906 προεστήσατο,
1315 1820 1372 1887 διά

215 1933 268 2008 τῆς
287 1926 364 1999 ἰδίας
376 1926 554 2007 πηλουργίας
566 1921 790 2003 τεχνησάμενος,
812 1921 848 1986 τά
866 1922 954 2005 όμοια
969 1920 1007 1998 οίΙ
1033 1925 1157 2006 ἔπραξεν
1175 1920 1234 1987 α’πδ
1253 1929 1309 2004 τῆς
1324 1927 1371 1989 δί-

215 2055 270 2111 κης
286 2025 443 2107 άπείληφε,
464 2026 515 2089 καλ
533 2021 622 2098 αότδς
639 2026 863 2108 παραζηλωθελς
879 2024 929 2088 διά
949 2031 1003 2089 τοῦ
1022 2027 1100 2089 ἰδίου
1117 2026 1231 2089 τέκνου.
1264 2023 1370 2091 Ὅθεν

214 2128 395 2212 θαυμάσασα
412 2124 433 2209 ή
448 2130 518 2190 θεία
534 2124 635 2210 γραφή
652 2125 869 2207 ἐπεσημήνατο,
891 2128 1030 2208 λέγουσα,
1054 2129 1115 2190 Καί
1130 2124 1281 2190 άπέθανεν
1299 2123 1369 2214 Ἀρ-

214 2230 269 2317 ράν
297 2228 425 2295 ένῶπιον
456 2235 493 2274 ²⁰
509 2225 613 2313 Θάρρα
642 2234 695 2291 τοῦ
726 2233 761 2272 ²¹
775 2223 888 2311 πατρός
923 2228 955 2290 έν
984 2234 1021 2314 τῇ
1050 2234 1089 2316 γῇ
1117 2236 1171 2311 τῆς
1199 2226 1369 2313 γεννήσεως

214 2331 313 2399 αότοῦ.

83 2433 195 2506 15ch-
286 2434 368 2510 Ἕως
387 2431 494 2499 τοότου
521 2433 625 2511 1έμενε
648 2424 790 2509 Σκυθική
810 2453 855 2502 τις
874 2427 995 2510 διαδοχή
1020 2431 1071 2494 καί
1094 2433 1253 2513 ἐπίκλησις.
1304 2432 1368 2498 Οὔ-

213 2563 259 2602 πω
283 2537 341 2600 ’δὲ
359 2528 398 2616 ήν
417 2559 463 2608 τις
487 2535 613 2616 αἵρεσις,
642 2526 728 2593 οόπω
748 2527 860 2611 μηχανή
881 2555 924 2604 τις
946 2532 1043 2616 ἕτέρα,
1069 2531 1090 2615 ή
1113 2531 1206 2614 μόνον
1227 2539 1367 2616 πορνεία,

216 2642 357 2704 ’ἐπίνοια
386 2632 523 2697 εἰδῶλων.
577 2632 637 2693 Καί
662 2631 812 2712 μετέπειτα
837 2631 1068 2715 ἰθεοποιήσαντο
1095 2633 1116 2717 ἢ
1141 2639 1369 2717 κακοδαίμονας

213 2737 377 2823 τυράννους
394 2733 415 2815 ή
431 2731 539 2818 γόητας
554 2730 760 2811 φαντάσαντας
774 2731 829 2815 τήν
844 2736 1034 2818 οἰκουμένην,
1056 2734 1229 2818 τιμήσαντες
1243 2735 1280 2800 τά
1295 2739 1368 2805 τοά-

213 2865 272 2904 των
288 2835 437 2919 μνήματα,
459 2835 510 2899 καλ
525 2834 675 2915 μετέπειτα
692 2841 814 2928 4πολλῶ
832 2843 872 2923 τῷ
889 2836 984 2926 χρόνῳ
1002 2836 1075 2913 τοδς
1092 2841 1158 2923 περί
1175 2838 1296 2923 Κρόνον
1309 2846 1367 2909 καὶ

215 2944 289 3017 Δία,
308 2935 390 3002 Ῥεάν
408 2962 438 3000 τε
456 2937 507 3001 καλ
518 2934 631 3021 Ἥραν,
652 2937 703 3001 καί
718 2935 789 3012 τοός
807 2936 881 3019 ἄμφ’
896 2937 1020 3019 αότοός,
1044 2943 1142 3004 ἔπειτα
1158 2942 1190 3005 δὲ
1205 2939 1369 3026 Ἀκινάκην

214 3044 348 3124 σέβοντες
373 3042 433 3103 ῡοῖ
452 3063 483 3102 τε
504 3044 564 3103 τῶν
580 3045 714 3103 Σκυθῶν
730 3038 923 3126 Σαυρομάται
940 3039 1084 3126 Ὀδρυσόν
1104 3067 1135 3106 τε
1156 3050 1216 3108 τῶν
1235 3047 1369 3129 Θρακῶν

213 3141 403 3230 προπάτορα,
425 3143 455 3217 ἐξ
472 3132 509 3204 οὗ
526 3138 559 3205 τό
574 3142 657 3226 γένος
677 3141 832 3226 κατάγεται
847 3149 989 3230 Φρυγῶν·
1011 3142 1086 3209 ὅθεν
1102 3147 1154 3208 καλ
1170 3150 1286 3232 Θρᾷκες
1302 3143 1368 3214 άπό

212 3253 267 3311 τοῦ
288 3242 389 3328 Θήρας
413 3245 558 3324 οἐπίκλην
582 3248 635 3308 τοῦ
656 3245 689 3308 έν
705 3250 742 3332 τῇ
759 3251 942 3331 πυργοποιλα
959 3246 1170 3331 γεγεννημένου
1194 3252 1369 3318 καλοῦνται.

215 3348 360 3433 Περιέστη
380 3346 412 3410 δὲ
427 3351 487 3420 πῶς
504 3341 523 3409 ό
540 3343 660 3430 χρόνος,
682 3347 819 3411 έντεῦθεν
836 3348 985 3429 λαβούσης
1001 3356 1055 3430 τῆς
1075 3346 1189 3428 πλάνης
1208 3343 1300 3427 άρχήν
1321 3355 1372 3430 εἰς

212 3449 264 3515 τόν
288 3445 525 3534 προδηλοάμενον
546 3445 666 3530 καιρόν,
696 3448 829 3532 7(μόρων
847 3447 952 3515 λοιπόν
977 3447 1030 3525 τάς
1056 3447 1153 3523 όδοός.
1202 3455 1368 3535 8Συγγρη.

214 3560 280 3632 τρεῖς
300 3577 330 3615 τε
351 3553 489 3616 ἐντεῦθεν
510 3550 562 3614 καί
586 3549 809 3636 ἰστοριογράφοι
833 3549 893 3616 άπό
917 3559 971 3633 τῆς
996 3557 1056 3615 τῶν
1072 3553 1247 3633 Αἰγυπτίων
1268 3551 1370 3632 έρανι.

214 3651 336 3734 σάμενοι
357 3651 533 3736 ἰθνομόθου
556 3649 684 3734 πλάνης,
714 3651 788 3717 ὅθεν
812 3651 874 3735 9δή
897 3650 933 3716 τά
954 3658 1008 3732 τῆς
1032 3655 1216 3735 φαρμακείας
1236 3653 1286 3715 καλ
1309 3681 1369 3736 μα.

215 3759 292 3839 γείας
314 3752 438 3840 ηόρέθη.
484 3755 666 3836 Μετηνέχθη
692 3755 724 3819 δὲ
746 3760 838 3818 ταῦτα
864 3755 906 3828 εἰς
923 3753 1069 3834 ’Έλληνας
1093 3751 1153 3819 άπό
1175 3761 1228 3838 τῆς
1248 3752 1370 3838 ήλικίας

248 3991 286 4047 14.
305 3993 483 4059 εἰδωλολατρία
507 3998 575 4047 codd.
594 3998 649 4044 λιιι.
671 3997 768 4057 Ηίιεδίρ.
837 3993 1072 4046 20.1racoa.vm.
1109 4001 1182 4061 λὐλρο
1199 3993 1309 4062 Θάβραν.

213 4069 234 4113 ιι
250 4066 304 4113 εδει.
320 4068 394 4125 μήτε.
429 4061 620 4128 εἰδωλολατρεία
636 4064 673 4114 ιδ.
688 4066 770 4113 Ριίαυ.
836 4064 877 4114 λλ.
895 4060 988 4127 πατρὸς
1005 4058 1082 4118 αότοῦ
1102 4064 1127 4118 έν
1144 4066 1177 4133 τῇ
1192 4066 1227 4133 γῇ
1244 4064 1292 4129 τῆς
1307 4081 1366 4132 γεν-

249 4134 288 4182 15.
305 4126 318 4182 ὁ
337 4145 382 4179 om.
399 4133 449 4179 cod.
467 4134 541 4179 Venet.
802 4125 902 4197 νήσεως
919 4133 969 4182 ωδ.
989 4136 1062 4183 λ’ωιιλ.

250 4198 289 4249 16.
307 4190 325 4262 ἦ
343 4190 422 4258 ἄλλης
435 4213 500 4254 τινος
520 4191 581 4262 ὕλης
600 4195 770 4263 πεποιημένης
837 4200 896 4249 Cn.
916 4201 970 4248 VH.
994 4229 1027 4238 —
1063 4204 1083 4252 1.
1110 4199 1191 4266 ἔμεινε
1214 4197 1318 4254 Σκυθία
1342 4199 1365 4274 ή

214 4269 265 4316 cod.
282 4269 356 4314 Vener.
388 4259 409 4331 γ’γ’
432 4262 459 4324 ἐξ
475 4257 553 4329 ἄλλης
566 4282 631 4325 τινος
647 4260 711 4333 ὕλης
726 4283 769 4319 τε·
802 4266 851 4335 τῆς
867 4270 990 4336 διαδοχῆς
1007 4272 1057 4319 cod.
1078 4273 1150 4318 Venet.

214 4331 354 4398 ποιημίνων
370 4335 453 4394 reliqui
467 4334 527 4381 libri.
835 4340 859 4387 2,
877 4334 906 4390 δὲ
919 4325 951 4404 ἦν
969 4352 1014 4387 om,
1031 4339 1082 4386 coa.
1097 4339 1152 4384 Vm.

247 4399 288 4482 μί.
307 4397 385 4468 ἑαυτῇ
401 4394 529 4465 ἐφηόραεο
546 4403 596 4452 cod.
612 4405 666 4453 Ven.
696 4407 768 4468 λἰιλρο
835 4403 859 4456 3.
878 4404 971 4458 ἐπίνοια
993 4419 1037 4466 pro
1052 4406 1189 4466 ρλωιιυισίι
1209 4404 1281 4453 habeo
1297 4410 1365 4460 νοοὶς

215 4463 248 4533 ἰφ
271 4465 349 4535 δαυτῇ
365 4462 481 4532 ηὕρισκε.
801 4473 907 4538 πορνεία,

249 4533 289 4588 18·
306 4532 336 4586 ἔκ
353 4539 403 4587 cod·
420 4537 494 4583 Vend-
836 4542 860 4592 4.
878 4539 947 4592 ἔνθεν
964 4536 1048 4604 πολλῶ
1065 4539 1115 4586 ωδ.
1135 4540 1208 4588 λιταί.

249 4601 288 4656 19.
306 4599 367 4655 αίεδν
384 4605 435 4654 cod.
453 4605 506 4652 Ven.
541 4606 614 4667 λὐίρο
629 4597 706 4670 α’γιδν.
990 4610 993 4615 ’
