3046 5084
365 355 498 406 rsuauu
517 357 577 407 ura.
593 359 612 407 ι.
629 356 711 409 rou.
726 357 755 407 ιι.
773 358 871 408 ussa.
886 358 986 408 xxxr.
1190 346 1250 409 337

100 474 176 539 lecta
197 475 272 561 stipe
294 474 418 539 molitio.
464 471 549 558 Quae
566 477 682 555 omnio,
712 496 765 560 pro
784 496 821 538 eo
839 478 915 559 quod
931 498 989 539 non
1008 496 1110 540 omnes
1128 478 1164 540 od
1184 498 1249 541 eam

102 576 299 661 cognitionem
316 576 413 641 idonei
430 576 545 655 iurent,
574 598 633 639 non
651 586 752 662 aperte
768 575 946 660 significata,
969 579 1021 641 scd
1038 579 1161 642 obscure
1177 580 1249 641 dun-

101 689 182 745 taxat
198 701 233 744 ac
253 701 306 766 per
322 679 487 763 aenigmata
508 679 545 741 iis
562 678 610 763 qui
629 677 792 764 intelligere
809 690 929 763 possent
946 700 963 742 a
980 677 1134 744 Salvatore
1150 683 1245 744 adum·

100 782 182 846 brata
205 781 392 869 praedicant,
427 782 462 845 sd
485 801 552 845 eum
573 779 711 845 videlicet
727 781 856 844 modurn.
900 778 1030 845 Primum
1049 783 1167 865 triginta
1185 783 1250 845 illos

100 885 222 950 Aeones
238 885 371 963 totidem,
395 892 428 946 ut
442 883 582 962 diximus,
606 903 748 947 annorum
764 883 886 946 indicari
903 905 1035 962 numero,
1061 884 1164 968 quibus
1181 884 1251 947 nihil

99 988 191 1072 palam
211 998 325 1071 gestum
343 1007 359 1049 a
375 983 531 1050 Salvatore
547 985 663 1065 dicunt,
695 985 724 1049 iu
740 986 897 1049 vinitorum
910 984 1052 1072 ‘parabola
1069 988 1249 1051 domonstra-
1263 1002 1388 1049 nastrum

102 1102 173 1154 tum.
214 1087 329 1153 Deinde
344 1086 466 1152 Paulum
482 1088 665 1173 apertissime
679 1089 799 1152 eosdem
812 1089 878 1151 illos
894 1092 1027 1167 Aeones,
1046 1111 1080 1152 ac
1096 1109 1249 1175 persaepe,

100 1192 281 1271 nominasse,
300 1201 386 1274 atque
402 1190 446 1254 luis
459 1191 547 1255 etioru
562 1190 660 1254 verbis
674 1211 776 1254 eurum
791 1191 922 1255 ordinem
937 1212 1091 1255 servasse:
1110 1196 1145 1255 In
1159 1208 1387 1267 concerptam.

98 1300 296 1376 generationes
313 1297 470 1357 seculorum
488 1296 586 1355 secali.
632 1290 792 1358 Praeterea
815 1315 879 1357 cunr
903 1294 932 1357 iu
952 1295 1110 1379 gendarum
1134 1295 1248 1358 actione

101 1419 155 1461 nos
180 1398 219 1462 ita
239 1396 377 1474 dicimus,
409 1401 444 1459 In
465 1398 561 1458 secolo
582 1398 756 1470 seculorum,
791 1396 886 1460 nullos
906 1396 980 1460 alios
1000 1400 1122 1461 Aeones
1138 1396 1248 1480 signiti-

101 1520 186 1579 cure,
216 1499 390 1583 omninoque
406 1498 520 1582 quoties
537 1498 624 1562 Aeon
643 1499 802 1562 Aeouesre
820 1510 1101 1578 commemorantur,
1124 1521 1194 1563 suos
1212 1501 1248 1563 ad

30 1602 38 1609 “
102 1601 167 1666 illos
182 1601 289 1666 reterri
302 1610 424 1665 censeat
437 1610 587 1686 oportere.
625 1598 709 1664 illam
722 1622 796 1666 vero
812 1597 978 1666 Dodecadis
994 1602 1129 1665 Aeonum
1146 1623 1249 1688 propu-

100 1704 246 1785 galinde·
265 1703 445 1767 duodenario
460 1724 603 1766 annorum
618 1702 741 1765 indicari
759 1725 898 1781 numero,
923 1715 994 1788 quot
1007 1726 1100 1767 annos
1116 1726 1181 1767 eum
1197 1727 1247 1768 rra·

100 1816 148 1871 tus
167 1816 247 1871 essct
268 1806 401 1871 dominus
423 1827 487 1869 cum
507 1805 583 1890 legis
599 1805 766 1869 doctoribus
785 1805 958 1890 disputabat.
1003 1805 1118 1890 Quibus
1132 1818 1161 1869 et
1178 1828 1247 1892 apo·
1260 1817 1350 1863 bue-2

100 1908 241 1972 stolorum
256 1908 400 1972 delectum
417 1907 569 1985 adiiciuut3
592 1906 734 1991 siquidem
748 1908 789 1970 illi
804 1909 955 1971 duodecim
973 1909 1146 1973 extiterunt.
1187 1907 1247 1972 Rc·
1261 1884 1344 1930 Μ’·
1355 1886 1379 1929 ¹⁰

98 2009 193 2095 liquos
207 2030 296 2097 porro
309 2012 432 2075 Aeones
446 2008 646 2092 duodeuiginti
660 2010 690 2072 in
704 2030 741 2073 eo
755 2010 984 2095 repraesentari,
1007 2012 1082 2094 quod
1099 2010 1135 2073 ab
1150 2032 1248 2075 resur·

99 2112 230 2178 rectione
246 2134 299 2178 sua
319 2113 459 2192 totidem,
489 2123 522 2176 ut
536 2111 678 2189 aderunt,
701 2132 820 2175 menses
837 2134 901 2174 cum
921 2111 1069 2196 discipulis
1087 2134 1248 2177 commora-

99 2227 145 2279 tus
163 2226 220 2279 est.
259 2212 323 2279 lmo
341 2225 371 2279 et
386 2207 533 2299 prioribus
549 2214 659 2279 duabus
676 2215 754 2278 illius
770 2214 896 2277 nominis
911 2213 1016 2292 literis,
1038 2224 1093 2276 ret
1105 2238 1136 2293 η,
1158 2218 1250 2279 maui-
1269 2206 1274 2223 ⁸

99 2320 175 2381 l'este
187 2317 350 2381 octodecim
361 2317 484 2381 Aeones
497 2317 635 2402 exprimi.
664 2315 743 2381 Nem
757 2316 834 2379 illam
846 2317 983 2380 Aeonum
996 2312 1145 2379 Decedem
1156 2319 1249 2403 primo

99 2419 225 2484 uominis
240 2419 387 2483 elemento
399 2419 565 2484 adumbrari
577 2429 697 2504 putant,
713 2420 837 2503 ideoque
852 2439 869 2482 a
883 2418 1031 2482 salvatore
1045 2418 1169 2482 dietum:
1186 2425 1399 2488 Inconcussa.

99 2544 201 2597 mooe,
226 2534 278 2584 oct
293 2544 367 2584 onos
382 2543 456 2603 apes
474 2544 531 2585 non
543 2523 728 2604 praeteribit,
752 2525 839 2584 donec
857 2526 948 2583 omorir
959 2524 1049 2600 stant.
1096 2519 1158 2586 lam
1177 2544 1249 2588 vero
1263 2533 1386 2581 Mutuus.

101 2624 265 2689 duodecimi
277 2623 392 2688 Aeonis
404 2624 595 2689 calamitatem
610 2625 773 2710 proditione
788 2621 889 2703 lodae,
907 2626 955 2709 qui
969 2624 1165 2708 apostolorum
1179 2627 1249 2690 duo·

99 2727 227 2792 decimus
246 2726 317 2806 luit,
341 2727 492 2791 commode
508 2727 668 2806 declarari,
691 2727 772 2791 velut
787 2728 874 2790 etiam
890 2727 919 2789 in
934 2748 970 2789 eo
985 2729 1062 2811 quud
1078 2729 1248 2794 duodecimo

98 2851 199 2895 meuse
221 2850 326 2915 passos
348 2841 405 2894 est.
449 2826 517 2895 Uno
540 2830 617 2894 enim
640 2830 799 2908 duntaxat,
831 2841 983 2914 postquam
1004 2830 1170 2917 baptizatus
1189 2844 1245 2911 est,

98 2953 176 2997 enno
192 2931 282 2996 divini
303 2932 385 2997 vcrlri
402 2933 617 3018 praedicatione
636 2935 764 2996 iunctum
783 2953 850 2997 esse
867 2944 1010 2998 statuunt.
1057 2931 1117 2998 Sed
1136 2935 1248 3021 perspi·

98 3034 336 3119 cuccumprimis
351 3034 420 3099 illud
437 3035 467 3099 in
485 3056 520 3100 ea
537 3035 659 3099 muliere
675 3037 901 3100 demonstratum
922 3057 995 3120 quae
1011 3038 1162 3121 sauguinis
1181 3059 1247 3122 pro-

97 3137 187 3203 fluvio
209 3136 372 3201 laborabat.
418 3134 503 3220 Quae
526 3159 592 3201 cum
611 3138 762 3202 duodecim
783 3136 842 3201 iam
859 3160 952 3202 annos
971 3159 1006 3202 eo
1026 3140 1128 3202 morbo
1146 3139 1246 3202 coralli·
1259 3148 1342 3195 Metti.
1356 3151 1375 3196 t.

99 3249 246 3318 curetur,
280 3239 438 3304 salvatoris
462 3241 609 3317 adventu,
643 3239 691 3304 ulti
719 3240 859 3305 fimbriam
888 3242 952 3304 eius
975 3242 1087 3325 attigit,
1123 3242 1246 3304 salutern

97 3341 295 3427 recuperavit.
340 3339 436 3425 Quam
459 3342 496 3407 ol
518 3363 651 3407 caussam
671 3343 802 3407 salrator
819 3344 944 3421 dixerit,
978 3348 1047 3422 (tort
1068 3365 1110 3404 me
1131 3349 1248 3423 tetigit?

99 3444 301 3530 ut·discipulos
315 3444 486 3531 mysterium
501 3444 571 3509 illud
586 3445 663 3530 quod
675 3445 707 3509 iu
719 3445 873 3510 Aeouibus
888 3445 1052 3528 contigerat
1067 3456 1154 3528 atque
1170 3445 1246 3509 illam

98 3546 194 3613 adecti
210 3547 325 3612 Aeonis
343 3547 522 3612 curationem
542 3548 672 3611 doceret.
715 3545 834 3612 Etenim
855 3549 959 3611 mulier
979 3568 1053 3631 quae
1072 3548 1156 3611 annis
1176 3550 1247 3611 duo-

98 3649 192 3715 decim
207 3648 391 3736 aegrotarit,
420 3648 525 3715 Virtus
542 3649 592 3714 itta
610 3662 764 3737 propterea
782 3662 845 3731 est,
879 3651 954 3733 quod
972 3659 1092 3713 extenta
1111 3660 1198 3734 utque
1215 3651 1246 3714 in

98 3753 242 3817 iudoitour
256 3753 397 3840 dissipata
408 3753 570 3818 substantia
585 3754 674 3833 toret,
691 3754 747 3820 uisi
760 3764 914 3839 gestamen
926 3752 1003 3815 illius
1018 3751 1175 3835 attigisset,
1192 3753 1247 3817 hoc

97 3864 145 3921 est
158 3852 340 3936 Veritatem,
371 3876 445 3940 quoe
461 3857 493 3920 iu
510 3857 603 3942 prima
620 3855 751 3922 Tetrade
771 3866 957 3933 numeratur,
989 3865 1019 3918 et
1035 3874 1088 3940 per
1105 3855 1245 3919 fimbriam

99 4042 279 4111 ρημιιίιισθαι,
305 4049 376 4097 ettam
396 4046 465 4096 codd.
485 4046 539 4096 Ven.
563 4047 657 4109 ctltco.
690 4046 749 4095 r'tlod
763 4040 981 4108 ὑποσημαίνεσθαι
995 4041 1095 4110 λέγουσι
1110 4046 1247 4096 clauderet.

99 4114 176 4165 Poris.
689 4114 762 4164 Aliter
776 4114 866 4175 placuit
882 4114 1012 4175 ldossueto,
1029 4117 1095 4164 colus
1109 4115 1247 4165 adnotatum

133 4182 173 4234 12.
185 4184 223 4234 lto
233 4184 284 4234 cod.
299 4186 350 4234 Vra.
378 4184 451 4245 Viduo
462 4187 526 4233 estut
535 4182 583 4247 τῆς
594 4174 656 4234 ἄπο-
688 4196 713 4231 υ.
728 4195 785 4244 pop.
800 4179 836 4232 16.
853 4181 906 4231 edit
919 4183 1017 4231 lrenoet.

99 4248 206 4311 mestoc
220 4248 264 4305 ded
277 4245 384 4306 Ἰούδαν.
413 4252 597 4302 Potouuotetct
613 4245 657 4303 dul
725 4250 763 4301 15.
776 4247 937 4315 φρονήματος
945 4250 995 4300 cod.
1007 4251 1101 4300 Vesu-
1114 4252 1247 4302 currum·

98 4318 146 4385 τῆς
162 4312 318 4379 timedio<
334 4321 378 4372 τοῦ
396 4311 492 4373 'ludeo
688 4319 743 4368 noti
753 4319 865 4379 luterum
878 4320 944 4368 omit
959 4318 990 4367 Et
1003 4317 1051 4367 nisi
1065 4318 1187 4385 tetigisset
1200 4335 1247 4368 re-

134 4386 172 4440 13.
189 4380 227 4448 oie
240 4390 293 4439 cod.
309 4389 363 4439 l'cn.
689 4384 840 4445 stimentum,
857 4383 906 4436 hoc
920 4395 958 4436 est
972 4385 1069 4436 illius
1085 4386 1174 4444 Filii,
1193 4388 1246 4436 Ve-

133 4452 172 4506 tl.
187 4458 262 4520 Votpo
272 4458 406 4509 Mindon
418 4459 452 4506 ert
459 4452 596 4523 προδοσίας
604 4451 657 4508 del·
688 4453 770 4504 nturi·
780 4453 874 4520 primus
885 4454 1002 4506 Tetradis
1012 4460 1063 4506 cett.
1092 4457 1128 4518 ct.
1138 4458 1249 4519 ltossuett

96 4522 325 4591 κιιισὶαιλέγωσι.
347 4523 402 4576 Kal
414 4525 549 4587 cett.‚ouod
562 4526 657 4574 muton-
689 4524 769 4574 adnot.

97 4592 156 4641 dorsu
167 4596 227 4654 erat,
239 4605 270 4644 ne
281 4595 324 4643 out
335 4591 481 4647 διίκιυσθαι
491 4590 600 4660 λέγουσι,
614 4595 658 4642 ont

150 4670 237 4730 corpur
249 4670 384 4719 &aaut
397 4672 428 4719 11.
1005 4681 1044 4744 22
