3046 5084
308 344 367 406 700
723 354 1028 407 ελνονιεειειιινιτ

306 479 347 536 λει
363 470 603 554 καταλιμπάνεις,
632 470 690 558 ἀρα
711 479 784 557 γοῦν
805 470 906 556 κριτὴς
927 468 1171 556 1προῦιιάθισας,
1204 470 1260 556 οῦχ
1274 472 1450 559 ἑρμηνευτής

305 582 363 639 τῶν
378 572 492 656 νόμων,
514 573 583 638 ἀλλά
599 573 731 660 ἐκλογεῦς
747 579 802 639 νῦν
817 573 853 639 οῦ
868 572 940 639 κατά
955 572 1006 639 τόν
1018 582 1093 639 νοῦν
1108 596 1163 640 σου
1177 576 1357 661 γρυφίντων,
1377 573 1449 647 ἀλλά

307 675 400 741 όντων
416 678 468 757 μέν
484 674 649 759 ἀληθινῶν,
672 676 752 761 παρά
769 678 814 742 σοί
830 677 862 741 δέ
877 679 1135 760 μεταποιηθέντων
1150 680 1289 759 ψευδοῦς,
1310 679 1359 742 ιιαλ
1375 676 1448 742 ιιατά

305 778 356 844 τόν
376 786 448 844 νοῦν
467 786 520 862 της
539 787 593 862 σῆς
617 778 730 861 ἀπάτης
750 781 802 845 καί
822 786 881 844 νῦν
899 777 957 845 ῦπό
975 786 1030 844 σοῦ
1047 777 1253 862 ἠπατημένων.
1298 782 1341 844 Εἰ
1354 780 1384 845 δέ
1398 782 1448 845 παλ

306 881 380 957 ὅλως
392 880 485 957 κακός
499 882 622 964 ποιητάς
634 880 669 946 τά
686 886 816 948 ἐνταῦθα
830 881 997 968 εἰργάσατο,
1020 884 1098 964 φημί
1111 882 1144 947 δέ
1157 878 1209 947 τόν
1223 880 1354 963 κόσμον,
1373 886 1449 958 τίνος

306 987 386 1050 ἕνεκα
407 977 497 1066 ἦλθεν
519 981 537 1047 ό
559 982 618 1048 ἀπό
638 982 754 1069 ἀγαθοῦ
772 983 881 1069 πατρός
904 987 945 1060 εἰς
960 987 1041 1049 τόνδε
1063 983 1115 1049 τόν
1132 986 1240 1062 αἰῶνα,
1275 987 1339 1049 Καί
1356 987 1382 1049 εί
1398 985 1448 1067 μίν

305 1090 355 1152 ἵνα
373 1084 453 1175 σώση
473 1083 668 1171 ἀνθρώπους,
698 1085 755 1171 ἀρα
773 1094 831 1151 τιῦυ
849 1089 931 1151 ἰδίων
947 1086 1155 1169 ἐπεμελήσιττο,
1184 1089 1237 1153 ιιαί
1252 1084 1353 1153 οῦιιέτι
1367 1084 1448 1163 ἀλλος

305 1193 350 1271 είη
374 1186 391 1254 ό
411 1188 602 1274 δημιουργός·
633 1192 659 1253 εί
678 1190 710 1253 δέ
733 1187 768 1254 οῦ
787 1196 845 1253 τῶν
862 1192 944 1253 ἰδίων
963 1188 1111 1272 προενόει,
1141 1188 1276 1272 βοῦλεται
1293 1190 1328 1253 δέ
1343 1190 1377 1255 ἐν
1391 1198 1448 1265 τοῖς

306 1290 463 1376 ἀλλοτρίοις
480 1294 661 1374 ἐπεμβαίνειν
678 1294 727 1356 καί
745 1291 780 1356 τά
800 1290 854 1356 οῦκ
870 1289 941 1356 ῦντα
957 1290 1036 1379 αῦτςῦ
1055 1289 1219 1369 διασώζειν,
1248 1290 1376 1375 ἢτιόλαξ
1391 1292 1449 1357 ἐστὶ

305 1402 366 1469 τοῖς
383 1391 539 1479 ἀλλοτρίοις
556 1401 777 1478 προςλιπαρῦν,
806 1393 826 1475 ἢ
841 1393 1012 1471 κενόδοξος,
1041 1397 1091 1457 ’ίνα
1108 1398 1247 1478 κρείττων
1263 1402 1316 1459 τοῦ
1333 1400 1448 1460 ιιτιστοῦ

305 1503 397 1585 φανῇ,
419 1495 493 1581 πρός
508 1495 542 1559 τά
559 1495 693 1581 ἀλλότρια
709 1496 728 1560 ἀ
743 1495 893 1573 διασώζειν
907 1504 1042 1580 πειρᾶται
1053 1502 1111 1560 τοῦν
1128 1498 1210 1561 ἰδίων
1226 1496 1269 1579 μή
1284 1498 1448 1579 ἀφιέμενος,

305 1600 355 1664 καί
377 1596 472 1664 οῦκέτι
494 1601 571 1663 ἐσται
596 1597 746 1681 ἀληθινός.
783 1598 825 1662 Ἢ
845 1597 889 1663 δτι
905 1597 1021 1683 μέτριός
1039 1600 1098 1663 ἐστι
1114 1598 1188 1664 κατά
1210 1600 1259 1675 σέ,
1289 1590 1448 1684 ώάγῦρτα,

307 1703 397 1779 λιταί,
420 1701 460 1783 μη
475 1704 547 1783 έχων
562 1706 654 1766 κτίσιν
671 1705 786 1779 ἑαυτοῦ,
809 1701 844 1765 τά
860 1699 993 1785 ἀλλότρια
1008 1703 1165 1783 ἐπιθυμῶν
1178 1707 1273 1765 ταῦτα
1286 1706 1378 1767 συλᾶν
1390 1724 1447 1765 πει·

306 1811 405 1889 ρῦται,
429 1801 489 1869 ἀπό
504 1810 563 1867 τιῦν
577 1802 733 1890 ἀλλοτρίων
745 1807 839 1893 ἐαυτῷ
853 1804 1096 1889 περιποιούμενος
1109 1801 1208 1885 ψυχάς
1221 1802 1276 1879 τάς
1287 1800 1346 1869 οῦιι
1359 1800 1448 1879 σῦσιις

305 1904 397 1971 αῦτοῦ
417 1908 467 1970 ιιαλ
489 1914 540 1971 τοῦ
562 1905 654 1972 αῦτοῦ
675 1905 793 1991 πατρός.
841 1909 880 1970 Εἰ
894 1907 925 1969 δέ
943 1904 1035 1972 αὐτοῦ
1051 1907 1103 1988 μέν
1120 1908 1194 1971 εἰσιν
1208 1908 1243 1970 αἱ
1258 1908 1371 1989 ψυχαί,
1400 1906 1449 1971 ιιιτί

304 2005 421 2074 ἀνωθεν
434 2011 574 2074 ἐλθοῦσαι
588 2014 753 2090 φαίνονται,
773 2008 831 2093 ἀρα
845 2012 886 2084 είς
900 2006 1016 2092 ἀγαθόν
1030 2006 1141 2090 κόσμον
1155 2006 1360 2091 ἀπεστάλησαν
1371 2005 1449 2091 παρά

304 2118 356 2176 τοῦ
372 2109 488 2175 ἀνωθεν
504 2111 578 2176 κατά
592 2113 624 2177 σί
640 2110 758 2197 ἀγαθοῦ
774 2120 864 2189 θεοῦ,
886 2113 936 2176 καί
952 2109 1005 2175 οῦιι
1024 2113 1065 2187 είς
1080 2108 1213 2195 πονηρόν
1225 2112 1322 2197 ἐργον.
1368 2112 1408 2175 Εἰ
1417 2109 1448 2175 δί

303 2212 503 2297 ἀπεστάλησαν
524 2214 573 2278 διά
594 2241 658 2279 τινα
680 2218 731 2297 μὲν
748 2222 863 2299 χρῆσιν,
894 2214 932 2296 ἣν
953 2212 1025 2295 τάχα
1043 2222 1236 2295 μυθοποιεῖς,
1267 2214 1448 2290 είςελθοῦσιιι

304 2318 335 2382 δέ
355 2318 510 2399 μετέπεσον
526 2319 568 2391 εἰς
585 2318 698 2401 ἑτέραν,
730 2320 876 2382 τουτέστιν
893 2320 942 2381 ἵνα
960 2315 1077 2381 δίκαιόν
1094 2342 1120 2381 τι
1140 2313 1288 2399 πράξωσι,
1319 2314 1448 2403 πονηρόν

304 2420 335 2484 δέ
356 2418 541 2504 εἰργάσαντο,
570 2417 735 2501 ὀφθήσεται
758 2418 776 2484 ῦ
792 2422 952 2493 ἐπιστείλας
967 2415 1056 2493 αῦτάς
1071 2416 1241 2503 πρόγνωσιν
1257 2416 1296 2483 ἀν
1310 2418 1354 2503 μή
1368 2420 1447 2503 lgm,

303 2520 403 2603 ἐπειδὴ
420 2520 474 2607 γάρ
489 2519 651 2586 ἀπέστειλεν
667 2520 758 2596 αῦτάς
771 2520 808 2586 δι’
823 2524 938 2606 ἕτερον,
962 2523 1012 2585 καί
1027 2518 1126 2605 έτερόν
1141 2546 1168 2585 τι
1184 2516 1355 2605 εῦρίθησαν
1368 2524 1447 2607 ἐργα-

302 2624 430 2706 σάμεναι.
473 2623 517 2687 Ἢ
531 2624 617 2688 πάλιν
635 2623 686 2689 ἐάν
702 2627 786 2712 εἴπης
802 2623 847 2689 ότι
867 2621 904 2689 οῦ
921 2622 996 2688 κατά
1014 2622 1067 2706 τὴν
1084 2619 1176 2687 αῦτοῦ
1194 2620 1338 2707 βούλησιν
1354 2622 1449 2707 ἐληλά-

302 2737 406 2806 θασιν,
435 2724 504 2791 ἀλλά
522 2726 596 2791 κατά
612 2730 769 2812 τυραννίδα
787 2735 840 2791 τοῦ
859 2724 1099 2812 ἀφαρπάζοντος,
1129 2722 1187 2807 ἀρα
1203 2724 1325 2811 ἰσχυρός
1341 2722 1450 2793 ἐστιτό

301 2832 432 2904 κτισθείς
453 2826 512 2894 ἀπό
531 2837 584 2893 τοῦ
602 2826 719 2914 ἀγαθοῦ
737 2836 812 2894 θεοῦ
828 2826 958 2913 πονηρός
972 2826 1153 2913 δημιουργός
1168 2826 1251 2912 παρά
1266 2826 1322 2894 τόν
1335 2824 1449 2915 ἀγαθόν

303 2931 391 3010 θεόν,
421 2930 467 2996 ότι
487 2931 522 2995 τά
544 2929 635 2996 αῦτοῦ
659 2928 827 3016 ὑπάρχοντα
845 2929 1024 3016 ἀφαρπάξας
1040 2928 1190 3013 ἐχρήσατο.
1236 2932 1347 2997 Πόθεν
1365 2932 1397 2997 δί
1413 2926 1449 2997 οῦ

303 3032 507 3123 διελεγχθήση,
539 3030 630 3099 αῦτοῦ
652 3041 704 3097 τοῦ
721 3042 852 3119 σωτῆρος
870 3032 1038 3113 φάσκοντος
1058 3030 1120 3111 ῦτι,
1149 3029 1302 3109 Ἐξονσίιτν
1324 3036 1381 3119 ¹1·
1398 3030 1450 3117 τὴν

303 3136 403 3219 ψυχήν
419 3162 476 3218 μου
493 3144 606 3213 θεῖναι,
629 3138 678 3200 καί
694 3141 793 3218 λαβεῖν
809 3134 917 3219 αῦτῆν,
940 3133 981 3211 ώς
993 3132 1085 3199 adrosa
1101 3134 1153 3216 μέν
1168 3132 1270 3218 ψυχὴν
1287 3134 1449 3219 εἰληφότος,

303 3240 354 3304 καί
368 3240 487 3317 θέντος,
510 3241 561 3302 καί
576 3237 663 3303 πάλιν
676 3238 834 3320 λαβόντος,
863 3237 916 3305 οῦιι
934 3235 1087 3321 ἀλλοτρίαν
1102 3234 1177 3301 εἰναι
1192 3233 1248 3319 τδρ
1264 3236 1380 3323 ψυχὴν,
1400 3238 1448 3303 nl

302 3344 403 3426 έτέρου
419 3345 614 3426 δημιουργοῦ,·
649 3339 743 3406 Πάλιν
759 3343 791 3407 δέ
807 3339 995 3427 εὑρεθήσεται
1011 3337 1127 3424 ἀγαθόν
1143 3345 1229 3423 σῶμα
1245 3346 1360 3423 φορεῖν.
1405 3336 1449 3405 Οά

181 3470 231 3513 νει·
244 3460 289 3503 886.
304 3443 359 3531 γάρ
377 3442 415 3509 ἀν
427 3442 617 3526 πεισθήσεται
633 3441 749 3528 ἀγαθός
763 3470 806 3520 τις
818 3449 947 3529 χρῆσθαι
962 3448 1083 3530 πονηρῷ
1097 3444 1187 3531 ἔργω·
1202 3444 1253 3507 ἵνα
1267 3440 1309 3527 μή
1323 3440 1384 3511 ἀπό
1398 3446 1449 3509 τοῦ

302 3550 427 3630 μετέχειν
442 3548 549 3631 μέρους
564 3554 617 3611 τοῦ
634 3553 767 3631 πονηροῦ
783 3549 834 3611 καί
852 3543 941 3621 αῦτδς
957 3542 1152 3631 χρανθήσεται
1172 3550 1210 3635 τῇ
1226 3550 1282 3629 τῆς
1297 3546 1449 3629 ἐπιμίξσις

303 3656 439 3738 πονηρίᾳ.
483 3651 525 3712 Et
545 3650 577 3714 δέ
596 3651 648 3715 ιιαί
669 3646 758 3724 αῦτδς
779 3645 932 3731 ἀνέστησε,
959 3648 1022 3733 λέγι
1043 3672 1110 3729 μοι,
1139 3650 1167 3712 τί
1182 3649 1234 3713 ’ίνα
1248 3646 1363 3739 ποιήσῃ
1380 3644 1448 3733 μετά

303 3750 461 3817 ἀνάστασιν
475 3754 524 3816 καί
540 3750 610 3816 αῦτδ
625 3754 713 3817 πάλιν
730 3754 918 3817 καταλέλοιπε
933 3756 1050 3836 μερίσας
1064 3757 1127 3825 τοῖς
1139 3750 1275 3835 τέσσαρσι
1288 3756 1448 3835 στοιχείοις,

301 3863 341 3943 τῷ
356 3862 461 3942 θερμῷ
477 3854 509 3918 τό
524 3852 653 3939 θερμόν,
680 3857 731 3919 παλ
749 3859 789 3943 τῷ
803 3862 909 3943 ψυχρῷ
928 3852 960 3919 τό
977 3850 1107 3939 ψνηρόν,
1134 3854 1186 3917 ιταί
1202 3858 1244 3942 τῷ
1260 3852 1447 3943 md&-

301 3958 370 4043 ρδν,
401 3958 451 4021 καί
473 3964 514 4045 τῷ
532 3953 614 4045 ῦγρηῦ
635 3955 666 4022 τό
688 3954 792 4042 ἀγρόν,
825 3960 868 4021 Εἰ
881 3954 937 4042 γάρ
956 3954 1071 4042 ἤγειρεν
1087 3952 1175 4034 αότδ,
1204 3956 1257 4020 ἰ’νει
1274 3951 1365 4023 πάλιν
1379 3952 1448 4023 affl

299 4059 384 4149 λάση,
402 4058 459 4144 ἀρα
471 4064 707 4145 δραματουργίας
719 4058 751 4127 τό
766 4062 853 4146 ἔργον
867 4066 955 4126 τοῦτο
969 4062 1025 4141 εἴη,
1043 4058 1093 4123 ιιαί
1105 4054 1161 4123 οῦιι
1174 4052 1325 4141 ἀληθείας.
1356 4056 1449 4147 Ἤγι-

301 4188 333 4245 ρε
355 4163 388 4227 δὲ
408 4159 480 4226 αῦτδ
504 4160 521 4226 ό
542 4161 646 4247 κύριος
666 4160 749 4245 ἡμῶν
764 4160 878 4245 Ἰησοῦς
897 4160 1026 4248 Χριστός
1045 4162 1098 4227 ιιαλ
1113 4162 1340 4247 συμπαρίλνρεε
1358 4164 1449 4253 λαιῇ

259 4338 262 4344 ,
301 4263 372 4350 ὅπερ
396 4262 576 4331 ἀνεπλάσατο
598 4268 638 4340 είς
660 4263 763 4331 ἑαυτόν
780 4272 865 4347 στῦμα
885 4263 941 4330 σῦν
957 4270 1040 4355 ψυχῇ
1060 4264 1112 4329 ιιαί
1127 4260 1209 4353 πόση
1225 4264 1449 4351 hcm-uffa

334 4454 392 4503 Cn.
406 4457 436 4503 V.
454 4484 488 4494 -
512 4457 534 4507 1.
551 4451 725 4523 προῦκάδισας
740 4459 796 4508 δεδι·
812 4472 841 4508 ιε
856 4426 1015 4509 emendatione
1032 4458 1141 4509 θνετιστίί
1156 4460 1227 4519 (είςειε
1242 4456 1348 4509 m
1381 4460 1450 4525 7ss

299 4522 463 4596 προκαθίσας.

333 4592 358 4641 2.
374 4594 482 4644 rmum
498 4592 545 4645 κτλ
