3046 5084
170 306 231 367 524
586 313 705 365 ειυοτι
729 310 897 363 οειοεεισιι

49 465 99 508 pag.
112 452 156 495 εστ.
171 459 273 515 ναμιν,
302 434 350 497 καί
371 436 603 514 2καταλαβοῦσα
618 433 650 495 ἐν
667 427 742 518 αότή
759 430 874 512 σπέρμα
888 433 942 509 τῆς
959 424 1079 493 ἀνωθεν
1090 426 1267 513 Δυνάμεως
1280 434 1331 499 καί

170 534 220 600 τόν
236 542 387 618 σπινθῆρα
402 532 454 598 τόν
469 532 585 598 ἀνωθεν
600 534 776 614 πεμφθέντα
792 533 834 607 είς
848 528 967 613 πρῶτην
980 528 1153 614 καταβολὴν
1168 539 1227 599 τοῦ
1244 536 1329 621 οπέρ.

169 663 260 718 ματος
281 639 330 701 καὶ
349 634 525 712 συστάσεως·
556 636 606 700 καὶ
625 631 700 698 εἶναι
715 631 824 714 ταύτην
839 631 978 698 σύστασιν
992 640 1046 715 τῆς
1060 631 1264 719 δικαιοσύνης
1280 640 1329 703 καί

168 737 289 824 ἐκλογήν
315 740 477 822 σπέρματος
498 741 548 802 καὶ
570 739 686 822 γένους·
717 735 800 810 ὅπως
821 733 871 800 διά
891 742 944 817 τῆς
960 733 1070 818 ταύτης
1086 736 1265 816 συστάσεως
1279 742 1328 805 καὶ

168 841 274 908 τούτου
290 848 342 905 τοῦ
361 843 526 924 σπέρματος
542 845 765 923 καθαιρεθῶσιν
782 841 814 902 αἱ
826 837 965 919 δυνάμεις
980 844 1039 902 τῶν
1053 834 1188 923 ἀγγέλων
1203 848 1267 907 τῶν
1280 841 1327 909 τόν

168 944 278 1026 κόσμον
294 942 515 1024 πεποιηκότων,
543 946 595 1007 καὶ
611 941 683 1017 τοός
699 938 753 1005 δύο
771 938 821 1004 ἀπ’
836 938 926 1024 ἀρχῆς
940 938 1133 1025 ἀνθρώπους.
1179 941 1244 1009 Διά
1261 942 1326 1011 ταό.

168 1074 220 1129 την
235 1040 290 1111 οὖν
305 1044 359 1127 τήν
375 1047 471 1108 αἰτίαν
486 1046 538 1108 καὶ
553 1042 585 1109 τό
604 1044 687 1129 γένος
703 1049 756 1107 τοῦ
773 1041 845 1125 Σήθ
862 1041 1028 1128 ἀφορισθέν
1043 1045 1190 1110 ἐντεῦθεν
1205 1046 1326 1133 κατάγε·

167 1178 229 1227 ται,
260 1151 379 1232 ἐκλογῆς
397 1146 432 1211 όν
450 1149 500 1210 καὶ
517 1147 739 1229 διακεκριμένον
756 1150 808 1210 τοῦ
824 1144 910 1210 ἀλλον
928 1147 1039 1230 γένους.
1087 1148 1326 1231 Προβαινόντων

168 1254 199 1315 δέ
214 1257 272 1314 τῶν
289 1256 415 1331 καιρῶν,
445 1250 533 1329 φασὶ,
563 1251 613 1312 καὶ
630 1245 705 1330 όμοῦ
725 1246 819 1312 όντων
835 1255 894 1313 τῶν
910 1246 964 1311 δύο
982 1254 1091 1332 γενῶν,
1123 1255 1181 1315 τοῦ
1198 1276 1231 1316 τε
1249 1250 1327 1318 Κάῑν

167 1356 217 1418 καὶ
237 1359 289 1417 τοῦ
303 1350 392 1433 ’Ἅβελ
414 1355 455 1427 είς
471 1348 504 1415 τό
524 1348 594 1415 αότό
615 1348 818 1414 συνελθόντων
836 1348 885 1414 διά
902 1354 1007 1414 κακίαν
1021 1348 1147 1433 πολλήν,
1178 1356 1233 1419 καὶ
1251 1352 1326 1437 όμού

167 1458 345 1539 μιχθέντων,
375 1451 571 1537 ἀποβλέψασα
593 1450 613 1534 ή
634 1451 753 1517 πάντων
776 1451 887 1535 Μήτηρ
908 1449 1044 1536 καθαρόν
1066 1450 1101 1517 τό
1123 1456 1247 1541 σπέρμα
1269 1464 1326 1524 τῶν

167 1555 339 1642 ἀνθρώπων
355 1553 515 1638 ἠβουλήθη
534 1552 771 1638 ἀπεργάσασθαι,
802 1551 842 1630 ῶς
858 1564 1017 1639 προεῖπον,
1047 1554 1097 1620 διό
1115 1554 1152 1623 τό
1170 1556 1226 1623 τόν
1237 1558 1326 1643 Ἀβελ

167 1659 360 1734 ἀπεκτάνθαι,
378 1660 428 1721 καὶ
444 1666 548 1722 τοῦτον
564 1656 615 1721 τόν
630 1655 702 1738 Σήθ
716 1659 869 1736 ἐξελέξατο,
885 1660 936 1721 καί
950 1655 1090 1741 καθαρόν
1105 1660 1212 1739 ἔδειξε,
1230 1664 1326 1731 καλόν

167 1761 261 1851 τοότμ
283 1760 316 1825 τό
332 1762 415 1845 γένος
431 1758 512 1847 μόνῳ
532 1766 584 1841 τῆς
598 1757 690 1841 αότής
706 1759 859 1839 δυνάμεως
875 1761 927 1825 καὶ
941 1758 1153 1845 καθαρότητος
1171 1766 1324 1833 κατέθετο.

36 1878 99 1943 Κεφ.
119 1874 150 1943 γ’.
253 1862 368 1927 ’ίδοῦσα
382 1863 414 1925 δέ
428 1861 516 1926 πόλιν
528 1859 637 1943 πολλήν
652 1864 798 1943 ἐπιμιξίαν
813 1864 861 1926 καί
875 1860 999 1928 ἀτακτον
1012 1860 1108 1947 όρμήν
1120 1870 1185 1931 τῶν
1197 1866 1325 1955 ἀγγέλων

166 1969 288 2032 καὶτῶν
304 1963 490 2049 ἀνθρώπων,
514 1968 554 2039 είς
571 1968 649 2045 μίξιν
666 1972 724 2027 τῶν
740 1962 794 2027 δύο
810 1972 902 2049 γενῶν
918 1962 1080 2044 ἐλθόντων,
1102 1968 1157 2032 καὶ
1172 1968 1326 2047 συστάσεις

165 2077 257 2155 γενῶν
271 2094 351 2142 τινας
364 2066 417 2149 τήν
433 2065 531 2131 αὐτῶν
545 2065 665 2143 ἀταξίαν
680 2065 890 2149 ἐμποιήσασαν,
910 2076 1091 2154 πορευθεῖσα
1107 2066 1204 2137 πάλιν
1217 2070 1239 2157 ή
1251 2070 1323 2157 αότή

167 2171 279 2255 Μήτηρ
294 2195 323 2234 τε
338 2172 389 2234 καὶ
407 2169 513 2251 Θήλεια
532 2167 735 2250 κατακλυσμόν
751 2167 868 2254 ήνεγκε,
890 2172 942 2235 καὶ
957 2166 1087 2237 ἀπῶλεσε
1102 2180 1210 2241 πᾶσαν
1224 2174 1323 2241 στάσιν

165 2273 330 2358 ἀνθρώπου
352 2270 463 2347 παντός
483 2274 588 2356 γένους
610 2274 756 2336 ἐναντίου·
783 2276 834 2335 ἵνα
855 2276 949 2354 δῆθεν
969 2272 1003 2338 τδ
1021 2272 1165 2360 καθαρόν
1182 2276 1320 2363 γένοςεδ

165 2374 222 2441 ἀπό
240 2382 293 2439 τοῦ
311 2373 398 2456 Σήθ,
428 2376 476 2438 καί
493 2378 624 2451 δίκαιον,
655 2372 747 2457 μόνον
762 2378 843 2463 μείνη
860 2378 890 2439 ἐν
904 2374 1019 2465 κόσμμ,
1049 2378 1093 2453 είς
1107 2374 1320 2447 σύστασιννοΐι

164 2478 281 2543 ἀνωθεν
298 2480 402 2562 γένους
418 2501 448 2540 τε
467 2478 516 2540 καὶ
533 2483 699 2562 σπινθῆρος
718 2484 771 2559 τῆς
787 2475 983 2559 δικαιοσύνης.
1019 2474 1158 2545 Ἐλαθον
1178 2484 1214 2549 δέ
1229 2480 1320 2567 αότήν

163 2580 250 2645 πόλιν
272 2583 304 2645 σέ
319 2578 433 2664 ἀγγελοι
455 2581 505 2644 καὶ
527 2582 678 2655 είςέδυσαν
697 2577 748 2644 τόν
768 2578 838 2661 Χάμ
860 2583 901 2655 είς
921 2578 973 2663 τήν
994 2578 1141 2663 κιβωτόν,
1173 2582 1250 2651 ὄντα
1268 2592 1319 2653 τοῦ

164 2682 261 2747 αὐτῶν
275 2684 448 2766 σπέρματος.
484 2679 576 2745 Ὀκτῶ
593 2680 648 2767 γάρ
664 2688 768 2764 ψυχῶν
783 2686 934 2748 σωθεισῶν
950 2684 983 2747 ἐν
995 2690 1031 2772 τῇ
1045 2681 1111 2749 τότε
1125 2683 1255 2773 λάρνακι
1268 2696 1319 2755 τοῦ

165 2793 236 2850 Νῶε
257 2782 329 2849 ἑπτά
353 2784 405 2865 μέν
424 2781 497 2847 εἶναι
517 2792 570 2849 τοῦ
587 2790 727 2869 καθαροῦ
743 2786 847 2870 γένους
864 2790 952 2866 φασί·
981 2782 1032 2851 τόν
1052 2784 1085 2851 δέ
1102 2788 1157 2853 ἕνα
1176 2786 1255 2857 εέναι
1270 2789 1320 2859 τόν

166 2887 233 2969 Χάμ
255 2894 307 2969 τῆς
329 2885 415 2968 όλλης
438 2887 591 2968 δυνάμεως
613 2884 798 2971 ὑπάρχοντα,
828 2886 864 2952 δν
882 2889 1011 2962 είςδῦναι
1027 2888 1163 2955 λαθόντα
1183 2890 1241 2977 τήν
1259 2892 1318 2959 ἔτι

164 2993 297 3074 Μητέρα.
341 2986 414 3052 ’Τπό
432 2995 492 3052 τῶν
508 2986 635 3074 ἀγγέλων
651 2990 683 3053 δέ
698 2989 730 3054 τό
749 2996 865 3055 τοιοῦτο
883 2990 1083 3057 σνοκευασθέν
1098 2990 1201 3071 οὕτως
1214 2992 1318 3063 ἀποτε-

161 3100 316 3175 λεσθῆναι·
345 3089 464 3173 Ἐπειδή
482 3089 555 3176 γάρ,
586 3094 692 3171 φασὶν,
721 3094 851 3177 έγνωσαν
867 3096 899 3157 οἱ
915 3090 1028 3179 ἀγγελοι
1044 3092 1090 3159 δ’τι
1108 3096 1190 3177 μέλει
1207 3106 1269 3165 πᾶν
1283 3094 1317 3167 τό

161 3198 275 3281 σπέρμα
298 3192 395 3258 αότῶν
416 3190 632 3272 ἀπαλείφεσθαι
654 3198 686 3259 ἐν
706 3200 746 3283 τῷ
760 3202 968 3283 κατακλυσμῷ,
998 3203 1169 3287 πανουργίᾳ
1190 3204 1251 3269 τινί
1267 3200 1318 3269 τόν

162 3298 376 3384 προειρημένον
402 3293 473 3377 Χάμ
497 3298 538 3370 είς
559 3296 731 3381 διατήρησιν
751 3304 804 3362 τοῦ
823 3294 874 3362 ἀπ’
896 3295 994 3363 αότῶν
1014 3300 1192 3379 κτισθέντος
1214 3306 1317 3391 γένους

161 3409 213 3483 τῆς
230 3405 335 3475 κακίας
351 3399 568 3482 παρειςέβαλον.
614 3402 675 3463 Καὶ
696 3402 728 3464 ἐκ
746 3399 855 3465 τούτου
868 3400 950 3484 λήθη
971 3403 1020 3467 καὶ
1041 3400 1140 3485 πλάνη
1160 3408 1233 3492 περδ
1249 3405 1317 3485 τούς

162 3501 359 3585 ἀνθρώπους,
388 3503 438 3565 καὶ
461 3498 579 3567 ἀτακτοι
601 3504 693 3587 φοραὶ
710 3498 940 3585 ἀμαρτημάτων,
970 3506 1020 3569 καί
1035 3510 1198 3588 πολυμιξία
1212 3514 1317 3589 κακίας

162 3609 193 3671 ἐν
214 3613 253 3693 τῷ
269 3604 371 3693 κόσμῳ
391 3604 555 3689 γεγένηται·
585 3607 636 3668 καὶ
654 3602 750 3679 οὕτως
767 3600 786 3670 ό
801 3604 913 3687 κόσμος
929 3608 971 3683 είς
984 3606 1017 3673 τδ
1036 3604 1160 3693 ἀρχαῖον
1176 3616 1235 3695 τῆς
1250 3610 1317 3679 ἀνν-

41 3763 90 3807 m·
104 3750 148 3791 m
163 3711 226 3784 ξίας
248 3700 339 3782 αὖθις
360 3703 529 3788 άνέκαμψε,
560 3708 611 3771 καὶ
632 3706 796 3791 ἐνεπλήσθη
818 3715 933 3789 κακῶν,
963 3706 1004 3786 ῶς
1025 3712 1056 3787 ἐξ
1071 3706 1165 3796 ἀρχῆς
1184 3714 1249 3801 πρό
1265 3722 1317 3785 τοῦ

79 3798 83 3805 ’
164 3817 376 3892 κατακλυσμοῦ.
420 3804 492 3874 ’And
517 3812 550 3875 δὲ
572 3817 625 3875 τοῦ
644 3809 716 3893 Σήθ
731 3810 807 3875 κατά
822 3813 937 3897 σπέρμα
956 3814 1008 3879 καί
1021 3810 1098 3879 κατά
1112 3816 1261 3903 διαδοχήν
1273 3820 1318 3907 γλ·

163 3940 235 3988 νους
251 3909 269 3978 ό
288 3911 416 3995 Χριστός
434 3905 526 3993 ἦλθεν
544 3910 632 3988 αότός
647 3910 770 3995 Ἰησοῦς,
793 3910 859 3997 οόχί
872 3912 947 3979 κατά
966 3916 1129 4001 ιγέννησιν,
1150 3916 1227 3987 M
1240 3932 1316 3989 θη.

163 4022 279 4097 μαστῶς
301 4017 332 4080 ἐν
353 4022 393 4102 τῷ
414 4013 516 4103 κόσμῳ
539 4013 692 4098 πεφηνῶς,
719 4014 755 4093 ός
775 4020 852 4083 ἐστιν
873 4014 963 4093 αότός
982 4014 1001 4083 δ
1022 4016 1096 4101 Σήθ
1114 4016 1136 4086 δ
1154 4024 1240 4105 τότε,
1267 4026 1318 4093 a!

165 4116 292 4202 Χριστός
313 4123 368 4181 νῦν
387 4116 581 4200 ἐπιφοιτήσας
596 4126 638 4207 τῷ
657 4120 732 4204 γένει
748 4126 808 4185 τῶν
824 4117 1010 4204 ἀνθρώπων,
1038 4118 1100 4189 ἀπό
1116 4130 1174 4209 τῆς
1188 4126 1319 4217 Μητρός

162 4218 280 4285 ἀνωθεν
302 4216 522 4302 ἀπεσταλμένος.

32 4358 99 4426 Κεφ,
114 4357 145 4413 a'.
252 4328 349 4386 Ταῦτα
373 4320 469 4388 πάντα
498 4322 575 4389 οὕτω
599 4330 775 4410 γεγενῆσθαί
797 4346 890 4406 φασιν
912 4328 1027 4393 ἐκεῖνοι.
1075 4328 1181 4415 Μιορά
1209 4334 1245 4401 λλ
1265 4334 1317 4403 καί

193 4482 218 4528 ’λ
233 4481 410 4547 καταβαλοῦσα
422 4484 531 4531 petavius
540 4485 641 4533 coniecit.
664 4486 721 4535 cor-
754 4492 842 4545 tutem,
862 4501 935 4551 quum
947 4482 1096 4553 ειιεαερίιιοε
1108 4482 1134 4537 in
1147 4488 1260 4559 ννίρνντι
1272 4506 1316 4545 ιν·

160 4551 242 4600 ποείνε
256 4553 337 4599 vertit:
352 4558 378 4599 et
391 4549 416 4599 in
430 4548 479 4598 hoc
492 4549 575 4617 posuit
586 4568 655 4601 suam
667 4550 719 4601 vir-
754 4570 809 4603 men
825 4568 946 4621 supernae
959 4552 1071 4619 νὶειιιῑὶν,
1088 4562 1116 4605 ελ
1130 4556 1271 4613 ndnmh
1283 4576 1315 4613 ι
