3046 5084
233 309 274 370 66
654 312 774 364 θΑΝΟΤί
794 311 961 363 ΕΡίΡΗΑΝίί

238 434 315 515 φημί
339 431 371 496 δὲ
393 432 434 505 είς
450 428 636 513 Ἀσσυρίους,
668 430 698 506 ἐξ
716 419 758 493 ῶν
777 434 958 511 Σαμαρεῖται
980 427 1010 490 οἷ
1029 423 1199 510 ἐγκάθετοι,
1221 427 1391 509 συμβέβηκε

238 537 289 600 καί
309 531 365 616 την
383 530 504 618 γνῶμην
520 534 742 614 διχονοηθῆναι,
764 531 815 595 καί
830 525 934 593 λοιπὸυ
949 524 1117 613 ῶρμησενὴ
1134 525 1231 610 πλάνη
1247 530 1298 593 καλ
1313 526 1334 611 ἡ
1347 534 1390 595 δι-

239 635 341 721 χόνοια
365 631 577 718 3ύποσπείρειν
594 630 653 697 άπιί
669 639 723 714 τῆς
738 639 807 714 μιᾶς
821 633 990 712 θεοσεβείας
1007 631 1048 704 είς
1065 627 1174 706 πολλάς
1188 655 1391 714 παραπεποιη-

242 741 329 823 μένας
344 735 478 823 γνάμας,
501 733 605 811 καθῶς
628 732 740 822 ἑκάστῳ
758 736 840 809 ἔδοξε
862 734 913 795 καί
931 729 1020 820 ηίήθη
1039 737 1079 820 τηῖ
1100 729 1245 817 γράμματι
1262 734 1391 798 ένασκεῖ-

239 850 313 908 σθαι
334 841 386 905 καλ
407 835 529 923 φράζειν
551 838 671 912 ἕκαστος
691 833 767 900 κατά
787 830 821 898 τά
844 836 923 898 ’ίδιον
942 834 1066 914 θέλημα.

608 1255 1027 1334 ΣΑΜΑΡΕΙΤᾹΙ.

239 1401 387 1498 Ἑβδόμη
405 1403 526 1498 αίρεσις
544 1395 610 1471 άπὸ
627 1402 686 1470 τοῦ
702 1393 933 1491 Ἑλληνισμοῦ,
953 1396 1070 1491 ἐννοίτη
1087 1401 1124 1472 δὲ
1141 1427 1185 1494 τη
1203 1395 1388 1499 άκολουθίρ.

328 1555 508 1631 Σαμαρεῖται
534 1546 586 1627 μέν
605 1537 660 1610 οὖν
691 1541 780 1626 Ῑάχρι
804 1550 864 1608 τῶν
884 1546 1023 1627 αἱρέσεων
1047 1543 1107 1610 άπύ
1133 1554 1252 1631 γραφῆς
1271 1553 1390 1629 θεῖκῆς,

245 1647 436 1735 ’ὁρμώμενοι
466 1647 538 1731 μετά
565 1644 619 1722 τάς
648 1647 862 1730 προειρημένας
888 1642 1054 1727 Ἑλληνικάς
1077 1649 1202 1732 αἱρέσεις
1230 1645 1280 1712 άπ’
1307 1650 1391 1713 ἰδίων

244 1759 391 1838 λογισμῶν
409 1748 584 1836 α’νθρῶποις
601 1750 850 1832 έμβροντηθείσης
872 1751 1037 1823 8διανοίας.
1082 1755 1151 1813 Πᾶν
1166 1753 1267 1814 τοίνυν
1291 1748 1323 1815 τά
1344 1752 1390 1836 γέ-

246 1880 301 1930 νος
319 1846 508 1938 Σαμαρειτῶν
524 1854 661 1916 ίκαλεῖτο.
700 1846 927 1934 Ἑρμηνεύονται
943 1850 975 1914 δὲ
993 1857 1171 1932 Σαμαρεῖται
1186 1849 1323 1930 φύλακες,
1340 1850 1394 1917 διά

245 1953 279 2022 τά
310 1957 343 2021 έν
378 1952 458 2032 τάξει
488 1951 628 2035 φυλάκων
653 1948 790 2034 τετάχθαι
819 1953 851 2017 ἐν
876 1958 912 2040 τῇ
943 1958 998 2041 γη,
1037 1950 1057 2034 ἢ
1083 1949 1144 2017 άπά
1174 1960 1228 2018 τοῦ
1256 1951 1393 2035 φύλακας

248 2055 357 2134 αύτούς
377 2054 450 2121 εἶναι
473 2061 526 2138 τῆς
541 2052 615 2119 κατά
636 2052 689 2119 τὸν
704 2052 796 2135 νόμον
812 2055 969 2128 Μωϋσὲσις
985 2051 1150 2130 διατάξεως.
1192 2051 1336 2120 Ἐκαλεῖτο
1357 2056 1391 2121 δὲ

247 2160 298 2225 καί
313 2157 346 2224 το“
369 2157 441 2244 ὅρος
457 2160 532 2223 ἔνθα
548 2158 769 2237 ἐκαθέσθησαν,
792 2153 959 2240 Σαμάρων,
980 2152 1042 2237 άμα
1059 2156 1090 2220 δὲ
1107 2157 1159 2220 καί
1179 2154 1307 2243 Σαμήρ,
1329 2153 1390 2224 άπδ

249 2259 371 2345 άρηαίου
389 2257 469 2335 τινάς
483 2256 653 2343 Σαμάρων,
676 2261 744 2323 υίοῦ
759 2254 885 2339 Σωμηρ,
908 2255 985 2321 οὗτοι
1002 2263 1056 2321 τοῦ
1077 2254 1185 2342 άνδράς
1199 2259 1390 2342 καλουμένου.

243 2354 307 2426 Ἠν
328 2354 417 2436 οὗτος
440 2357 611 2444 ά4Σωμηρ
628 2357 693 2434 vide
717 2357 782 2434 ἕνὸς
807 2355 916 2441 ύνδράς
938 2365 997 2422 τῶν
1019 2355 1078 2423 άπύ
1100 2361 1203 2444 γένους
1221 2367 1281 2425 τοῖν
1302 2365 1392 2445 Φερε·

249 2468 337 2543 ζαίων
352 2465 404 2528 καὶ
421 2465 618 2548 Γεργεσαίου,
641 2465 671 2525 οἳ
687 2457 841 2547 κατρίκουν
856 2457 888 2524 τά
907 2466 1065 2542 τηνικαῦτα
1079 2459 1134 2542 την
1148 2469 1220 2546 γῆν,
1241 2463 1275 2528 ίκ
1293 2464 1392 2528 διαδο-

248 2573 301 2648 χῆς
316 2562 397 2641 ὄντες
414 2568 517 2638 παῖδες
542 2569 596 2625 τοῦ
612 2557 737 2625 Χαναάν
762 2566 815 2625 τοῦ
841 2557 894 2643 τὴν
916 2569 972 2646 γῆν
992 2560 1101 2644 ταύτην
1117 2559 1317 2648 άρπάξαντος,
1335 2561 1393 2647 τὴν

251 2674 306 2731 νῦν
320 2664 473 2729 Ἰουδαίαν
494 2662 515 2744 ἢ
536 2659 707 2744 Σαμάρειαν
727 2663 926 2744 καλουμένην,
955 2655 1047 2728 οὖσαν
1068 2671 1127 2729 τῶν
1149 2668 1222 2729 υίῶν
1237 2663 1321 2748 Σήμ,
1350 2664 1392 2749 μὴ

253 2761 346 2833 ούσαν
360 2762 458 2829 αύτῶν
474 2767 561 2845 ίδίαν,
584 2761 634 2827 διά
650 2761 682 2827 τά
696 2760 788 2828 αύτύν
802 2762 854 2829 τάν
871 2763 994 2829 Χαναάν
1010 2762 1086 2831 εἶναι
1099 2764 1167 2830 υίάυ
1181 2773 1234 2831 τοῦ
1252 2764 1322 2849 Χάμ
1337 2793 1392 2832 πα-

250 2867 415 2952 τραδίλφου
428 2872 481 2929 τοῦ
489 2865 566 2947 Σήμ.
590 2866 650 2928 Καί
666 2867 832 2948 συμβέβηκε
844 2864 876 2931 τά
894 2864 987 2949 ὄνομα
1001 2868 1033 2932 ίκ
1045 2866 1199 2951 διαφόρων
1213 2868 1394 2953 προφάσεων

250 2974 406 3033 καλεῖσθαι
418 2971 616 3050 Σαμαρείτας,
639 2969 672 3031 ίκ
690 2974 792 3032 τετοῦ
810 2965 937 3053 Σωμήρ,
959 2971 992 3034 ἔκ
1007 2993 1037 3032 τε
1059 2976 1112 3034 τοῦ
1128 2967 1293 3056 Σαμάρων,
1315 2973 1348 3038 ίκ
1364 2995 1395 3036 τε

251 3077 304 3136 τοῦ
320 3066 475 3150 φυλάττειν
493 3065 545 3150 τὴν
555 3076 621 3154 γῆν,
644 3071 676 3134 ἔκ
690 3094 720 3133 τε
736 3076 791 3134 τοῦ
804 3069 957 3149 φυλάττειν
971 3070 1008 3134 τά
1021 3068 1205 3154 παιδεύματα
1221 3079 1275 3138 τοῦ
1291 3071 1396 3154 νόμου.

118 3186 185 3253 Κεφ.
204 3184 236 3257 β’.
339 3171 539 3255 Διαφέρουται
562 3170 594 3234 δὲ
617 3162 701 3235 οὗτοι
715 3167 875 3247 Ἰουδαίοις
895 3171 970 3236 κατά
988 3180 1075 3238 τοῦτο
1100 3180 1234 3257 πρῶτον,
1266 3172 1311 3239 ὅτι
1339 3169 1397 3239 ούκ

253 3273 348 3356 έδάθη
376 3269 478 3348 αύτοῖς
506 3278 670 3355 προφητῶν
702 3279 762 3337 τῶν
791 3271 862 3355 μετά
892 3276 1028 3339 Μωύσέα
1059 3274 1175 3359 γραφη,
1208 3273 1229 3357 ἢ
1253 3272 1346 3356 μόνον
1375 3269 1397 3353 ἡ

252 3381 377 3443 δοθεῖσα
394 3371 593 3456 Πευτάτευχος
614 3370 664 3437 διά
677 3376 835 3450 Μωυσέως
851 3381 891 3464 τηῖ
916 3377 1058 3459 σπέρματι
1081 3374 1199 3461 Ἰσραὴλ
1223 3377 1255 3440 έν
1277 3382 1313 3464 τῇ
1332 3372 1395 3451 ίξύ-

253 3482 296 3566 δφ
320 3486 373 3561 τῆς
392 3474 442 3542 ἄπ’
460 3474 617 3562 Αἰγύπτου
636 3478 772 3561 πορείας,
801 3479 878 3560 φημί
894 3477 926 3541 δέ
944 3480 1074 3556 Γένεσις,
1106 3480 1157 3543 καί
1173 3476 1314 3555 Ἔξοδος,
1344 3475 1397 3540 καλ

253 3578 429 3657 Λευιτικδν,
450 3583 502 3645 καί
515 3575 664 3663 Ἀριθμοί,
687 3580 737 3642 καί
754 3578 994 3662 Δευτερονάμιον.
1024 3576 1074 3645 Ἐν
1089 3580 1122 3644 δέ
1135 3586 1172 3670 τῇ
1181 3575 1314 3666 Ἐβραΐδι
1332 3580 1396 3643 δια-

252 3681 342 3768 λέκτῳ
364 3681 441 3746 οὕτω
465 3687 634 3746 καλοῦνται·
673 3683 827 3764 ιίίηρσλθ,
855 3678 1041 3764 Ἐλλεσιμάθ,
1072 3688 1258 3768 Maurusio«,
1290 3678 1400 3747 Ούλδα·

254 3778 327 3864 βιὶρ,
354 3778 601 3868 Έλλεδδαεβάριμ.
647 3783 706 3845 Καί
726 3784 866 3868 ἔσπαρται
890 3784 941 3866 μέν
966 3785 997 3847 έν
1016 3780 1138 3861 ταύταις
1159 3793 1224 3862 ταῖς
1247 3785 1332 3851 πέντε
1355 3786 1400 3868 βί·

287 3969 312 4022 3.
331 3970 471 4020 Comama:
497 3979 522 4019 et
546 3970 662 4022 deinces
690 3971 811 4039 processit
843 3971 938 4041 reliquo
954 3987 1097 4040 progressus
1114 3983 1152 4025 est
1167 3992 1238 4027 error
1258 3984 1285 4026 et
1301 3974 1401 4025 dissen-

255 4055 341 4097 error,
359 4045 384 4085 et
398 4032 557 4087 disseminata
571 4047 609 4087 est
642 4038 648 4051 '
662 4040 760 4101 sensio,
778 4038 810 4089 ab
843 4040 888 4101 ιίο,
898 4058 961 4108 quae
973 4038 1004 4090 ab
1011 4040 1080 4090 unius
1088 4040 1129 4092 dei
1144 4042 1212 4093 cultu
1224 4040 1316 4093 nemina
1329 4056 1403 4106 τμιυ·

253 4104 352 4157 unodei
369 4103 411 4171 pio
427 4102 495 4152 cultu
509 4104 541 4153 ad
556 4106 645 4156 multas
661 4106 811 4158 adulterinas
846 4118 934 4175 gerent
947 4106 1141 4160 adultefinarum
1156 4110 1301 4178 opinionum
1316 4104 1404 4157 nulti-

253 4174 397 4242 οφῖυῖοιιοο,
420 4180 494 4236 prout
508 4171 638 4239 unicuique
660 4175 740 4225 visum
757 4175 812 4237 fuit,
845 4175 947 4237 tudinis,
965 4186 1040 4243 prout
1056 4177 1185 4246 unicuique
1201 4176 1274 4228 libuit
1291 4184 1318 4224 et
1331 4171 1404 4239 quis-

254 4253 281 4292 et
297 4259 324 4292 se
339 4243 364 4290 in
379 4240 502 4303 scriptura
520 4243 681 4290 exercitatum
696 4260 748 4292 ense
762 4258 812 4321 pu·
846 4260 894 4310 qne
909 4243 933 4292 in
948 4243 1070 4310 scriptura
1082 4242 1268 4314 interpretanda
1278 4237 1402 4308 (φράζειν)

254 4310 326 4369 tavit,
346 4318 371 4357 et
385 4306 471 4357 docuit
487 4306 587 4373 quisque
603 4308 671 4358 iuxta
687 4327 812 4377 propnum
847 4312 995 4362 exercitatus
1011 4329 1064 4362 εοισ
1076 4311 1143 4363 iuxta
1172 4309 1271 4378 ropriao
1282 4307 1405 4358 volunta-

253 4375 417 4428 voluntatem.
447 4378 537 4436 Neuter,
548 4389 620 4437 neque
631 4379 760 4427 Carnarius
772 4391 812 4427 ιιι-
845 4378 878 4429 tis
892 4389 919 4429 et
935 4376 1057 4447 opinionis
1073 4331 1200 4431 modussm
1212 4374 1260 4427 sibi
1274 4374 1340 4425 ιῖευι
1355 4385 1403 4427 εει.

253 4459 297 4508 ραι
315 4447 440 4504 Petamus,
465 4445 523 4493 τοία
539 4449 663 4493 accuratus
684 4448 710 4495 ιἰι
730 4446 813 4494 horum
881 4447 940 4498 Cn.
960 4450 978 4497 Ι.
1003 4476 1036 4487 -
1072 4449 1094 4498 1.
1110 4442 1179 4516 α’ρηη
1192 4445 1284 4509 μίοαιίλ
1297 4444 1405 4498 Ριίαυίο.

252 4515 374 4564 υπθοιυοι
400 4513 593 4574 immutatione.
629 4512 708 4562 Vmo:
733 4520 759 4561 et
780 4510 812 4562 de
845 4507 905 4585 ἄχρι
921 4521 955 4566 ιιι
970 4515 996 4565 in
1014 4512 1129 4567 οουίὶοῖο.
