3046 5084
265 382 306 446 62
688 393 810 445 οιυοτι
828 392 995 446 τυιυιιιυιι

263 506 319 575 Ἐν
341 506 458 594 χρόνοις
478 509 511 577 δὲ
531 506 665 587 Ἐζεκίου
684 511 735 574 τιαλ
763 506 879 591 3’Ἀχαζ
900 505 1168 590 ι’χχμαλωτεόθησαν
1192 509 1284 588 φυλαί
1306 509 1340 572 ἐκ
1361 516 1418 573 τοῦ

262 607 381 696 Ἰσραὴλ
404 613 446 686 είς
464 608 501 675 τά
523 609 591 696 όρια
614 609 740 692 Μήδων.
785 607 873 675 Μετά
895 618 983 676 τοῦτο
1004 607 1138 688 Ἐζεκίας
1161 615 1248 697 γεννᾷ
1270 607 1322 674 τόν
1344 617 1417 675 Μαι.

262 719 371 794 νασσῆ,
399 719 565 793 Μανασσῆς
579 710 631 778 τόν
649 709 759 794 Ἀμῶς,
787 709 883 794 Ἀμῶς
900 710 952 777 τόν
967 709 1101 790 Ἰωσίαν,
1128 709 1245 786 Ἰωσίας
1260 709 1313 776 τόν
1327 709 1415 794 Ἰεχο-

262 819 342 895 νίαν,
371 813 424 879 τόν
440 816 491 881 καί
509 812 623 896 Σελοόμ
639 813 834 896 κωλυόμενον,
865 814 899 890 ός
915 815 966 878 καί
981 811 1119 895 Ἀμασίας
1138 816 1262 898 ἐλέγετο,
1291 810 1415 896 όἸεχο·

261 921 327 992 νίας
348 909 436 992 οὗτος
452 924 540 1004 γεννᾷ
556 914 609 981 τόν
624 913 766 996 Ἰεχονίαν
783 914 833 980 τόν
851 913 1029 996 καλούμενον
1043 919 1186 980 Σεδεκίαν
1203 917 1254 980 καλ
1268 912 1416 998 Ἰωακείμ.

129 1024 196 1090 Κεφ.
215 1018 244 1085 ζ·
353 1020 414 1082 Καὶ
438 1021 541 1099 μηδείς
569 1018 636 1099 περὶ
661 1014 769 1079 τούτου
793 1014 1015 1098 άμφιβαλλίτω,
1045 1019 1219 1098 θαυμαζέτω
1246 1017 1279 1081 δέ
1305 1025 1416 1100 μᾶλλον

260 1116 314 1201 τόν
338 1117 544 1202 ἀκριβολογίαν
571 1115 723 1198 ω’φελίμως
746 1119 876 1182 ἐνταῦθα
900 1120 1036 1200 κειμένην
1063 1127 1125 1192 τοῖς
1149 1122 1322 1194 σπουδαίοις
1344 1146 1414 1202 χρη-

262 1224 442 1300 στομαθείας
462 1220 547 1283 ἕνεκα
567 1216 603 1282 τά
626 1215 735 1303 άκριβῆ
756 1226 815 1284 τῶν
836 1216 1024 1304 ἀντιγράφων
1041 1219 1272 1302 καταλαμβάνειν
1293 1222 1414 1287 ἐθέλου-

263 1342 324 1398 σιν,
354 1323 457 1395 οἵτινες
478 1317 573 1394 εόθός
593 1318 663 1402 μετά
684 1327 737 1402 τῆς
757 1319 896 1401 ω’ῳελείας
913 1319 1107 1405 εὐγνωμονεῖν
1127 1319 1413 1406 άναγκασθήοονται,

260 1421 454 1504 κερδήσαντες
476 1419 508 1486 τό
535 1418 594 1486 όπό
617 1449 703 1488 τινων
726 1420 853 1505 όμαθῶν
876 1429 935 1487 τῶν
960 1425 991 1487 έν
1014 1430 1055 1511 τῷ
1078 1420 1232 1513 εὐαγγελίῳ
1256 1426 1298 1498 είς
1322 1422 1413 1506 άμφι-

261 1528 379 1606 βολίαν,
403 1520 443 1598 ῶς
461 1520 536 1589 κατά
554 1523 734 1608 διόρθωσιν,
756 1522 921 1603 α’φανισθὲν
937 1522 1034 1609 ῥητόν.
1083 1532 1192 1609 Τριχῶς
1209 1522 1265 1609 γάρ
1283 1522 1412 1610 άριθμή·

261 1647 368 1701 σαντος
389 1632 442 1690 τοῦ
463 1621 549 1709 άγίου
566 1630 734 1690 Ματθαίου
754 1623 807 1701 τός
827 1625 942 1711 γενεάς,
965 1624 1023 1691 άπό
1043 1633 1096 1691 τοῦ
1111 1623 1248 1711 Ἀβραάμ
1269 1624 1335 1711 άχρι
1355 1636 1411 1693 τοῦ

262 1729 362 1810 Δαβλδ
381 1725 531 1808 φήσαντος
550 1728 650 1813 γενεάς
666 1730 893 1811 δεκατέσσαρας,
925 1731 956 1793 οί
977 1725 1031 1793 δόσ
1054 1726 1194 1810 ἀνώτεροι
1214 1725 1340 1811 άριθμολ
1358 1749 1408 1794 σα-

261 1838 329 1911 φεῖς
345 1825 545 1912 εόρίσκονται,
568 1832 710 1912 μηδεμίαν
731 1831 859 1909 ἔλλειψιν
876 1829 1009 1915 ἀριθμοῦ
1026 1831 1213 1911 περιέχοντες.
1247 1828 1336 1904 Ἕως
1352 1829 1410 1916 γάρ

259 1937 314 1998 τοῦ
336 1928 477 2013 Ἰεχονίου
495 1933 659 2016 περιέχουσι
681 1930 751 2007 νοός
771 1930 901 2016 χρόνους.
944 1928 977 1996 ‘0
998 1931 1030 1996 δέ
1050 1937 1147 2016 τρίτος
1163 1929 1294 2017 άριθμός
1310 1930 1411 1999 οὐκέτι

261 2032 482 2117 δεκατεσσάρων
502 2040 608 2120 γενεῶν
629 2030 790 2117 εὑρίσκεται
811 2032 884 2099 κατά
903 2031 1046 2115 διαδοχὴν
1063 2031 1216 2114 ὀνομάτων
1237 2033 1270 2100 τό
1292 2033 1408 2120 πλήρω-

261 2163 301 2218 μα
322 2138 410 2218 έχων,
433 2133 503 2200 άλλά
524 2139 696 2220 δεκατριῶν·
721 2135 823 2218 ἐπειδή
843 2160 918 2210 τινες
936 2132 1078 2217 Ἰεχονίαν
1097 2133 1158 2218 άμα
1178 2133 1301 2224 Ἰεχονίᾳ
1320 2114 1409 2226 έτέρῳ

150 2257 247 2329 pegm-
260 2235 418 2303 έπιτοαυτό
441 2234 574 2322 εόρόντες
599 2236 739 2321 ἐνόμισαν
765 2235 816 2302 τόν
838 2234 968 2320 ἀριθμόν
994 2240 1303 2323 1δεδισσολογισμένον
1324 2236 1407 2303 εἶναι.

263 2336 328 2404 Οόιι
344 2331 381 2421 ἦν
399 2340 431 2405 δέ
447 2344 629 2425 δισσολογία,
659 2337 730 2403 άλλά
746 2335 876 2422 ἀριθμός
893 2336 1003 2420 σαφής·
1026 2341 1067 2414 είς
1083 2336 1175 2421 όνομα
1189 2338 1245 2424 γάρ
1260 2338 1372 2421 πατρός
1388 2338 1409 2408 ό

259 2450 331 2517 παῖς
353 2444 552 2524 λέπεκίκλητο
574 2440 715 2523 Ἰεχονίας
735 2447 790 2505 τοῦ
807 2437 956 2521 Ἰεχονίου.
998 2437 1190 2523 Ἀφελόμενοι
1206 2434 1261 2508 οόν
1275 2467 1350 2519 τινες
1365 2440 1407 2520 ῶς

259 2540 332 2609 κατά
349 2548 523 2625 φιλοκαλίαν
537 2542 570 2608 τό
585 2547 619 2608 δν
634 2539 744 2624 όναμα,
774 2537 879 2628 άγνοίῳ
896 2541 1067 2627 φερόμενοι,
1090 2544 1215 2619 έλλειπὲς
1229 2543 1405 2628 έποιήσαντο

258 2653 311 2729 τῆς
333 2642 518 2727 όποθέσεως,
550 2645 624 2708 8καλ
645 2640 721 2708 κατά
745 2642 799 2725 τήν
822 2639 923 2724 όμάδα
936 2651 990 2708 τοῦ
1008 2642 1140 2730 άριθμοῦ
1158 2651 1217 2710 τῶν
1232 2645 1404 2713 δεκατεσσά-

259 2773 319 2833 ρων
335 2744 490 2826 όνομάτων
503 2745 557 2826 τὴν
570 2741 725 2827 όπόσχεσιν
739 2746 790 2808 καί
803 2743 835 2810 τό
850 2745 1029 2831 πολύπειρον
1043 2753 1096 2829 τῆς
1110 2748 1232 2828 σχέσεως
1246 2745 1403 2831 ἠφάνισαν.

344 2851 458 2911 Γίνεται
482 2839 565 2912 4οὖν
586 2850 723 2913 ἐντεῦθεν
746 2843 805 2912 άπό
828 2854 881 2913 τοῦ
907 2845 1016 2932 χρόνου
1035 2846 1171 2930 Ἰεχονίου
1190 2846 1403 2933 ἦαίχμαλωσία

262 2945 308 3030 δή
329 2951 370 3024 εἰς
384 2953 556 3031 Βαβυλῶνα.
598 2945 648 3014 Ἐν
670 2947 764 3037 τοότῳ
782 2957 822 3037 τῷ
843 2947 938 3037 χρόνῳ
956 2958 1009 3032 τῆς
1023 2953 1219 3033 αἰχμαλωσίας
1234 2958 1404 3038 προςῆλθον

259 3053 291 3116 οί
304 3048 494 3136 πρεσβύτεροι
510 3059 551 3140 τῷ
567 3048 832 3136 Ναβουχοδονόσορ
851 3055 882 3116 έν
891 3056 1056 3135 Βαβυλῶνι,
1079 3061 1315 3138 παρακαλοῦντες
1330 3053 1404 3121 άπο·

258 3158 400 3235 σταλῆναί
417 3180 498 3230 τινας
517 3161 576 3219 τῶν
602 3156 686 3218 ίδίων
713 3150 807 3219 αότυῦ
829 3156 1032 3240 θέγκαθέτους
1059 3158 1101 3231 είς
1121 3152 1176 3238 τὴν
1198 3153 1404 3240 7Ἰσρυηλίτων

257 3263 323 3341 γῆν,
342 3254 424 3331 ὅπως
440 3254 481 3339 μὴ
498 3255 519 3338 ἡ
534 3258 616 3341 χῶρα
633 3252 862 3338 8όλομανήσυσα
874 3259 1025 3347 έρημωθῇ.
1060 3259 1123 3322 Καὶ
1134 3259 1251 3334 ἐδέξατο
1264 3257 1319 3340 τόν
1333 3282 1394 3343 παρ

258 3354 355 3423 αότῶν
370 3357 567 3444 παράκλησιν·
590 3354 627 3423 οό
641 3355 697 3442 γάρ
714 3355 902 3444 άνεβάλλετο,
923 3360 975 3424 καί
989 3357 1156 3425 όποστέλλει
1175 3359 1226 3441 μλν
1246 3364 1304 3423 τῶν
1317 3358 1403 3425 ίδίων

256 3462 381 3547 τέσσαρα
398 3463 477 3548 γένη,
492 3459 561 3536 τοός
574 3486 605 3525 τε
618 3464 793 3537 Χουθαίους
806 3462 1016 3542 καλουμένους,
1034 3463 1085 3527 καὶ
1096 3464 1274 3537 Κουδαίους,
1299 3465 1401 3523 οΣατι-

258 3569 461 3648 φαρουραίους
485 3565 537 3629 καλ
565 3560 876 3648 ιο’νίναγωγαναίους,
908 3565 1014 3640 οίτινες
1036 3561 1096 3646 ἅμα
1115 3571 1177 3638 τοῖς
1197 3557 1296 3627 αότῶν
1319 3559 1402 3627 είδῶ-

257 3670 320 3737 λοις
340 3662 500 3748 ἀναβάντες
520 3667 673 3756 κατρίκουν
695 3664 728 3731 τό
750 3671 910 3748 τηνικαῦτα
931 3664 986 3749 τήν
1005 3664 1193 3750 Σαμάρειαν,
1212 3664 1323 3746 ταύτην
1339 3666 1402 3730 έπε-

257 3764 406 3847 λιξάμευοι
431 3770 547 3844 ἑαυτοῖς
573 3767 627 3852 τόν
650 3775 707 3854 γῆν
732 3767 781 3835 διό
805 3767 838 3835 τό
855 3762 931 3833 εἶναι
950 3766 1039 3834 πίονά
1062 3794 1092 3834 τε
1113 3770 1165 3833 καὶ
1188 3764 1401 3853 γονιμωτάτην.

260 3869 368 3955 Χρόνῳ
388 3869 420 3934 δὲ
436 3863 518 3936 οὗτοι
540 3868 600 3936 όιτό
622 3877 683 3936 τῶν
701 3875 818 3955 θηρίων
838 3868 1135 3955 διασπαραττόμενοι,
1154 3867 1281 3937 λεόντων
1298 3870 1330 3936 δὲ
1350 3871 1402 3936 καλ

256 3966 429 4055 παρδάλεων
450 3974 501 4038 καὶ
519 3971 634 4059 άρκτων
650 3974 702 4038 καὶ
716 3979 776 4038 τῶν
790 3971 883 4039 άλλων
901 3979 1040 4056 πονηρῶν
1056 3977 1188 4059 θηρίων,
1209 3971 1401 4040 άτιοστίλλσυ-

256 4093 304 4139 σιν
327 4074 370 4148 είς
388 4077 567 4156 Βαβυλῶνα,
597 4080 851 4162 παρακαλοῦντες,
878 4074 931 4139 καί
955 4070 1104 4164 ὑπερβολῇ
1126 4073 1329 4158 θαυμάζοντες
1348 4070 1401 4153 τήν

289 4244 313 4298 3.
331 4248 367 4297 lta
386 4250 447 4299 λαλεῖ.
878 4244 904 4299 δ.
921 4247 1037 4310 λειοτέρα·
1051 4247 1096 4301 καλ
1107 4244 1172 4301 κατὰ
1182 4260 1227 4309 μιν
1239 4244 1341 4307 mm
1353 4258 1399 4295 κα·

290 4312 349 4362 Οιτ.
368 4316 421 4366 VH.
447 4345 479 4356 —
514 4320 535 4370 1.
559 4313 813 4381 δεδισταλογησμένον
845 4310 893 4375 τό,
910 4316 972 4378 ΨΜ
987 4318 1058 4379 *λείου
1072 4319 1192 4378 “Pm-

257 4381 315 4446 (αὀ)
331 4385 385 4433 εσυ.
401 4388 480 4438 Ριιαν.
515 4389 620 4437 Fortasse
636 4384 813 4448 δεδιτσολοχη-
879 4381 904 4434 4.
922 4371 964 4435 οὖν
981 4387 1032 4435 cod.
1049 4388 1124 4435 λἰτιια
1144 4384 1217 4443 Υαλρο
1230 4378 1298 4445 γοῦν.

256 4447 336 4515 μένον.
448 4502 450 4507 ,
879 4451 903 4501 5.
921 4445 940 4516 η“
958 4467 1003 4502 ουτ.
1021 4455 1071 4504 ανδ.
1087 4453 1162 4499 Vena.

289 4516 314 4568 ν.
327 4515 480 4588 emtam
492 4523 646 4585 ταυτας.
667 4520 742 4581 vum
749 4529 813 4567 men-
878 4515 904 4569 ⁶.
921 4546 972 4578 ,.-
982 4529 1009 4570 ut
1023 4518 1136 4570 mittem
1147 4512 1244 4581 «Βοῦν
1258 4510 1292 4561 ἂν
1301 4511 1351 4563 ⁸⁰³⁸
1365 4514 1400 4565 ⁸¹¹

255 4586 312 4639 δοιι
329 4584 461 4654 ἐκέκλητο.
845 4584 1032 4641 inhabitandam
1045 4596 1138 4638 ττι-ιω
1149 4579 1330 4635 ίειεελὶείδη“
1346 4597 1399 4637 w·
