3046 5084
263 350 323 413 376
684 351 805 404 εκαστι
823 348 992 402 mmmm

116 482 182 550 Κεφ.
201 475 246 549 λγ’.
356 481 449 540 Τοῦτο
465 473 497 538 τό
513 472 649 559 κήρυγμα
665 476 872 554 περιειληφυῖα,
894 469 945 532 καλ
959 463 1068 550 ταύτην
1081 466 1137 552 την
1153 473 1267 551 πίστιν,
1290 467 1332 548 οῖς
1346 497 1425 557 προ-

265 572 392 661 ἐφαμέν,
414 575 436 659 ἦ
452 580 603 657 ἐκκλησία,
625 575 728 656 καίπερ
746 573 777 636 ἐν
794 569 851 659 όλφ
867 576 909 659 τῷ
922 568 1023 658 κόσμῳ
1041 575 1254 656 διεσπαρμένη,
1277 575 1426 657 ἐπιμελῶς

265 678 416 763 φυλάσσει,
440 677 481 754 οός
496 681 546 743 ἕνα
560 674 643 742 οίκον
657 677 788 753 οἰκοῦσα,
811 674 861 737 καὶ
876 670 985 755 ὁμοίως
1000 673 1128 738 πιστεύει
1141 674 1269 755 τούτοις,
1293 674 1334 753 οῦς
1347 681 1424 760 μίαν

264 781 365 866 ψυχὴν
384 783 435 846 καλ
451 780 505 863 την
524 777 616 862 αύτήν
631 780 735 861 ἔχουσα
750 779 891 859 καρδίαν,
921 777 972 839 καί
988 775 1158 858 συμφώνως
1172 783 1263 844 ταῦτα
1278 778 1425 867 κηρύσσει

264 886 315 951 καλ
330 883 458 950 διδάσκει
475 885 525 948 καὶ
542 885 758 964 παραδίδωσιν,
788 876 828 953 τίς
840 882 875 942 ἓν
891 876 985 959 στόμα
1000 881 1172 962 κεκτημένη.
1220 883 1299 946 ιΚαὶ
1314 880 1371 969 γάρ
1388 887 1427 946 αί

265 985 339 1053 κατά
357 985 408 1051 τόν
425 985 538 1066 κόσμον
553 983 699 1048 διάλεκτοι
714 980 865 1064 άνόμοιαι·
898 978 955 1044 ἄλλ’
976 978 997 1062 ἦ
1013 979 1138 1064 δύναμις
1159 988 1211 1066 τῆς
1227 983 1426 1068 παραδόσεως

228 1078 230 1083 ¹
266 1094 318 1172 μία
335 1092 385 1152 καί
400 1085 419 1171 ἡ
435 1086 526 1170 αῦτη,
556 1090 606 1150 καὶ
624 1083 691 1150 ούτε
708 1087 741 1148 αί
753 1087 784 1149 ἐν
799 1085 975 1167 Γερμανίαις
991 1086 1143 1167 ἱδρυμέναι
1160 1088 1309 1168 ἐκκλησίαι
1326 1085 1425 1165 άλλως

266 1190 506 1265 πεπιστεύκασιν,
537 1187 558 1271 ἢ
580 1187 672 1261 άλλως
693 1183 923 1270 παραδιδόασιν,
953 1183 1020 1250 οῦτε
1041 1189 1073 1251 ἐν
1094 1196 1158 1263 ταῖς
1175 1186 1322 1273 Ἰβερίαις,
1352 1188 1424 1255 οῦτε

268 1297 299 1360 ἐν
315 1300 444 1368 Κελτοῖς,
463 1289 529 1356 σύτε
544 1286 617 1355 κατά
633 1287 685 1363 τάς
699 1284 852 1365 άνατολάς,
871 1285 939 1352 ούτε
954 1290 985 1352 ἐν
999 1288 1152 1379 Αἰγύπτῳ,
1175 1289 1242 1356 οῦτε
1258 1294 1289 1357 ἐν
1303 1291 1423 1383 Λιβύη,

268 1394 335 1462 ούτε
348 1399 381 1459 αί
392 1392 466 1460 κατά
480 1396 553 1476 μὲσα
567 1401 620 1456 τοῦ
637 1390 753 1472 κόσμου
768 1390 932 1475 ἱδρυμέναι·
956 1388 1015 1453 ἀλλ’
1030 1390 1126 1475 όίςπερ
1142 1390 1160 1458 ό
1173 1393 1254 1475 η’λιος
1266 1392 1299 1458 τό
1315 1398 1424 1477 κτίσμα

267 1503 321 1563 τοῦ
341 1502 417 1561 θεοῦ
438 1498 469 1561 ἐν
488 1495 547 1583 όλῳ
564 1499 604 1582 τῷ
619 1492 720 1582 κόσμῳ
741 1490 782 1568 εἷς
798 1494 847 1556 καλ
863 1488 881 1556 ό
898 1489 1002 1571 αύτός,
1035 1493 1113 1559 οῦτω
1130 1497 1181 1559 καλ
1196 1495 1255 1561 ’ἐτό
1274 1501 1356 1577 φῦς,
1386 1496 1423 1563 τό

270 1599 405 1686 κηρυγμα
419 1604 475 1680 τῆς
490 1596 630 1680 α’ληθείας
642 1601 774 1683 πανταχῇ
790 1599 899 1675 φαίνει,
916 1596 964 1659 καλ
980 1600 1096 1675 φωτίζει
1111 1596 1225 1674 πάντας
1238 1596 1426 1682 άνθροίπους

269 1701 339 1778 τοῦς
356 1703 554 1789 βουλομένους
570 1702 611 1774 είς
627 1702 784 1783 ἐπίγνωσιν
800 1695 940 1779 όληθείας
956 1701 1071 1778 ἐλθεῖν,
1094 1702 1145 1764 καλ
1159 1700 1226 1766 ούτε
1241 1697 1259 1766 ό
1272 1699 1355 1766 πάνυ
1370 1704 1424 1767 δυ-

168 1861 179 1881 ,
271 1802 357 1880 νατός
377 1806 408 1869 ἐν
428 1801 504 1891 λόγῳ
526 1810 584 1866 τῶν
606 1805 636 1867 ἐν
659 1809 723 1876 ταῖς
742 1803 907 1882 ἐκκλησίαις
922 1800 1116 1885 προεστάτων
1132 1805 1215 1889 ἐτερα
1231 1800 1345 1869 τούτων
1363 1805 1426 1891 ἐρεῖ

272 1905 380 1983 (οὐδεὶς
393 1904 447 1990 γάρ
465 1902 539 1989 ύπέρ
555 1903 607 1969 τόν
619 1903 817 1982 διδάσκαλον),
841 1901 908 1967 οότε
926 1900 1085 1986 όάσθενής
1103 1907 1134 1970 ἐν
1150 1905 1282 1995 τῷλόγῳ
1300 1904 1425 1973 ἐλαττοῦ-

271 2032 314 2075 σει
331 2008 383 2091 τόν
400 2006 571 2092 παράδοσιν.
615 2015 700 2082 Μιᾶς
717 2005 772 2091 γάρ
793 2007 843 2070 καί
861 2013 913 2088 τῆς
930 2004 1021 2089 αὐτῆς
1037 2011 1159 2084 πίστεως
1178 2007 1283 2091 ούσης,
1315 2006 1386 2075 οῦτε
1406 2006 1426 2075 ό

272 2110 348 2177 πολύ
366 2112 431 2196 περὶ
450 2108 540 2192 αὐτῆς
558 2108 719 2191 δυνάμενος
735 2110 825 2173 εἰπεῖν
841 2107 1029 2188 ἐπλεόνασεν,
1052 2108 1119 2175 οῦτε
1135 2108 1154 2175 ό
1170 2109 1203 2176 τό
1224 2109 1321 2197 ὀλίγον
1337 2109 1424 2194 ἠλατ·

272 2213 384 2295 τόνησε.
433 2210 472 2277 Τό
490 2214 521 2277 δὲ
536 2221 636 2277 πλεῖον
651 2210 672 2294 ἢ
687 2213 805 2276 ἔλαττον
821 2210 894 2275 κατά
909 2210 1025 2276 σύνεσιν
1041 2214 1151 2278 είδέναι
1164 2211 1246 2290 τινάς
1262 2211 1319 2280 οῦκ
1336 2216 1369 2280 ἐν
1383 2222 1426 2304 τῷ

274 2315 328 2399 την
339 2313 484 2380 ύπόθεσιν
497 2313 588 2398 αὐτὴν
600 2313 750 2380 άλλάσσειν
761 2317 879 2398 γίνεται,
893 2316 944 2379 καλ
956 2312 1042 2379 άλλον
1055 2312 1130 2379 θεόν
1140 2324 1332 2400 παρεπινοείν
1342 2316 1425 2403 παρά

275 2417 326 2484 τόν
348 2417 528 2501 δημιουργόν
548 2419 597 2482 καὶ
620 2416 744 2500 ποιητὴν
765 2418 813 2481 καί
837 2416 949 2502 τροφέα
968 2422 1021 2481 τοῦ
1043 2418 1075 2482 δὲ
1095 2422 1149 2482 τοῦ
1168 2415 1296 2498 παντός,
1323 2416 1367 2495 οῦς
1384 2417 1426 2503 μή

275 2518 476 2605 άρκουμένους
496 2518 628 2608 8τούτῳ,
652 2518 776 2602 ἢάλλον
794 2517 939 2603 Χριστόν,
964 2518 986 2601 ἢ
1003 2517 1089 2584 άλλον
1105 2527 1285 2606 Μονογενῆ,
1305 2519 1377 2587 άλλιλ
1391 2524 1426 2588 ἐν

276 2631 317 2713 τῷ
332 2619 368 2686 τά
384 2619 439 2684 ὅσα
456 2623 486 2686 ἐν
500 2626 680 2704 παραβολαῖς
695 2625 807 2706 ε’ίρηται
822 2620 1162 2709 4προςεπεξεργάζεσθαι
1177 2624 1229 2688 καλ
1242 2627 1424 2691 συνοικειοῦν

277 2734 313 2816 τῇ
330 2733 382 2806 τῆς
396 2727 519 2796 πίστεως
531 2718 682 2802 ύπσθέοει,
702 2725 753 2788 καὶ
768 2727 799 2790 ἐν
813 2731 853 2814 τῷ
868 2721 922 2807 τήν
935 2749 965 2789 τε
978 2729 1178 2810 πραγματείαν
1190 2727 1240 2791 καλ
1254 2727 1426 2810 οἰκονομίαν

157 2864 207 2909 με.
220 2851 266 2895 τοι.
280 2835 332 2893 τοῦ
354 2832 429 2891 θεοῦ
451 2823 504 2906 τὴν
522 2826 571 2890 ἐπὶ
586 2833 622 2912 τῇ
639 2823 845 2910 άνθρωπότητι
870 2829 1048 2912 ὕγινομένην
1066 2830 1283 2914 ἐκδιηγεῖσθαι,
1314 2830 1367 2895 aa!
1383 2828 1429 2896 δτι

279 2927 525 3014 ἐμακροθύμησεν
548 2924 565 2991 ό
586 2925 660 3002 θεός
683 2929 730 2992 ἐπί
753 2953 782 2992 τε
803 2934 838 3018 τῇ
859 2938 918 2995 τοῖν
937 2929 1190 3017 παραβεβηκότων
1207 2929 1336 3017 άγγέλων
1353 2928 1429 2999 άπο·

279 3036 382 3121 στασίρι
397 3031 448 3095 καί
466 3031 514 3094 ἐπὶ
532 3036 566 3118 τῇ
584 3037 721 3118 παρακοῇ
736 3038 794 3095 τῶν
811 3030 982 3117 άνθροόπων
998 3037 1183 3116 σαφηνίζειν,
1211 3035 1262 3099 καλ
1281 3031 1332 3099 διδ
1348 3038 1378 3100 τί
1393 3033 1431 3101 τά

281 3137 333 3220 μὲν
348 3131 527 3218 πρόςκαιρα,
555 3129 590 3196 τά
608 3132 640 3196 δὲ
655 3130 774 3210 αἰτόνια,
797 3137 847 3198 καὶ
865 3134 900 3199 τά
917 3137 969 3218 μὲν
989 3133 1129 3221 οόράνια,
1150 3136 1202 3201 καλ
1216 3134 1253 3202 τά
1267 3136 1300 3202 δέ
1317 3138 1433 3225 ἐπίγεια

282 3236 324 3315 είς
344 3239 394 3303 καὶ
415 3233 433 3302 ό
455 3232 544 3310 αότός
564 3231 638 3309 θεός
658 3238 815 3316 πεποίηκεν
832 3234 1032 3322 άπαγγέλλειν,
1062 3242 1114 3304 καλ
1132 3238 1181 3304 διά
1198 3244 1226 3304 τί
1244 3236 1372 3324 άόρειτος
1389 3238 1433 3307 οῖν

283 3341 378 3424 ἐφάνη
398 3347 461 3414 τοῖς
481 3335 649 3422 προφήταις
670 3333 687 3402 ό
708 3334 795 3416 θεός,
825 3337 880 3404 οῦκ
902 3342 933 3404 ἐν
954 3348 1008 3429 μιᾷ
1029 3343 1109 3430 ίδέμ,
1138 3338 1210 3407 άλλά
1227 3340 1320 3419 άλλως
1334 3340 1435 3421 ε’ίλλοις

284 3454 404 3523 σννιεῖν,
420 3443 471 3507 καί
484 3439 534 3506 διά
548 3445 575 3504 τί
588 3444 733 3522 διαθῆκαι
747 3445 864 3517 πλείους
875 3440 1008 3526 γεγόνασι
1022 3450 1058 3533 τῇ
1074 3441 1287 3531 άνθρωπότητι
1298 3444 1435 3529 μηνύειν,
1482 3480 1488 3491 ·

284 3551 333 3612 καί
353 3553 397 3623 τίς
413 3544 535 3627 ἑκάστης
551 3550 610 3608 ταῖν
628 3547 783 3626 διαθηκῶν
798 3540 815 3609 ό
829 3543 976 3630 χαρακτήρ
994 3545 1157 3627 διδάσκειν,
1184 3550 1236 3614 ιιαλ
1252 3549 1303 3615 διδ
1318 3553 1348 3615 τί
1364 3570 1435 3617 συν·

286 3652 390 3714 ἐκλεισε
408 3647 504 3714 πάντα
519 3650 560 3723 είς
577 3644 731 3711 άπτίθειαν
747 3643 765 3712 ό
779 3644 867 3726 θεός,
894 3649 944 3712 ίνα
961 3645 1032 3723 τούς
1045 3647 1159 3726 πάντας
1174 3649 1293 3741 ἐλεήση,
1322 3653 1436 3740 ἐξερευ-

287 3758 356 3830 νᾶν,
378 3753 429 3816 καὶ
445 3749 495 3816 διά
509 3754 537 3815 τί
552 3746 570 3816 ό
582 3747 667 3835 λόγος
681 3754 735 3815 τοῦ
748 3757 824 3815 θεοῦ
839 3747 913 3836 σάρξ
925 3751 1036 3835 ἐγένετο
1049 3754 1101 3817 καλ
1117 3754 1231 3818 ἔπαθεν
1245 3750 1438 3841 ιόγαριστεῖν,

286 3856 338 3920 καλ
359 3852 409 3918 διά
432 3858 459 3918 τί
479 3857 517 3920 ἐπ
545 3851 672 3936 ἐσχάτων
696 3860 778 3918 θεῶν
794 3857 905 3937 καιρῶν
920 3850 942 3936 ἦ
957 3858 1105 3938 παρουσία
1121 3859 1176 3920 τοῦ
1192 3858 1260 3921 υἱοῦ
1276 3862 1332 3922 τοῦ
1348 3864 1439 3939 θεοῦ,

288 3958 434 4026 τουτέστιν
450 3957 483 4020 ἐν
499 3963 539 4046 τρῖ
556 3958 628 4022 τέλει
643 3954 740 4039 ἐφάνη
756 3954 777 4039 ἦ
792 3953 877 4040 όργη,
899 3952 1096 4042 άπαγγέλλειν,
1117 3958 1169 4022 καλ
1184 3960 1322 4044 περὶτοῦ
1336 3960 1441 4041 πίλους

288 4065 339 4127 καλ
355 4067 414 4125 τοῖν
432 4058 606 4140 μελλόντων,
629 4058 685 4125 ὅσα
702 4085 731 4124 τε
746 4068 839 4126 κεῖται
855 4062 886 4126 ἐν
904 4067 968 4135 ταῖς
983 4069 1130 4146 γραφαῖς,
1152 4056 1365 4143 άναπεύσσειν,
1387 4068 1442 4132 παλ

324 4201 382 4252 σιν.
396 4199 523 4249 XXXIII.
541 4227 574 4237 -
601 4199 622 4249 l.
639 4203 675 4250 Ιια
690 4215 769 4251 omnes
784 4203 844 4250 λίοτί.
912 4198 935 4251 3.
953 4196 1035 4268 τούτῳ
1046 4203 1137 4253 καλλίω·
1149 4214 1179 4252 ιτ
1191 4203 1242 4252 ωδ
1253 4203 1345 4257 Vm
1365 4206 1444 4271 Υινρ

291 4271 349 4321 σλιπ
373 4270 459 4318 Grabio
482 4269 653 4319 rescribendum
675 4270 768 4319 videtur
789 4260 844 4321 Κᾶν
881 4275 945 4319 extat
960 4265 1072 4328 τούτους.

290 4334 346 4404 γὰρ.
913 4333 937 4388 4.
950 4335 1223 4404 προςεαεξεργάζεοθαι
1232 4336 1278 4391 καλ
1288 4342 1444 4399 συνοικειοῦν

323 4408 348 4455 ¹2.
372 4401 400 4457 τδ
427 4404 483 4472 φῶς
508 4400 537 4456 τδ
562 4399 681 4470 κήρυγμα
704 4409 795 4456 restim
817 4421 847 4457 ετ
880 4409 995 4457 eodm.
1022 4402 1267 4474 προςεπεργοίζεσθαι
1276 4406 1444 4467 muhavia

291 4477 426 4525 ουτιοτῖισιι
442 4477 493 4524 cod.
510 4474 587 4522 Veneti
606 4479 627 4522 ιι
645 4475 691 4522 λιι.
708 4476 848 4536 mumma,
879 4476 963 4539 τιλίηιιι·
977 4478 1038 4526 libri.

292 4546 332 4607 qui
345 4543 412 4592 habet
424 4540 459 4594 εἰσ
472 4551 498 4593 et
510 4539 602 4602 lumen,
615 4539 767 4609 praedicatio
779 4542 848 4593 veri-
916 4545 940 4595 5.
954 4542 1097 4610 γενομένην,
1110 4546 1145 4595 uli
1154 4546 1253 4595 οσπτεῖλ
1261 4546 1350 4599 mutus
1359 4560 1446 4603 mn·

292 4610 351 4662 tatis
367 4615 417 4661 otu.
881 4614 938 4662 σωκ
953 4612 1001 4664 Vct.
1014 4614 1128 4677 λεῖμμα,
1143 4612 1213 4665 λοδιλ
1226 4614 1280 4665 σεδ.
1293 4616 1374 4669 Μ
