3046 5084
289 329 349 390 688
708 340 829 391 οκιεοτι
847 341 1016 391 κεινκκιειι

289 454 412 538 άπειλήν
438 458 607 541 διεξέρχεται
637 463 715 520 ὗτοῦ
737 458 888 541 λέγοντος,
916 454 950 521 ‘0
972 455 1013 538 μῆ
1033 464 1127 540 τιμῶν
1149 454 1202 522 τδν
1223 456 1291 524 υίδν
1309 456 1351 535 τίς
1369 466 1440 546 τιμᾷ

288 556 340 623 τδν
361 560 489 642 πατέρα,
511 555 532 641 ή
553 556 627 643 ύργή
649 566 703 623 τοῦ
724 565 799 623 θεοῦ
823 556 867 623 ἐπ’
890 556 981 623 αύτδν
1001 561 1088 641 μένει.
1122 556 1203 642 Ἤδη
1221 560 1253 625 δέ
1272 563 1305 625 έν
1320 568 1438 637 πολλοῖς

290 666 462 747 μαρτυρίαις
478 664 624 743 ἐδείξαμεν
642 659 694 726 τδν
710 663 761 727 ἕνα
775 659 845 726 ὅντα
860 660 949 739 θεάν,
973 658 1023 726 τύν
1038 664 1150 745 πατέρα
1166 669 1222 729 τσῦ
1236 667 1342 747 κυρίου
1353 660 1440 745 ῆμσῖν

286 761 383 845 Ἰησοῦ
403 771 547 849 Χριστοῦ,
571 762 688 849 άγαθδν
708 762 781 828 ὅντα
800 766 851 827 καὶ
872 762 990 848 α’γαθὸν
1011 763 1206 849 γεννήσαντα,
1228 762 1349 851 άγάπην
1369 764 1439 831 ὄντα

288 867 339 930 καλ
367 864 484 950 άγάπην
511 864 705 951 γεννήσαντα,
737 864 836 950 πηγήν
861 863 931 931 ύντα
959 868 1010 931 καί
1034 873 1111 949 ζωῆς
1137 864 1236 952 πηγῆν
1261 866 1440 952 γεννήσαντα

288 966 392 1053 (Παρά
409 969 456 1033 σοί
472 966 527 1053 γάρ
544 967 624 1054 πηγή
642 976 731 1049 ζωῆς,
754 971 845 1049 φησὶν
861 966 882 1050 ή
897 967 1025 1053 γραφή),
1048 967 1191 1051 άλήθειαν
1211 966 1284 1035 ύντα
1300 972 1353 1036 καί
1373 968 1440 1053 άλῆ-

288 1081 377 1134 θειαν
391 1072 582 1155 γεννήσαντα,
605 1078 671 1151 φῶς
687 1068 758 1136 ύντα
772 1073 823 1136 καὶ
837 1078 902 1151 φῶς
915 1069 1102 1155 γεννήσαντα,
1123 1069 1200 1154 ζωήν
1213 1070 1287 1137 ὄντα
1299 1074 1352 1137 καλ
1366 1070 1440 1155 ζωῆν

288 1171 481 1258 γεννήσαντα,
505 1171 639 1257 άνάργως
655 1176 704 1238 καλ
727 1171 831 1248 ύϊδίως
848 1175 898 1237 καὶ
915 1171 1055 1257 α’χρύνως.
1101 1175 1162 1238 Καί
1185 1172 1353 1261 έλῆλεγκται
1368 1172 1440 1241 κατά

289 1274 383 1339 πάντα
404 1273 426 1357 ῆ
446 1282 498 1340 τοῦ
515 1280 699 1361 Μαρκίωνος
719 1274 823 1357 πλάνη.

378 1376 497 1443 Τούτων
511 1382 611 1443 τοίνυν
625 1378 720 1453 οὕτως
734 1376 868 1459 ἐχόντων,
891 1382 943 1441 καί
958 1384 1011 1460 τῆς
1024 1375 1099 1442 κατά
1115 1385 1169 1443 τοῦ
1184 1376 1361 1455 άπατεῶνος
1374 1376 1441 1443 άνα·

169 1494 218 1538 νει·
232 1482 276 1526 ³²⁸·
291 1487 401 1564 τροπῆς
420 1478 469 1543 διά
491 1487 599 1562 πολλῆς
616 1482 667 1545 καὶ
684 1478 829 1563 άληθινῆς
845 1479 1010 1555 συστάσεως
1033 1482 1065 1545 έν
1086 1488 1149 1567 θεῷ
1171 1478 1243 1564 ήμῖν
1270 1489 1440 1568 θκατειργα-

290 1583 413 1665 σμένης,
443 1581 531 1648 πάλιν
555 1584 603 1648 έπλ
625 1580 660 1646 τά
685 1583 758 1664 έξῆς.
807 1580 921 1664 Ταύτης
944 1589 998 1664 τῆς
1018 1584 1085 1647 νυνὶ
1108 1579 1148 1658 οἷς
1169 1582 1296 1668 μεγάλης
1316 1582 1440 1661 άσπίδος

289 1689 561 1768 καταπατηθείσης,
584 1682 633 1749 διά
651 1691 703 1749 τοῦ
720 1682 873 1765 άψευδοῦς
892 1683 980 1770 λόγου
998 1691 1052 1749 τοῦ
1074 1692 1205 1769 σωτῆρος
1221 1692 1277 1752 τοῦ
1295 1686 1439 1765 είπύντσς,

290 1788 413 1853 Δέδωκα
426 1784 497 1868 ύμῖν
512 1796 613 1852 πατεῖν
629 1789 676 1852 ἐπὶ
693 1786 778 1869 ύφεις
793 1789 845 1851 καί
860 1790 909 1852 έπὶ
923 1793 1020 1851 πᾶσαν
1037 1785 1091 1869 τήν
1106 1786 1232 1869 δύναμιν
1245 1796 1303 1855 τοῦ
1317 1791 1439 1875 έχθροῦ,

288 1892 378 1972 ἴωμεν
392 1891 442 1955 καί
459 1888 512 1965 τάς
527 1897 585 1955 τῶν
602 1887 695 1955 ύλλων
709 1887 968 1973 ματαιοφροσύνας
981 1893 1153 1955 διασκοπεῖν
1165 1914 1196 1955 τε
1209 1892 1259 1957 κοιλ
1277 1894 1439 1979 διελέγχειν,

293 1992 544 2076 7ἐπικαλούμενοι
565 1989 639 2057 θεύν
660 1990 792 2075 βοηθόν,
815 1994 846 2057 έν
868 1990 977 2057 άπασιν
998 1990 1231 2075 ἐπικαλούμενοι.

620 2242 736 2311 ΚΑΤΑ
764 2242 1107 2327 ΛΟΥΚΙΑΝΙΣἸῺΝ,

456 2355 588 2451 εἰκοστή
615 2361 728 2455 τρίτη,
753 2356 777 2449 ῆ
801 2360 861 2431 καὶ
886 2354 1139 2455 τεσσαρακοστῆ
1164 2358 1270 2455 τρίτη.

373 2504 544 2581 Λουκιανός
558 2532 601 2582 τις
615 2503 736 2591 άρχνῖος
748 2544 790 2557 -
803 2502 858 2588 ούγ
870 2502 889 2570 ό
901 2512 957 2571 νῦν
970 2507 1001 2571 έν
1015 2503 1133 2591 χρόνοις
1145 2506 1375 2571 Κωνστυντίνου
1387 2510 1439 2569 τοῦ

288 2607 425 2691 γέροντος
441 2605 583 2692 γεγονολς,
607 2606 642 2673 δν
661 2610 755 2691 δῆθεν
771 2612 802 2672 οἱ
814 2606 960 2693 Ἀρειανολ
978 2610 1010 2674 έν
1030 2604 1174 2692 μάρτυσιν
1193 2608 1438 2691 ίπιφηφλζσντατ·

289 2700 325 2789 ῆν
339 2708 394 2795 γάρ
412 2711 464 2775 καί
477 2702 564 2786 οὗτος
580 2707 598 2775 0‘
616 2708 787 2786 Λουκιανύς
802 2708 988 2796 πρόςφατος,
1010 2712 1106 2793 φημί,
1127 2710 1316 2795 προςανίχων
1330 2716 1366 2799 τῆ
1382 2714 1440 2775 τάν

289 2808 444 2895 ’Λρειανιδν
461 2814 583 2898 αἱρέσει,
606 2815 674 2898 περὶ
693 2804 730 2877 ού
750 2810 872 2898 ύστερον
890 2815 921 2878 έν
937 2818 974 2902 τῆ
996 2810 1057 2877 κατ’
1079 2808 1171 2879 αύτδν
1189 2809 1345 2901 άνατρσπῆ
1362 2812 1439 2891 λέξο-

290 2939 357 2996 μεν,
379 2921 434 2979 νῦν
451 2916 482 2981 δέ
501 2914 577 3001 πρὸς
592 2913 643 2980 τδν
661 2917 815 3001 εἰρημένον
831 2914 953 3000 άρχαῖου
968 2912 1142 2981 Λουκιανδν
1158 2911 1343 2981 άποτείνεται
1360 2910 1439 2981 άλύ-

289 3042 355 3101 γος·
378 3009 467 3094 οὗτος
480 3016 535 3103 γάρ
552 3016 748 3101 συνεπόμενος
762 3025 802 3106 τῷ
819 3018 1022 3107 προειρημένῳ
1036 3021 1208 3103 Μαρτίωνι,
1228 3019 1283 3083 καλ
1296 3014 1358 3083 άπδ
1372 3004 1441 3083 τσύᾸ

289 3145 342 3185 του
366 3116 544 3202 άποσχίσας,
571 3122 622 3185 καὶ
649 3117 739 3196 αύτύς
763 3118 915 3206 άθροισμα
937 3122 1032 3208 έαυτῷ
1057 3118 1274 3205 ποιησάμενος,
1300 3120 1439 3205 dolum

287 3222 425 3307 προέστη,
448 3219 500 3303 άφ’
517 3215 609 3308 οὗπερ
625 3226 657 3288 οἱ
668 3225 881 3289 Λουκιανισταί
896 3220 1010 3308 άρχαῖοι
1025 3221 1211 3305 καλούμενοι
1241 3218 1329 3287 Κατά
1342 3218 1439 3287 πάντα

288 3325 340 3407 μέν
358 3317 411 3389 οὖν
433 3324 508 3390 κατά
523 3324 575 3391 τδν
593 3330 762 3409 Μαρκίωνα
778 3330 954 3411 δογματίζει,
980 3326 1138 3411 ικέχρηται
1160 3325 1193 3391 δέ
1209 3320 1252 3401 ὥς
1268 3320 1288 3389 ά
1303 3324 1348 3401 τίς
1360 3320 1439 3407 ῆμῖς

289 3425 385 3492 έλθιύν
407 3427 493 3514 λόγος
514 3432 564 3494 καλ
586 3426 607 3511 ῆ
627 3432 695 3512 περὶ
718 3427 811 3495 αύτοῦ
834 3432 968 3512 έμφασις.
1010 3426 1152 3513 Ἀρχαίων
1170 3424 1226 3515 γάρ
1251 3424 1368 3493 τούτων
1390 3422 1438 3493 ὅτ-
1477 3476 1480 3481 ·

289 3557 363 3609 των,
387 3532 436 3595 καί
453 3538 566 3596 θᾶττον
587 3534 863 3613 κατασβεσθέντων,
884 3531 1018 3617 δυςχερές
1033 3532 1181 3618 γεγένηται
1194 3526 1284 3613 ἡμῖν,
1306 3524 1350 3605 τάς
1370 3524 1439 3613 άλη-

288 3639 354 3707 θῶς
376 3634 453 3699 έστιν
476 3636 564 3714 ίδεῖν,
587 3632 684 3717 ῆκατ’
704 3632 811 3709 αύτούς
832 3637 945 3720 ἔρευνα.
982 3632 1023 3699 “A
1043 3632 1076 3699 δδ
1097 3630 1158 3699 άπδ
1176 3634 1289 3719 μέρους
1308 3632 1440 3717 Imm

288 3740 341 3800 τοῦ
363 3732 472 3815 αὐτοῦ,
494 3739 554 3802 έστι
575 3736 652 3803 τάδε.

375 3836 462 3903 Μετά
480 3838 513 3904 τύ
535 3846 676 3924 συστῆναι
694 3843 789 3923 δῆθεν
810 3842 908 3926 ἕτερον
926 3840 980 3921 μέν
1000 3836 1052 3905 τάν
1067 3834 1249 3925 δημιουργδν
1264 3838 1319 3905 nl
1336 3834 1440 3925 κριτήν

288 3942 339 4005 καί
360 3944 491 4021 δίκαιον,
513 3944 610 4027 ἕτερον
627 3946 722 4026 δῆθεν
739 3940 857 4029 άγαθδν
872 3939 1025 4021 ω’ςαύτως,
1044 3942 1097 4007 καί
1113 3942 1213 4027 ἕτερον
1227 3936 1281 4009 τδν
1294 3938 1440 4031 πονηράν,

289 4042 423 4128 βούλεται
447 4051 574 4127 χρῆσθαι
592 4047 641 4111 καί
661 4050 835 4131 μαρτυρίαις
850 4046 909 4109 τισλ
928 4042 1003 4110 κατά
1020 4041 1071 4109 τδν
1085 4046 1271 4127 Μαρτίωτα,
1291 4042 1370 4113 κατά
1386 4042 1441 4131 τῆν

289 4142 382 4210 αύτοῦ
402 4142 565 4225 ύπύνοιαν,
587 4144 646 4214 άπδ
664 4155 716 4231 τῆς
735 4156 795 4214 τῶν
812 4153 976 4235 προφητῶν
995 4152 1128 4233 γραφῆς,
1148 4146 1228 4229 φημλ
1243 4146 1278 4213 δδ
1290 4146 1345 4229 τά,
1367 4144 1439 4215 Μά-

287 4272 370 4323 ταιος
384 4245 402 4313 ὅ
417 4248 566 4317 δουλεύων
581 4255 674 4340 κυρίφ
681 4303 691 4331 ,
712 4252 764 4317 καί
777 4249 812 4316 τά
829 4250 992 4337 εἰρημένω,
1013 4246 1205 4333 Ἀντέστησσν
1217 4254 1285 4341 θεῷ
1297 4250 1353 4317 ul
1368 4246 1440 4319 Η-

288 4389 477 4509 ,κικεκ
503 4389 616 4511 και,
631 4389 740 4522 ’κεν
756 4392 847 4511 ιω
878 4382 1442 4523 εκεᾘκκθκωωέθτ

288 4528 339 4577 rari
352 4531 426 4589 μοιτίί
440 4530 546 4591 ιςυίδτυι
558 4544 605 4579 που
618 4530 702 4592 υίδως
719 4544 791 4595 neque
805 4528 845 4581 λέ·
878 4526 992 4579 τοιίίίοιῑ
1008 4532 1059 4581 ττίλ

287 4610 340 4662 γωι
361 4597 534 4648 moribundum
551 4612 601 4649 ωτι
622 4602 738 4661 apparet,
761 4612 845 4661 ονσιπ·
