3046 5084
405 348 539 399 rinnau
557 349 622 401 cru
634 350 655 402 r.
669 350 752 402 rou.
764 351 796 402 u.
813 350 912 402 ussa.
926 349 1015 402 xxx.
1224 341 1285 406 tet

143 470 270 554 pudisnt,
293 477 355 532 ets
369 466 432 531 suis
444 465 626 550 dogmatibus
640 477 728 550 etque
742 467 901 551 apostolico
914 470 965 532 illo
979 470 1149 534 charactere
1160 471 1285 535 alienun

141 571 284 649 iudicant,
307 572 336 634 id
358 569 434 654 quod
457 566 614 648 uuicuique
634 566 818 651 perspicuum
839 578 897 631 est.

224 669 310 755 Quod
331 692 405 737 vero
425 670 462 732 ad
486 667 602 730 beatam
621 662 746 731 Paulum
766 667 885 743 attinet,
915 667 945 730 in
968 689 1052 751 quem
1072 670 1112 732 illi
1132 673 1283 736 meledicta
1320 679 1379 745 cap.

140 775 314 852 conficiunt,
344 772 436 835 multa
454 791 472 833 a
491 788 538 831 me
557 767 777 831 commemorari
797 781 930 852 possunt.
977 766 1120 854 imprimis
1139 770 1283 837 Graecum
1308 747 1393 797 xxv·

141 876 220 939 illum
240 875 348 951 inisse,
379 882 466 954 atque
482 889 523 933 ex
538 869 695 953 gentilibus
713 869 865 932 amandum
882 871 1066 956 praedicant,
1099 883 1200 956 postea
1216 895 1289 937 vero

141 977 321 1062 proselytum
336 993 404 1037 esse
420 974 537 1035 lactum.
576 967 688 1033 Verum
703 970 820 1054 quinam
836 971 892 1033 ista
908 974 1097 1051 conveniunt,
1122 994 1186 1037 cum
1204 975 1240 1037 de
1254 994 1288 1039 se

141 1078 184 1141 ita
198 1076 366 1160 scripserit,
391 1075 535 1136 Hebraeus
546 1094 584 1134 ee
597 1073 743 1146 Iledrues’s,
763 1095 780 1133 c
793 1077 896 1134 semdae
909 1075 1055 1149 Atratus,
1079 1079 1113 1137 de
1126 1078 1203 1137 mola
1215 1081 1287 1137 Ben-
1299 1087 1357 1132 reri.
1366 1088 1394 1144 u,
1406 1089 1426 1131 s.

143 1183 246 1252 mmsis,
277 1180 427 1238 meandum
447 1178 536 1254 legem
557 1177 742 1247 Pdunlsueus,
774 1176 962 1235 abundantius
983 1180 1139 1238 aemulator
1164 1183 1288 1240 emireus

141 1292 324 1361 pureramnm
346 1297 467 1339 samum
496 1280 686 1337 mammonam.
734 1273 811 1338 Tum
836 1275 894 1338 alio
916 1276 1000 1339 locos
1035 1281 1182 1339 Isrcsdtae
1205 1291 1282 1347 suat.

144 1392 174 1442 et
186 1402 250 1460 ego,
271 1401 361 1442 mmm
373 1380 509 1440 Admdue
520 1389 598 1451 sunt,
618 1389 649 1438 et
661 1398 723 1456 ego.
765 1376 855 1440 attis
872 1389 991 1462 posteat
1011 1383 1192 1440 Circumcisae
1208 1392 1285 1441 octo-
1298 1394 1322 1488 pl
1328 1394 1380 1490 epp.

143 1505 176 1544 nu
198 1486 258 1555 de‘e,
289 1492 319 1543 et
337 1483 470 1541 educutm
491 1483 531 1540 ud
547 1481 635 1559 pedes
657 1481 834 1553 emanent,
866 1491 896 1541 et
915 1482 1060 1541 Hebraeus
1077 1503 1115 1542 er
1135 1483 1281 1543 Hebraeis.
1325 1477 1332 1501 ’

142 1580 220 1646 Proh
240 1581 417 1645 letiferornm
436 1579 613 1662 serpentium
632 1580 798 1643 mortiferos
812 1581 955 1663 gemitus,
986 1601 1020 1643 ac
1037 1582 1154 1645 sibilosl
1188 1603 1288 1647 oser·

142 1684 236 1749 monis
248 1680 410 1746 inanissimi
425 1681 507 1744 virus
522 1678 676 1743 scertnmt
711 1675 805 1743 Cuius
821 1702 877 1764 ego
894 1682 1060 1746 testimonio
1076 1693 1155 1746 stare
1172 1684 1288 1769 potissi-

140 1807 216 1848 mum
231 1784 343 1848 debeo?
384 1780 521 1858 Ebionis,
544 1781 666 1863 eiusque
681 1780 816 1843 factionis
832 1781 989 1863 hominurn,
1012 1806 1049 1848 sn
1067 1783 1147 1847 Petri
1166 1786 1241 1848 huuc
1256 1787 1284 1849 iu

140 1887 256 1950 mudum
278 1884 441 1969 loquentis:
474 1885 705 1960 Quemadmodum
722 1887 839 1961 scripsit
855 1886 930 1944 coln
942 1887 1042 1966 frater
1056 1899 1151 1947 noster
1166 1891 1439 1961 Portunamnetu.

140 2011 212 2070 pune
225 1992 286 2050 eius
302 1988 386 2048 umba
400 1987 544 2066 profunda
558 1994 641 2056 suat,
671 1985 866 2064 maeatasque
880 1987 1026 2066 diffiditis,
1057 2008 1129 2065 quae
1143 1991 1250 2048 sinduald
1261 2001 1290 2048 et

140 2091 285 2151 instabiles
301 2110 356 2168 per
375 2109 454 2148 suum
471 2089 660 2164 ignorantium
680 2087 855 2164 depranam?
897 2082 957 2148 Sed
980 2097 1010 2148 et
1027 2083 1136 2148 Paulus
1160 2087 1288 2151 vicissim

140 2191 177 2253 de
193 2186 283 2252 Petro
297 2199 422 2252 testatur
439 2186 484 2249 his
500 2185 615 2249 verbis:
638 2185 823 2258 ttrlceotns,
847 2197 876 2246 et
890 2191 1022 2259 lomnes,
1046 2198 1075 2247 et
1090 2191 1212 2267 Capias,
1237 2194 1375 2268 qur'ttstsu
1386 2200 1407 2254 t,
1419 2197 1440 2241 s.

141 2292 306 2353 mdeduatur
320 2312 381 2352 esse
394 2292 547 2361 columnae,
570 2291 687 2348 dommus
698 2291 836 2349 dederunt
848 2290 920 2348 midi
930 2299 961 2349 et
972 2289 1120 2349 Boruudce
1132 2294 1285 2351 socaetcts's.

141 2389 227 2475 Quod
244 2412 318 2455 vero
334 2389 515 2454 Tarsensem
534 2408 567 2452 se
585 2388 675 2452 luisse
694 2398 810 2466 narrat,
841 2387 919 2451 nulla
939 2389 1049 2452 idcireo
1067 2409 1170 2452 vooom
1190 2400 1289 2473 capta-

141 2494 252 2558 toribus
268 2493 304 2555 sd
319 2512 401 2554 suam
418 2491 620 2573 fautorumque
635 2510 754 2554 sucrum
771 2489 929 2574 perniciem
945 2511 981 2554 ea
999 2510 1032 2554 re
1050 2491 1185 2554 abutendi
1205 2492 1289 2554 datur

139 2595 268 2660 occasio.
311 2591 390 2656 Nem
414 2601 444 2655 et
466 2589 651 2670 Bersabora,
682 2590 731 2675 qui
751 2588 857 2691 lpseph
881 2603 969 2656 antea
989 2593 1100 2671 dictus,
1134 2590 1288 2657 Bannabas

140 2707 242 2782 postes
256 2695 491 2771 nominatorem,
514 2694 590 2777 quod
604 2713 710 2756 nomen
724 2693 932 2757 consolationis
946 2694 1035 2758 lilium
1048 2696 1203 2779 significat,
1226 2693 1286 2759 Le·
1300 2713 1375 2766 sess,
1384 2710 1417 2753 su.

140 2799 231 2862 sitam
255 2797 346 2860 inisse
369 2797 461 2859 reiert
481 2792 607 2878 (Lucas)
627 2814 739 2878 genere
760 2791 928 2879 Cyprium„
961 2794 1069 2880 -Neqne
1094 2808 1190 2863 tuanen
1211 2797 1287 2883 quod

140 2897 270 2985 Cyprius
286 2909 377 2978 esset,
398 2918 437 2962 eo
449 2896 545 2960 miuus
559 2916 577 2959 e
592 2895 669 2960 tribu
683 2893 818 2961 Levitica
834 2896 908 2967 snit„
939 2895 1030 2961 Velut
1046 2900 1195 2983 spostolus
1211 2898 1288 2965 Pso-

140 3002 203 3079 lus,
235 2999 305 3063 licet
327 2999 426 3062 Tarso
450 2999 589 3062 oriundus
611 3007 709 3076 esset,
740 2999 776 3060 ab
797 2995 959 3062 lsraelitica
977 3009 1066 3082 gente
1088 3002 1204 3065 minime
1222 3013 1287 3066 erat

140 3101 264 3166 alienus.
310 3097 386 3165 Cum
407 3099 485 3164 enim
506 3099 560 3163 sud
580 3098 729 3162 annocho
750 3097 918 3184 Epiphane,
950 3101 1073 3185 aliisque
1096 3103 1285 3188 temporibus,

139 3204 243 3289 quilius
265 3202 372 3266 bellum
393 3212 567 3280 exarserat,
600 3200 731 3285 plerique
758 3221 811 3286 per
831 3201 1025 3286 captivitatem
1049 3204 1288 3286 obsidionemque

138 3304 264 3391 dispersi
280 3306 393 3382 iurent,
417 3302 524 3388 captivi
542 3302 656 3387 quidem
674 3301 764 3366 certis
781 3301 853 3367 locis
871 3305 1076 3368 constiterunt.
1121 3305 1162 3368 At
1179 3305 1227 3388 qui
1244 3306 1289 3366 vi-

140 3409 245 3472 tandae
264 3406 425 3470 obsidionis
448 3425 554 3469 caussa
577 3405 730 3489 ingerant,
761 3427 819 3490 quo
836 3405 959 3490 quisque
975 3406 1090 3469 deletus
1106 3409 1217 3482 luerat,
1247 3405 1288 3469 ibi

140 3510 309 3574 commorati
326 3519 412 3586 sunt,
436 3505 476 3570 uti
497 3507 533 3570 de
550 3504 713 3571 israelitico
730 3509 836 3592 populo
854 3507 968 3571 dicebat
988 3506 1167 3585 Hieremias,
1192 3507 1237 3570 cni
1255 3518 1288 3571 ut

140 3621 209 3675 suto
224 3611 338 3675 hesum
355 3613 468 3694 fugeret
483 3629 624 3694 persaepe
639 3609 772 3692 eondgit
817 3613 860 3682 Si,
885 3609 990 3692 inquit,
1012 3613 1051 3669 ud
1066 3613 1199 3670 Cottonara
1211 3611 1288 3672 odie·

139 3718 198 3788 rr’s,
220 3734 272 3775 aee
294 3716 356 3774 otd'e
370 3717 479 3793 quedem
501 3716 619 3793 quietem
639 3713 762 3772 tultela’s⁸
808 3708 906 3774 Nemo
924 3719 1021 3772 antem
1039 3709 1158 3793 ignorat
1178 3706 1286 3775 Citium

139 3811 316 3900 Cypriorum
335 3814 458 3878 insulam
478 3813 627 3897 appellari.
671 3809 749 3876 Nam
769 3808 913 3876 Citicrum
935 3811 1051 3874 nomine
1073 3808 1174 3896 Cyprii
1193 3814 1287 3876 cond·

140 3927 248 3981 nentur
265 3926 295 3979 et
312 3914 431 3978 Rhodii.
477 3912 540 3977 lmo
561 3924 592 3978 et
612 3915 641 3977 iu
660 3912 836 3977 Macedonia
855 3909 1032 3997 Cypriorum
1057 3924 1089 3976 et
1105 3911 1285 3976 Rhodiorum

139 4037 232 4102 genus
247 4017 399 4094 habitavit,
420 4017 496 4079 unde
512 4027 543 4078 et
557 4016 729 4079 Alexander
742 4013 866 4078 Macedo
883 4014 1026 4098 prodiisse
1041 4015 1155 4079 dicitur.
1201 4015 1287 4098 Quae

140 4140 244 4184 caussa
270 4129 317 4183 est
341 4140 394 4182 cur
415 4118 444 4181 iu
466 4115 711 4181 Maccahaeorum
734 4117 817 4179 libris
838 4116 976 4201 seriptum
1000 4117 1074 4181 site
1098 4114 1283 4181 Cittiensinm
1299 4140 1317 4182 1.
1326 4136 1398 4181 stane.
1407 4132 1424 4173 r.

139 4231 218 4284 terra
240 4242 333 4306 gersus
351 4221 492 4304 quoddam
512 4239 579 4281 esse
600 4228 798 4303 propagatum.
842 4215 920 4280 Nam
940 4239 957 4281 e
976 4217 1157 4283 Graecorum
1176 4240 1286 4303 gernere

138 4322 311 4387 Alexander
326 4335 420 4384 ortum
433 4330 597 4404 acceperat.
631 4317 740 4382 Verum
755 4319 888 4404 quoniam
904 4318 1009 4384 iterum
1025 4323 1186 4386 narrandae
1203 4321 1286 4386 huius

136 4490 181 4537 pro
194 4475 389 4539 διασπαρέντων,
405 4476 467 4538 qnod
481 4476 564 4524 uitium
575 4474 604 4522 de
616 4477 696 4523 oucu-
729 4532 744 4554 η
761 4470 786 4524 3.
804 4470 863 4525 ἔνθα
880 4477 930 4525 cod.
947 4477 1041 4539 fldedip.
1057 4482 1078 4526 et
1092 4478 1167 4527 editus
1182 4482 1284 4539 uterque.

138 4546 207 4595 ritate
223 4545 275 4594 eud
294 4545 368 4595 tutte.
384 4545 476 4594 sustnts't
493 4544 610 4594 Petuntur.
729 4557 791 4596 canu
808 4545 858 4592 cod.
877 4545 949 4594 Vetto.
