3046 5084
386 343 519 395 rauautt
536 345 772 399 ete.t.rott.1r.
789 348 887 399 uasa.
899 348 999 399 xxix.
1203 334 1262 395 233

210 459 266 526 Hie
281 463 358 525 enim
374 461 490 546 losepbi
506 482 544 525 ex
560 464 616 527 alia
633 465 686 527 init
700 486 784 548 quan
793 464 889 528 Maria
904 468 1026 548 onniuge
1044 465 1130 543 lilius,
1146 465 1172 527 id
1187 466 1262 548 quod
1282 479 1342 546 cip.
1354 479 1397 529 tv.

128 563 254 648 piuribns
271 563 344 627 loeis
367 584 384 625 a
407 583 454 624 me
476 575 731 627 eommemoratum
753 575 799 626 est
820 568 1057 647 manifestiusque
1078 565 1261 649 disputatum.

129 662 296 747 Quinetiam
311 686 328 727 e
346 662 469 726 Desidia
483 683 592 746 genere
611 675 797 747 propagatum
816 665 893 726 ilium
910 667 1082 746 reperimus,
1106 676 1203 749 utpote
1218 664 1264 728 lu-

127 766 208 848 saphi
233 767 339 840 litium,
362 764 542 846 eundemque
559 762 758 828 Nazaraeum.
801 763 880 827 Nam
902 763 1016 847 iosephi
1044 765 1199 827 liberorum
1221 767 1266 828 hie

128 867 238 952 primus
254 887 288 928 ae
306 875 497 927 eonsecratus
516 864 581 927 tnta.
626 862 690 927 lmo
707 876 737 928 et
760 867 898 929 sacerdos
921 886 960 928 ex
980 867 1091 928 veteris
1113 866 1187 927 iliius
1210 866 1267 928 ritu

128 966 287 1031 saeerdotii
305 965 395 1029 luisse
410 965 586 1049 perhibetur.
619 964 816 1048 Quamobrem
835 968 926 1029 semel
943 967 969 1029 ei
987 967 1140 1049 quotannis
1157 966 1185 1028 iu
1201 987 1269 1028 san·

129 1081 176 1131 eta
193 1078 360 1130 sanaturum
374 1087 544 1129 eoncessum
562 1077 608 1129 est
622 1066 753 1150 ingredi,
777 1071 1013 1151 quemadmodum
1034 1068 1153 1130 summis
1169 1087 1268 1129 saeer-

129 1170 245 1232 dotibus
260 1168 325 1251 lege
342 1188 407 1231 esse
423 1168 629 1252 praescriptum
647 1190 664 1231 e
679 1171 772 1232 saeris
785 1170 879 1232 literis
898 1170 1060 1232 didicimus.
1102 1166 1186 1251 Quod
1205 1168 1267 1251 qni-

130 1272 194 1333 dem
213 1271 249 1332 de
266 1266 371 1331 lauubo
389 1267 515 1353 plerique
539 1280 607 1331 ante
629 1290 684 1332 nos
706 1271 863 1334 memoriae
882 1272 1086 1353 prodiderunt,
1119 1283 1151 1332 nt
1172 1269 1267 1332 Euse-

128 1372 212 1448 bius,
240 1367 376 1435 Clemens
399 1368 509 1432 etalii.
554 1367 614 1433 Sed
638 1381 669 1434 et
693 1371 839 1434 bracteam
863 1373 956 1434 eidem
980 1372 1009 1434 in
1034 1371 1128 1455 eapite
1151 1382 1267 1452 gestare

129 1473 247 1536 licuisse
262 1491 333 1555 quus
350 1469 482 1553 proxime
502 1473 648 1534 nominari
671 1472 768 1536 idonei
787 1473 945 1558 scriptores
967 1475 1183 1536 commentariis
1205 1475 1267 1536 suis

129 1584 262 1638 termium
279 1571 468 1655 reliquerunt.
512 1569 671 1653 Quoeirea,
695 1578 843 1648 Sacerdos,
870 1576 909 1637 uti
926 1575 1065 1650 diximus,
1088 1579 1167 1635 lesus
1183 1578 1264 1634 Chri·
1277 1588 1409 1643 tressera

130 1689 190 1737 atus
202 1680 328 1737 doram
348 1686 444 1735 noster
465 1678 495 1734 in
512 1686 655 1735 uelorum
668 1677 743 1755 fuit,
767 1681 915 1737 nectendum
931 1681 1054 1738 ordrirem
1069 1679 1262 1748 Melchisedec,

126 1776 258 1859 idemque
278 1796 335 1839 rex
355 1775 514 1838 seeundum
539 1774 719 1857 superiorem
747 1797 782 1838 ao
801 1778 957 1839 coetestem
976 1777 1124 1853 ordinem,
1157 1788 1187 1839 ut
1208 1799 1266 1839 una

126 1900 190 1942 enm
207 1879 273 1960 iege
288 1875 483 1939 moerdotium
502 1876 686 1936 transferret.
732 1873 800 1938 Fuit
817 1897 888 1938 reru
906 1890 1023 1961 propter
1044 1876 1082 1940 B.
1103 1876 1227 1940 hiarium
1249 1899 1266 1940 e

125 1977 247 2043 Daridis
262 1978 404 2041 oriundus
423 1977 531 2059 stirpe,
555 1985 641 2057 atque
663 1975 691 2037 in
715 1978 806 2057 regali
826 1979 899 2039 solio
916 1982 995 2039 sedet
1009 1985 1038 2040 iu
1057 1991 1215 2051 aaronem,
1240 1992 1269 2039 et

127 2086 212 2161 regei
224 2085 303 2143 illius
316 2101 371 2140 uon
386 2080 531 2157 eritfiuei.
563 2074 708 2138 Nimirum
727 2080 886 2140 musterus
902 2079 979 2140 iilum
999 2101 1056 2140 nou
1073 2079 1168 2141 miuus
1185 2081 1267 2160 regni

127 2204 211 2267 quana
230 2179 387 2246 sacerdotii
403 2177 533 2240 ordinem
548 2176 690 2260 oportuit3
722 2179 908 2261 quippedum
928 2180 989 2241 eins
1009 2200 1128 2261 regnum
1151 2180 1267 2241 minime

128 2306 169 2348 ex
182 2284 239 2346 buo
253 2282 360 2344 mundo
380 2281 430 2357 sit,
451 2289 484 2341 nt
499 2276 607 2341 Pontio
621 2276 716 2341 Pilato
732 2278 763 2341 in
780 2281 932 2361 evangelio
949 2280 1134 2364 respondisse
1157 2282 1263 2342 fertur:

126 2391 250 2466 Regnum
273 2404 360 2444 areum
381 2403 437 2442 uon
458 2392 501 2441 est
516 2384 552 2441 de
565 2384 618 2441 hoe
631 2385 741 2442 mundo.
789 2377 864 2444 Cum
888 2383 964 2443 enirn
984 2379 1118 2445 Christus
1137 2381 1190 2443 sub
1206 2381 1266 2462 qui-

126 2488 248 2551 busdam
268 2485 461 2567 aenigmatum
482 2482 641 2544 iuroiueris
662 2482 799 2545 universa
824 2484 1002 2567 compleret,
1034 2483 1108 2565 quod
1129 2482 1266 2544 hacteuus

127 2589 285 2673 gerebatur
307 2605 359 2669 par
379 2584 431 2647 init
454 2584 550 2667 aliquo
575 2594 660 2646 tenus
683 2583 849 2668 pervenire.
893 2583 1000 2668 Neque
1016 2604 1088 2646 vero
1108 2584 1173 2645 ideo
1189 2584 1269 2645 vetnit

127 2701 160 2753 ut
175 2691 222 2773 qui
237 2696 392 2770 regnasset
408 2686 547 2749 haetenus
566 2684 711 2768 imperare
728 2708 814 2769 porro
833 2698 984 2770 pergeret,
1009 2687 1060 2749 sed
1078 2685 1114 2746 iis
1132 2705 1265 2766 reguum,

129 2812 201 2875 quus
216 2790 409 2853 constituerat
423 2786 485 2872 ipse
500 2787 649 2870 dilargitus
664 2797 722 2866 est,
746 2809 783 2850 ne
799 2809 814 2848 a
831 2788 991 2851 unirroribus
1006 2789 1139 2871 progredi
1156 2788 1190 2849 ad
1206 2808 1267 2849 ma·

128 2893 194 2956 iura
207 2892 263 2954 diei
279 2890 381 2974 possit.
402 2893 512 2950 ·Monet
527 2893 627 2969 quippe
638 2893 717 2950 sedes
730 2892 818 2961 attius,
837 2902 865 2950 et
878 2895 964 2968 regui
977 2895 1037 2950 eries
1051 2912 1106 2950 nou
1120 2894 1176 2950 erit
1179 2892 1264 2969 stari,

130 3003 216 3076 atque
240 2993 271 3055 in
292 2990 413 3054 Doridis
442 2990 517 3054 solio
539 2990 687 3066 eonaidet,
721 3001 874 3074 propterea
898 2991 972 3074 quod
997 2989 1119 3053 Doridis
1147 3011 1267 3072 reguum

130 3093 294 3171 transtulit,
318 3092 403 3175 idque
416 3092 509 3176 ipsum
527 3113 584 3154 una
599 3113 664 3154 euru
679 3093 846 3176 pontificatu
862 3091 957 3155 serris
975 3093 1036 3154 suis
1054 3091 1189 3168 indulsit,
1215 3090 1268 3151 itou

130 3207 175 3260 est
189 3194 349 3259 catholicae
371 3193 515 3256 ecelesiae
538 3192 731 3277 puntihoibus.
778 3190 837 3257 Sed
861 3194 950 3255 multa
967 3195 1001 3257 de
1025 3214 1060 3256 ea
1079 3215 1112 3257 ra
1128 3192 1268 3273 disputari

127 3307 260 3382 possunt.
306 3293 451 3378 Quoniam
468 3315 541 3357 vero
559 3295 593 3358 ad
614 3315 679 3357 euur
699 3295 794 3358 loenm
818 3296 926 3379 delapsi
950 3317 1050 3359 snmus
1072 3306 1104 3357 ut
1122 3293 1268 3355 reddenda

127 3420 229 3463 eanssa
246 3398 330 3461 uobis
344 3407 423 3460 esset
436 3418 489 3459 our
504 3398 524 3459 ii
540 3395 588 3480 qui
600 3392 718 3461 Christo
733 3418 838 3459 numen
853 3398 994 3460 dederant
1009 3396 1173 3480 priusquam
1184 3390 1269 3456 Chri·

128 3502 287 3565 stianorum
307 3520 412 3561 numen
432 3510 532 3562 essent
553 3498 648 3582 adepti
670 3495 782 3562 lessaei
800 3509 993 3574 vocarentur,
1024 3496 1132 3557 ideireo
1158 3495 1268 3557 monui-

128 3624 193 3666 mus
207 3600 355 3665 lessaenm
376 3598 498 3664 Doridis
517 3611 627 3683 putrem
644 3600 746 3664 tuisse.
782 3600 844 3662 Aut
860 3600 896 3662 ab
911 3599 961 3660 iilo
977 3597 1066 3680 igitur
1082 3592 1194 3673 lassae,
1218 3609 1268 3660 aut

128 3700 228 3768 elesa
248 3698 357 3766 Christi
377 3703 483 3764 domini
501 3703 591 3765 nostri
609 3701 800 3785 appellatione
815 3699 1000 3764 lessaeorum
1016 3718 1120 3760 nomeu
1137 3698 1267 3762 obtinue-

126 3816 212 3884 runt,
236 3804 310 3887 quod
331 3803 366 3865 ab
385 3800 452 3866 lesu
470 3804 621 3888 disciplina
639 3803 779 3888 prol'eoti,
804 3802 991 3884 eiusdemque
1008 3798 1137 3880 discipuli
1154 3801 1265 3878 lorent3

128 3917 179 3970 aut
196 3906 264 3970 iilud
287 3905 410 3987 denique
433 3925 472 3967 ex
494 3906 643 3968 notatione
662 3907 724 3989 ipsa
744 3903 886 3980 nominis,
918 3924 974 3984 quo
992 3902 1123 3965 domiuus
1146 3913 1266 3965 vocatus

129 4018 185 4086 est,
208 4007 349 4091 originem
366 4007 488 4090 aceepit.
520 4004 605 4069 lesus
623 4006 699 4069 enim
716 4004 863 4068 Hebraioe
879 4014 1053 4082 curatorem,
1077 4005 1131 4068 hoe
1148 4015 1193 4066 est
1208 4025 1267 4066 me·

128 4110 221 4173 diuum
240 4130 276 4171 ae
293 4118 492 4184 servatorem,
516 4108 670 4191 signifieat.
716 4105 859 4189 Quicquid
878 4106 932 4184 sit,
956 4119 1067 4172 onustat
1086 4129 1121 4169 eu
1137 4106 1265 4183 nomine,

128 4212 300 4295 priusquam
312 4205 472 4272 Christiani
485 4219 679 4283 vocarentur,
704 4207 863 4292 appellatos
885 4207 985 4272 inisse.
1028 4214 1125 4292 Atque
1142 4207 1177 4270 ab
1196 4207 1267 4270 urbe

128 4315 241 4375 demum
261 4311 434 4386 Aritioebia,
465 4311 504 4372 uti
525 4331 611 4394 supra
635 4310 834 4387 meminimus,
865 4310 993 4396 adeoque
1011 4313 1073 4396 ipsa
1098 4311 1140 4372 rei
1160 4308 1268 4372 veritas

129 4415 307 4498 comprobat,
331 4435 394 4476 utrm
411 4411 541 4494 discipuli
558 4411 625 4496 ipsi,
650 4422 709 4474 tum
727 4413 820 4475 omnis
838 4413 960 4477 ecelesia
976 4414 1022 4478 dei
1035 4409 1267 4476 Clitistiauururu

129 4514 269 4581 voeabula
291 4515 510 4600 comprehensa.
