3046 5084
392 308 526 359 radant}
544 308 606 360 ΠΒ.
622 310 642 363 l.
657 311 740 362 Tou.
751 312 783 362 ll.
799 312 898 363 HAER.
910 315 1006 364 XXVI.
1211 307 1271 368 195

122 431 340 501 damasec,
363 432 430 508 queit
445 396 671 507 premam-fidem
687 434 798 492 abritum
813 433 965 512 secernat.-
988 434 1096 495 nubam
1111 440 1217 515 a‘gitm
1242 452 1271 499 et

117 530 198 608 fib'os
208 541 376 608 procreem,
400 540 505 589 mames
518 531 650 610 familias
665 541 758 591 suam.
805 527 879 594 Cara
898 553 968 615 ergo
986 554 1141 619 procreare
1159 538 1268 602 liberos

122 649 157 691 ac
176 629 302 693 familiae
320 649 460 714 praeesse
484 629 585 692 iubeat
599 630 767 712 apostolos,
797 630 846 692 isti
865 651 937 694 vero
956 654 972 695 a
990 635 1175 718 susceptione
1198 640 1269 702 libe-

121 751 220 794 rorum
237 730 433 805 abhorreant,
457 730 543 814 plane
563 730 617 792 boc
633 750 652 792 a
667 741 812 795 venenato
830 745 967 815 serpente
984 735 1166 819 pessimaque
1184 740 1270 802 disci-

120 832 196 917 plina
213 833 326 896 lacinus
347 832 509 915 proiectum
527 843 584 895 est.
629 829 707 895 Dum
726 833 802 895 enim
822 833 969 896 libidinum
990 856 1108 898 suarum
1128 839 1269 923 voluptati

120 934 323 1008 succumbunt,
342 943 439 994 certas
454 933 509 996 sibi
524 934 782 1018 perpetrandorum
798 935 971 1017 flagitiorum
986 939 1157 1003 occasiones
1172 963 1270 1006 arces-

119 1047 206 1112 sunt,
231 1056 289 1117 quo
305 1034 466 1096 effrenatae
488 1055 558 1097 suae
575 1034 722 1120 cupiditati
739 1056 773 1097 ac
793 1035 927 1098 luxuriae
944 1039 1140 1103 satisfaciant.
1187 1040 1268 1108 Sane

118 1137 167 1199 illa
184 1136 282 1199 omnia
306 1155 344 1197 ne
360 1136 579 1199 commemorari
603 1137 716 1220 quidem
741 1137 912 1220 oportebat,
946 1160 1040 1223 neque
1058 1141 1144 1204 ullam
1165 1164 1266 1208 eorum

119 1240 149 1301 in
166 1236 283 1320 scriptis
299 1247 403 1300 extare
424 1238 603 1316 memoriam,
628 1239 678 1302 sed
696 1249 833 1321 tanquam
849 1240 956 1301 mortui
972 1242 1099 1304 cadaver
1115 1246 1214 1307 loctidi
1232 1268 1266 1312 ac

119 1338 250 1422 pestiferi
276 1339 423 1402 cuiusdam
447 1339 558 1402 efflatus
580 1338 610 1401 in
633 1340 799 1424 sepulerum
820 1340 924 1418 abiioi,
954 1362 992 1404 ne
1016 1343 1063 1406 vel
1079 1345 1177 1408 auditu
1200 1348 1265 1431 ipso

118 1441 281 1503 mortalium
297 1439 399 1523 generi
416 1439 575 1524 perniciem
592 1440 723 1504 afferret.
762 1439 804 1503 Et
820 1443 935 1524 quidem
954 1443 980 1506 si
997 1465 1032 1507 ea
1049 1447 1163 1529 penitus
1179 1471 1264 1533 prae·

118 1542 237 1605 terissct
252 1541 394 1619 haeresis,
411 1562 506 1626 neque
520 1543 551 1605 iu
566 1543 673 1606 mundo
686 1555 857 1627 superesset
869 1545 1003 1628 amplius,
1021 1548 1139 1631 sepeliri
1155 1572 1263 1634 operae

118 1642 239 1726 pretium
255 1653 334 1721 erat,
359 1663 453 1727 neque
476 1642 561 1706 ullam
579 1644 643 1707 eius
661 1645 839 1706 mentionem
857 1646 930 1710 beri.
973 1646 1062 1711 Nunc
1082 1671 1147 1714 cum
1170 1665 1198 1716 et
1216 1674 1263 1717 re·

119 1765 189 1808 vcra
203 1745 288 1808 bodie
304 1745 354 1822 sit,
378 1756 408 1808 et
424 1746 510 1807 lactis
526 1744 597 1828 ipsis
612 1746 812 1828 exprimatur,
836 1767 940 1830 meque
957 1770 1011 1812 vos
1029 1760 1060 1813 ut
1076 1753 1112 1815 dc
1127 1755 1261 1819 omuibus

113 1845 239 1909 dicerem
259 1846 365 1910 bortati
383 1846 508 1922 fueritis,
533 1844 628 1929 aliqua
647 1846 723 1907 illam
740 1867 780 1908 ex
797 1858 877 1929 parte
896 1859 1015 1911 coactus
1033 1872 1050 1913 a
1066 1853 1150 1917 vobis
1165 1856 1258 1940 attigi,

112 1960 331 2032 desusceptum
350 1948 485 2010 veritatis
506 1947 632 2009 studium
652 1948 898 2030 praetermittam,
929 1950 980 2011 sed
1000 1952 1027 2013 id
1046 1974 1131 2016 omne
1154 1958 1257 2039 partim

111 2052 146 2114 ad
167 2052 281 2134 eosqui
300 2050 444 2113 audierint
461 2049 670 2126 deterrendos,
701 2047 805 2132 partim
830 2049 864 2110 ad
887 2052 1003 2132 eosqui
1022 2053 1077 2115 ista
1092 2068 1261 2140 perpetrant

110 2153 219 2237 pudore
238 2153 406 2216 afficiendos
422 2171 579 2235 exponam.
611 2147 696 2230 erae
711 2149 788 2212 enim
805 2150 944 2232 probandi
961 2153 1036 2215 ratio
1052 2165 1109 2232 est,
1130 2178 1185 2239 qna
1200 2180 1259 2222 non

109 2254 137 2317 id
156 2256 270 2318 efficere
291 2254 435 2339 possimus
458 2251 611 2336 parricidia
635 2251 685 2314 illa
710 2251 904 2333 immaniaque
921 2272 995 2332 quae
1017 2254 1053 2315 ab
1075 2256 1112 2318 iis
1128 2261 1259 2322 commit·

111 2367 211 2420 tantur
227 2357 359 2433 scelera,
384 2356 509 2437 malique
527 2354 676 2416 daemonis
695 2354 767 2416 ritus
784 2374 819 2415 ac
838 2354 1038 2432 ceremonias,
1064 2357 1194 2422 eiusdem
1215 2361 1259 2423 iu·

109 2460 217 2523 stinctn
240 2457 392 2522 daemonis
415 2457 534 2520 furiosis
555 2456 613 2519 illis
636 2477 670 2518 ac
694 2454 869 2518 vecordibus
892 2457 1050 2520 constituta
1074 2458 1187 2523 luisse?

186 2562 277 2646 Atqui
293 2559 415 2643 primum
433 2557 500 2621 illud
516 2559 612 2621 statim
630 2559 705 2642 quod
719 2558 773 2621 sibi
792 2557 913 2640 lingunt,
930 2568 1016 2641 atquc
1032 2581 1049 2622 e
1067 2561 1163 2645 priore
1173 2559 1257 2626 Psal·
1277 2574 1336 2642 cap.
1351 2579 1409 2630 xv.

109 2686 157 2728 nro
181 2665 217 2727 de
239 2663 345 2727 arbore
369 2670 626 2723 commemoratum
651 2661 817 2743 proterunt,
850 2660 928 2722 nullo
955 2662 1073 2744 negotio
1097 2663 1256 2728 refellitur:

109 2771 191 2844 Quod
196 2769 327 2848 fractura
341 2786 423 2826 suam
438 2765 518 2824 dabit
537 2767 567 2823 ia
589 2774 711 2842 tempore
725 2783 793 2833 suo,
824 2773 854 2821 et
865 2765 967 2842 sottum
987 2769 1046 2825 eries
1065 2788 1121 2826 noa
1140 2769 1252 2848 defluet.
1268 2784 1407 2841 psalmus

108 2867 202 2930 Paulo
222 2867 298 2929 enim
314 2878 381 2929 aute
400 2865 540 2950 scriptum
557 2875 619 2942 est,
647 2868 688 2925 Et
702 2869 731 2925 in
747 2867 809 2942 Iege
825 2867 885 2924 etas
902 2867 1081 2926 meditabitur
1096 2872 1141 2929 aa
1156 2891 1190 2930 ao
1206 2894 1256 2931 ao-

107 2982 163 3031 cte.
209 2969 252 3031 At
266 2968 315 3030 isti
332 2967 425 3050 legem
451 2968 613 3051 pariterue
634 2967 789 3049 propbetas
813 2964 975 3050 repudiant.
1022 2965 1117 3049 Quam
1140 2971 1254 3052 quidem

108 3073 203 3155 legem
223 3069 248 3132 si
265 3078 421 3151 respuunt,
446 3090 510 3131 cum
530 3067 678 3131 bacillum
698 3088 811 3151 quoque
830 3068 1054 3145 calumniantur,
1079 3071 1126 3151 qui
1144 3072 1173 3133 in
1189 3073 1254 3154 lege

109 3175 225 3237 locutos
241 3182 298 3234 est.
330 3168 440 3234 Verum
459 3184 489 3232 et
505 3170 559 3232 bac
576 3168 714 3254 opinione
730 3190 784 3232 sua
803 3169 951 3249 falluntur,
976 3181 1004 3231 et
1018 3191 1035 3233 a
1051 3172 1175 3234 veritate
1190 3172 1253 3234 lou-

106 3278 171 3360 gius
188 3274 338 3338 aberrant.
380 3270 486 3355 Neque
503 3272 593 3334 ullum
609 3290 682 3334 vero
699 3270 835 3334 indicium
852 3273 933 3348 iore,
957 3292 1051 3356 neque
1066 3284 1197 3335 mortuos
1216 3275 1253 3336 ad

106 3377 195 3440 vitam
213 3376 387 3441 excitandos
408 3393 474 3436 esse
497 3372 701 3456 pronunciant.
748 3370 833 3456 Quae
856 3395 943 3457 porro
964 3374 994 3437 in
1018 3375 1194 3459 voluptatem
1218 3395 1252 3437 ac

104 3478 249 3544 luxuriem
265 3476 350 3541 ellusi
369 3486 484 3540 suamet
499 3474 529 3538 in
547 3495 672 3558 corpora
691 3475 884 3553 committunt,
902 3496 1001 3539 eorum
1018 3477 1141 3537 fructum
1159 3475 1252 3556 perci·

104 3581 203 3666 piunt,
231 3581 298 3643 dum
323 3601 341 3643 a
363 3578 505 3641 daemone
523 3577 671 3640 libidinum
693 3577 837 3641 illecebris
861 3599 895 3639 ac
918 3575 1104 3660 cupiditatum
1128 3575 1251 3642 stimulis

103 3681 268 3768 agitanturq
292 3681 532 3765 quemadmodum
549 3680 611 3765 ipsa
629 3679 762 3743 veritatis
778 3680 911 3742 oratione
927 3688 1068 3761 perpetuo
1082 3685 1169 3760 atque
1188 3679 1250 3743 ubi·

101 3805 159 3869 quc
175 3785 401 3867 redarguuntur.
445 3780 497 3847 Sic
515 3783 592 3845 enim
607 3781 685 3845 inter
701 3782 776 3845 alios
791 3778 937 3843 lobannes
955 3778 1099 3861 loquitur:
1131 3785 1169 3842 st
1181 3789 1244 3863 quis
1256 3786 1388 3832 bbere-¹·

100 3891 178 3949 acuit
191 3890 229 3949 ad
244 3908 304 3961 uos,
327 3898 356 3947 et
370 3907 425 3946 aaa
441 3886 531 3968 affert
543 3887 617 3947 dano
631 3889 797 3946 doctrinam.
843 3880 1027 3963 Quamnam?
1048 3880 1150 3966 inquit.
1175 3889 1252 3963 θιιαε
1272 3871 1382 3977 ξ’,ῙὲἪά

99 3992 210 4051 scilieet
225 3992 366 4051 Christum
389 4009 451 4048 cum
471 4008 557 4047 earne
575 3991 751 4049 massanos
774 3987 941 4063 confitetur:
972 3988 1167 4049 Antichristus
1183 4001 1243 4050 est:

100 4104 130 4153 ct
144 4112 220 4153 auae
232 4093 409 4152 Aaticdrtsti
427 4091 511 4148 multi
519 4091 698 4168 prodierunt.
739 4084 831 4167 Quasi
850 4086 897 4167 qui
916 4081 1063 4148 Christum
1077 4109 1143 4152 cam
1158 4110 1247 4152 carue

100 4192 218 4257 venisse
245 4202 354 4276 negent
372 4190 431 4253 siut
449 4188 636 4252 Antichristi.
682 4186 849 4272 Quinetiam
876 4187 929 4250 boc
952 4187 988 4251 ab
1011 4188 1073 4273 ipso
1097 4192 1246 4255 salvatore

101 4294 209 4358 dictam
224 4305 286 4359 este
319 4298 376 4372 (iai
388 4298 417 4354 r'a
432 4313 550 4371 regnum
567 4293 706 4351 coelorum
721 4293 838 4350 admissi
849 4302 930 4364 suat,
954 4314 1041 4373 aeque
1053 4298 1160 4354 ducant
1175 4316 1245 4354 uco-
1270 4281 1356 4393 ἓξὲξ·

100 4417 148 4458 res
160 4418 248 4477 acque
259 4397 378 4470 nabunt,
395 4399 446 4457 scd
459 4396 570 4472 migetii
583 4394 713 4472 aequales
729 4404 805 4453 sant.
837 4389 942 4476 Neque
959 4392 1025 4456 illud
1044 4405 1168 4474 tantumq
1193 4397 1245 4458 sed

100 4502 133 4562 u't
151 4497 270 4582 insuper
291 4496 475 4561 manifestam
498 4493 717 4578 absolutamque
735 4493 933 4558 castimoniam
953 4516 987 4558 ac
1008 4496 1245 4573 sanctitudinem,

100 4609 207 4684 quaet
226 4611 360 4665 caeteros
383 4608 502 4662 sanctos
519 4596 677 4676 efficiebat,
702 4598 887 4676 ostenderet,
919 4595 1106 4748 sicllglqriam
1128 4598 1248 4682 alloqui-
