3046 5084
381 302 515 355 nunaunt
532 303 595 355 utu.
610 304 631 354 1.
647 304 729 356 Tont.
744 305 776 355 ll.
794 305 891 356 bell.
907 306 1032 358 XXthl.
1224 299 1286 362 407

135 448 197 490 rum
217 436 384 490 canoram.
432 419 498 486 ilco
519 423 613 507 ipsum
638 423 837 508 pronuntiavit
859 422 982 507 Esaias,
1014 427 1131 525 diqens,
1163 434 1436 512 Paputaomuaau.

135 535 182 593 hie
197 531 280 592 lobiis
295 550 337 590 rne
353 531 490 600 honorat,
523 547 574 587 eor
590 537 681 587 aanor
699 547 795 588 eoram
811 531 895 607 longe
908 540 986 590 asto
1005 552 1056 591 me.
1103 535 1172 594 Sthe
1186 554 1286 594 caussa

137 646 228 695 uatem
242 635 341 694 colunt
352 653 395 692 rue
408 634 538 691 docentes
552 631 697 689 doctrinas
711 639 739 689 et
751 632 882 690 mandato
896 633 1045 692 homanum.
1084 630 1134 694 Ex
1147 633 1183 695 iis
1196 633 1288 717 liquet

137 756 251 799 omnem
271 733 350 796 illam
368 752 436 795 esse
456 730 550 815 legem
568 729 692 793 divisam
711 729 741 793 in
760 740 857 814 partes
878 741 955 809 tres,
986 732 1016 794 in
1033 753 1126 816 eaque
1144 743 1174 796 et
1191 731 1286 798 Mosis

137 839 230 925 ipsius
246 848 276 901 et
293 835 442 898 seniorum
463 844 493 896 et
508 833 553 896 dei
571 832 707 895 mandata
725 832 881 896 contineri.
928 833 1025 918 Atque
1044 833 1116 898 baec
1132 833 1286 900 universae

136 941 211 1025 legis
232 960 249 1003 a
272 936 356 1001 nobis
379 935 510 1000 instituta
532 933 649 1019 partitio
671 933 749 999 illius
772 934 856 998 nobis
879 934 1030 1000 veritatem
1055 937 1194 1001 ostendit.

222 1241 282 1309 Sed
298 1264 332 1307 ea
347 1263 415 1328 pars
428 1243 513 1328 legis,
533 1263 607 1327 quae
624 1242 711 1305 adeo
728 1243 859 1328 proiecta
874 1254 931 1321 est,
954 1244 1010 1307 tria
1023 1265 1137 1307 rursum
1153 1244 1181 1306 in
1197 1264 1287 1307 mem·
1307 1254 1366 1322 Gap.
1383 1255 1413 1305 v.

139 1349 191 1412 bra
208 1346 355 1410 dividitur.
386 1344 455 1408 Alia
472 1345 549 1409 euim
564 1355 632 1416 sunt
647 1345 761 1408 sincero
778 1358 932 1431 praccepta
948 1356 977 1409 et
991 1346 1027 1409 ab
1044 1347 1121 1409 omni
1139 1348 1204 1410 mali
1221 1368 1286 1432 per·

138 1451 273 1514 mistione
292 1459 425 1527 secreta,
459 1468 532 1532 quae
552 1447 667 1534 proprie
690 1447 741 1511 lex
757 1448 934 1532 appellatur,
969 1470 1054 1532 quam
1075 1449 1205 1513 salvator
1228 1472 1285 1513 non

136 1554 218 1617 venit
234 1551 369 1631 solvere,
393 1550 445 1614 sed
462 1551 632 1636 adimplere.
677 1548 747 1614 Nou
767 1551 844 1613 enim
861 1572 879 1615 a
896 1571 929 1613 se
944 1562 1007 1614 erat
1024 1552 1120 1616 aliena
1135 1574 1218 1636 quam
1236 1554 1435 1628 adnuatque.

134 1653 281 1740 implevit3
305 1653 411 1737 alioqui
430 1652 530 1739 perlici
545 1653 715 1738 implerique
731 1673 790 1715 nou
808 1664 917 1737 posset.
964 1653 1032 1717 Alia
1048 1665 1117 1718 sunt
1133 1655 1286 1718 deteriori-

134 1758 188 1821 bus
211 1756 373 1840 implicata,
405 1754 499 1839 qualis
521 1754 662 1819 iniustitia
685 1763 746 1830 est,
781 1776 865 1838 quam
888 1757 1019 1819 salvator
1041 1756 1245 1820 abhorrentem
1268 1779 1285 1821 a

134 1870 237 1924 natura
254 1880 307 1923 sua
323 1858 453 1923 funditus
468 1857 595 1921 sustulit.
635 1854 790 1921 Postremo
804 1858 860 1920 alia
875 1869 944 1921 sunt
957 1880 1031 1941 quae
1048 1859 1143 1944 typica
1158 1880 1191 1922 ac
1207 1881 1285 1946 sym·

132 1962 226 2026 balina
244 1971 405 2039 vocantur,
437 1961 491 2023 boc
511 1971 557 2024 cst
577 1948 696 2022 umbrae
715 1960 854 2042 quaedam
875 1961 1116 2044 praestantiorum
1136 1971 1166 2024 et
1184 1962 1285 2046 imagi-

133 2085 203 2143 nes3
236 2065 312 2148 quod
329 2084 423 2148 genus
441 2062 571 2127 salvator
587 2061 623 2125 ab
642 2082 678 2124 eo
696 2062 771 2144 qnod
789 2063 923 2124 sensibus
942 2064 1105 2147 expositum
1124 2073 1171 2126 cst
1186 2074 1216 2125 et
1232 2084 1285 2127 ex·

132 2177 248 2231 ternum
271 2167 306 2230 ad
329 2165 458 2251 spiritale
484 2186 539 2229 nec
561 2164 739 2250 aspectabile
762 2165 918 2227 convertit.
965 2162 1027 2228 lam
1051 2186 1123 2228 vero
1145 2186 1214 2249 pura
1235 2165 1284 2228 illa

133 2271 308 2354 sinceraque
329 2270 381 2332 lex
408 2268 471 2346 dei,
504 2288 560 2330 nec
585 2288 650 2331 uum
674 2266 820 2330 deteriore
844 2267 1016 2345 coniuncta,
1050 2265 1217 2348 Decalogus
1240 2278 1286 2329 est

131 2373 212 2457 ipse,
236 2373 301 2434 sive
319 2372 420 2434 decem
438 2371 488 2434 illa
506 2381 662 2456 praecepta
682 2367 794 2433 duabus
813 2368 948 2433 distincta
968 2369 1090 2447 tabulis,
1114 2369 1217 2453 quibus
1236 2381 1285 2433 aut
1385 2443 1391 2457 ι

131 2475 261 2538 cavenda
284 2473 474 2559 probibentur
495 2485 545 2536 aut
564 2472 697 2536 iacienda
717 2473 900 2536 mandantur.
947 2468 1032 2553 Quae
1054 2471 1109 2534 etsi
1132 2493 1203 2556 pura
1225 2472 1285 2534 sint

130 2599 166 2640 ac
189 2576 313 2661 liquida,
348 2587 443 2639 mmeu
466 2577 541 2661 quod
562 2576 688 2639 nandum
708 2575 838 2660 perlecta
859 2575 935 2654 siut,
968 2574 1082 2660 impleri
1102 2596 1118 2636 a
1137 2575 1283 2638 salvatore

131 2678 303 2744 debuerant.
349 2679 395 2742 Ad
413 2679 483 2743 illud
501 2699 572 2742 vero
587 2700 699 2764 genus,
723 2679 798 2764 quod
816 2678 977 2741 iniustitiae
992 2677 1099 2761 aliquid
1115 2677 1217 2755 babet,
1242 2678 1283 2741 le-

130 2802 185 2866 ges
207 2782 275 2845 illae
294 2782 469 2846 referendae
488 2793 575 2860 suut,
606 2782 710 2866 quibus
728 2780 899 2845 iniuriarum
919 2781 1101 2866 persecutio,
1126 2801 1283 2864 eorumque

132 2885 181 2970 qui
199 2885 312 2971 priores
329 2906 383 2948 nos
400 2885 559 2964 laeserint,
583 2884 740 2948 vindicatio
758 2883 976 2969 praescribitur.
1023 2881 1113 2946 Velut
1130 2904 1193 2946 cum
1213 2889 1284 2946 Ocu·
1296 2894 1391 2950 hev-tt,
1402 2895 1434 2939 ιι.

132 2991 188 3049 hm
201 3009 257 3069 pro
274 2991 371 3061 oculo,
402 2992 509 3049 dentem
526 2991 610 3049 ruath·
621 3009 678 3068 pro
694 2991 792 3063 dente,
825 3009 859 3049 oc
876 2992 985 3049 caedem
1003 2990 1086 3047 coede
1100 2988 1282 3071 compensari

131 3089 284 3175 praecipit.
330 3088 436 3175 Neque
457 3090 534 3153 enim
552 3089 649 3152 minus
666 3089 773 3154 iniuste
793 3089 853 3174 agit
873 3091 921 3173 qui
944 3090 972 3152 id
992 3101 1057 3175 post
1075 3090 1197 3153 alterum
1218 3112 1283 3174 per·

132 3203 245 3278 petrat,
268 3212 332 3255 cum
351 3193 443 3256 solius
458 3192 569 3256 ordinis
586 3191 719 3269 intersit,
743 3202 830 3276 atque
847 3191 921 3254 idem
941 3193 1058 3254 canonino
1078 3193 1189 3256 lacinus
1205 3214 1283 3255 com-

129 3295 237 3360 mittat.
283 3292 344 3361 Sed
361 3294 429 3358 iliud
445 3305 630 3379 praeceptum
646 3295 753 3379 alioqui
770 3295 876 3358 iustum
894 3306 969 3374 erat,
991 3305 1021 3358 et
1035 3306 1081 3356 est
1096 3295 1192 3372 modo,
1217 3316 1282 3378 prc-

132 3408 197 3485 pter
213 3418 314 3461 eorum
331 3397 527 3461 infirmitatem
546 3397 650 3482 quibus
668 3398 775 3461 editum
795 3397 864 3477 luit,
895 3396 1014 3460 comsit
1030 3399 1172 3462 adversus
1188 3396 1283 3460 sinec-

130 3500 220 3564 rioris
236 3501 310 3585 legis
328 3501 516 3565 violationem
535 3502 763 3586 praescriptum,
794 3500 862 3564 licet
878 3522 895 3562 a
911 3498 1072 3563 cummunis
1089 3499 1217 3562 omnium
1233 3522 1282 3586 pa-

129 3603 224 3668 rentis
242 3613 345 3667 natura
364 3625 400 3667 ac
419 3603 550 3667 bonitate
567 3603 607 3667 sit
622 3603 767 3683 alienum3
799 3605 847 3667 vel
863 3614 1092 3667 corrsentaneuna
1110 3601 1206 3686 potius
1224 3615 1280 3683 est,

129 3708 182 3770 sed
197 3707 374 3770 necessitate
390 3707 512 3790 quadam
529 3727 714 3791 expressum.
745 3705 823 3771 Nan}
839 3708 886 3791 qui
903 3707 951 3769 vel
964 3705 1080 3769 unicum
1098 3706 1281 3770 homicidium

129 3820 212 3874 vetat
226 3809 306 3888 beri,
331 3810 397 3872 dum
415 3810 456 3873 ita
472 3809 590 3890 statuit,
619 3809 688 3874 Nou
707 3809 840 3889 occides,
869 3832 933 3873 eum
952 3820 1051 3895 postea
1068 3810 1166 3874 caedis
1183 3821 1282 3874 aucto·

130 3932 193 3976 rem
211 3911 342 3975 vicissim
359 3912 482 3975 interdici
501 3913 581 3977 iubet
599 3934 636 3977 ao
653 3915 810 3978 secundam
829 3914 922 3996 legem
942 3915 1040 3976 iereus
1057 3913 1198 4000 duplicent
1216 3935 1281 3977 oae-

129 4016 194 4080 dem
213 4015 354 4101 imperat,
387 4013 435 4099 qui
458 4037 548 4100 unam¹
563 4015 767 4101 prohibuerat,
800 4016 836 4078 ad
859 4036 892 4078 ea
913 4018 1089 4082 necessitate
1112 4028 1229 4081 coactus
1252 4030 1282 4083 ot

127 4118 296 4205 imprudens
314 4117 480 4181 decurrisse
499 4117 625 4183 videtur.
672 4117 771 4202 Atque
789 4117 855 4182 ideo
873 4119 980 4183 missus
999 4120 1034 4182 ab
1053 4120 1102 4184 illo
1123 4121 1196 4185 iilius
1217 4143 1280 4186 eam

129 4220 202 4306 legis
222 4230 334 4306 partem
352 4219 515 4303 antiquavit.
532 4241 619 4305 quam
638 4221 753 4305 quidem
775 4241 791 4284 a
815 4223 869 4285 deo
888 4222 974 4286 latam
998 4233 1027 4287 et
1044 4223 1107 4310 ipse
1127 4226 1279 4291 coufessus

124 4413 162 4475 pit
175 4412 287 4462 Petouittt
301 4424 330 4460 ts
343 4411 393 4461 aad
411 4411 484 4461 Vatia.
507 4411 587 4460 litium
602 4411 713 4474 Cornum„
726 4414 754 4462 tit
770 4410 943 4463 nefandorum.

126 4482 179 4530 rius
199 4481 268 4531 vertit
291 4477 324 4528 ad
346 4477 513 4528 sublationem
535 4476 686 4529 interdicto-
753 4475 777 4530 4.
797 4481 942 4532 dodican.
959 4478 989 4534 τὸ
1006 4478 1163 4550 πρόςταγμα.

128 4563 192 4599 rum.
227 4548 329 4599 uota
340 4551 422 4600 amaa
434 4540 588 4616 ἅφθέγκτωι
601 4552 623 4601 tl
634 4561 686 4600 utr-
752 4549 777 4600 5.
797 4551 853 4601 cod.
868 4551 942 4601 thrt
960 4549 1015 4616 τῆς.
