3046 5084
350 333 959 390 seusunurs.n'rou.1tt.nunn.xuu.
1169 330 1227 394 aet

79 457 115 520 ad
134 477 207 540 quos
226 456 293 519 ideo
311 454 551 539 bannapostolus
564 455 719 539 epistolam
736 456 826 520 dedit.
871 453 906 520 Iu
922 478 980 541 qua
994 457 1116 542 primum
1132 459 1231 544 singu·

79 558 150 622 laris
169 557 316 622 cniusdam
340 576 407 621 esse
427 555 562 620 benelieii
582 557 667 621 docet
686 556 839 622 Hebraicis
863 559 903 621 uti
919 559 1173 646 vocabulis‘posse
1196 583 1230 626 ac

79 662 174 744 legem
193 661 311 723 docere.
357 657 473 723 Deinde
491 669 522 722 nt
535 656 644 723 Graeci
659 660 804 723 sermonis
820 671 962 724 tumorem
977 665 1231 749 arrogantiamque

80 762 296 848 comprimeret,
317 783 384 826 sese
398 762 562 845 linguarum
577 761 691 825 illorum
708 783 763 825 usu
775 761 992 826 instructiorem
1008 764 1065 828 illis
1079 766 1148 850 ipsis
1164 787 1230 831 esse

80 865 210 944 monuit,
241 865 316 949 qnod
335 862 490 928 blebraeus
513 863 549 927 ab
571 861 715 927 Hebraeis
738 876 819 927 esset
841 865 998 945 oriundus,
1031 876 1061 930 et
1084 868 1118 931 ad
1142 869 1230 953 pedes

80 966 252 1033 Genialielis
274 967 434 1030 institutus.
480 962 525 1030 lta
543 964 707 1029 Hebraicae
726 966 841 1050 linguae
857 968 1008 1032 scientiam
1032 971 1061 1032 in
1079 969 1163 1033 laude
1180 992 1229 1055 po·

79 1072 148 1149 suit,
174 1082 202 1134 et
218 1072 295 1133 iuter
310 1069 428 1152 spiritns
443 1067 537 1132 sancti
550 1068 696 1132 benolicia
712 1071 888 1134 numeravit.
933 1069 1017 1135 Unde
1032 1081 1058 1133 et
1076 1072 1110 1134 ad
1126 1071 1229 1138 Timo·

79 1175 175 1237 theum
194 1174 229 1237 de
247 1172 349 1235 iisdem
367 1170 517 1250 scribens,
545 1175 602 1245 Tu,
627 1169 738 1254 inquit,
761 1173 798 1233 al
813 1176 999 1249 adolescentia
1015 1195 1113 1235 sacras
1129 1177 1226 1238 literas
1234 1195 1312 1241 artu.
1320 1198 1339 1252 s,
1348 1199 1378 1242 ts.

78 1281 211 1339 didicisti.
259 1273 345 1357 chod
361 1294 433 1336 vero
449 1274 483 1336 ad
499 1272 576 1336 illam
593 1273 785 1337 eruditionem
802 1275 951 1359 politiores
967 1297 1081 1360 quoque
1098 1273 1229 1342 Graeco-

77 1400 141 1443 rum
162 1380 278 1458 literas,
312 1377 367 1440 hoe
384 1389 430 1440 est
446 1376 576 1460 poitiers
592 1396 627 1438 ac
643 1375 821 1454 rhetoricas,
851 1377 1009 1456 adiecerit,
1041 1377 1112 1442 iisce
1131 1380 1228 1444 verbis

78 1480 243 1567 expressit:
266 1482 468 1544 Aburrdnntius
485 1481 561 1540 voirs
578 1479 704 1540 omnebus
721 1481 827 1559 lrhguis
842 1484 956 1562 loquor,
990 1481 1030 1543 uti
1047 1502 1080 1545 se
1098 1479 1228 1546 Graeca·

77 1606 140 1648 rum
160 1583 374 1668 disciplinarum
391 1581 600 1645 excellentiori
609 1580 733 1664 quodam
749 1580 803 1644 usn
822 1584 980 1667 praeditum
999 1604 1065 1646 esse
1084 1597 1228 1649 monstra-

77 1698 134 1750 ret.
177 1684 255 1748 Nam
272 1696 300 1748 et
316 1684 461 1747 scribendi
477 1704 571 1767 genus
588 1683 680 1767 ipsum
695 1705 751 1767 quo
767 1686 857 1748 utitur
874 1685 1059 1750 humanitatis
1075 1686 1151 1751 illurn
1166 1700 1227 1751 stu-

77 1791 132 1853 diis
147 1789 221 1852 baud
239 1785 425 1851 mediocriter
440 1785 579 1849 imbutum
595 1784 687 1849 fuisse
703 1786 842 1865 declarat,
862 1798 892 1849 ut
908 1810 944 1851 ne
960 1787 1096 1873 Epicurei
1113 1791 1225 1873 quidem

77 1893 130 1978 ipsi
150 1889 282 1955 Stoicive
300 1899 421 1974 possent
437 1887 595 1968 resistcre,
625 1909 697 1971 quos
721 1909 822 1950 omnes
845 1910 909 1952 cum
932 1912 1002 1953 arae
1024 1891 1101 1954 illins
1123 1892 1226 1955 iuscri-

76 1995 203 2080 p'tionena
226 1991 385 2068 eiusmodi,
419 1995 611 2072 Ignotolteo,
646 1990 759 2053 erudite
779 1991 917 2074 legisset,
952 1995 1375 2070 commercando-necans.

75 2097 192 2182 quentia
205 2095 419 2178 artificioseque
431 2093 579 2171 refutavit,
596 2091 624 2155 id
638 2092 792 2177 ipsumque
803 2094 842 2156 ita
855 2095 1028 2158 declaravit:
1049 2101 1132 2175 Quem
1145 2103 1225 2178 epao-

76 2211 173 2262 rantes
189 2202 297 2272 colitis,
327 2201 401 2258 dune
417 2201 553 2258 annuntio
568 2197 655 2256 vodis.
702 2192 776 2260 item
791 2196 858 2260 illud
877 2198 933 2260 alio
949 2198 1014 2261 loco
1029 2199 1119 2279 dicit,
1142 2206 1284 2264 Dicitur.
1298 2221 1318 2276 t,
1332 2223 1362 2267 aa.

75 2307 186 2385 parilem
204 2305 340 2382 proprius
361 2303 474 2385 illorum
492 2302 639 2379 propbeta,

161 2409 305 2465 Cretenses
326 2425 433 2482 semper
454 2406 613 2476 mendaces,
640 2405 730 2463 malae
752 2404 870 2476 bestrae,
899 2415 1008 2465 rennes
1026 2410 1116 2485 pigri,

74 2507 276 2593 Epimenidem
291 2516 421 2568 veterem
437 2504 636 2589 philosophum
650 2505 829 2589 intelligens,
846 2502 973 2570 Mithrae
987 2508 1135 2572 cuiusdam
1150 2510 1224 2595 apud

76 2609 237 2676 Cretenses
251 2609 318 2671 idoli
331 2608 525 2671 sacerdotem.
571 2605 617 2671 De
633 2629 689 2691 quo
706 2618 735 2671 et
749 2605 956 2687 Callimachus,
981 2607 1110 2696 Libycus
1125 2619 1221 2698 potita,

75 2715 150 2778 idem
175 2711 370 2776 testimonium
394 2708 467 2774 lalso
492 2711 527 2773 ad
549 2709 712 2774 institutum
736 2733 819 2774 suum
843 2713 1006 2793 transtulit,
1039 2735 1103 2778 eum
1124 2713 1163 2778 ita
1187 2717 1222 2780 dc

75 2813 147 2881 love
170 2815 292 2878 cecinit:

182 2922 266 2979 Creta
287 2921 396 2998 parilem
417 2921 528 2979 assellus
550 2919 678 2978 mendae.
725 2921 785 2979 lies
806 2939 921 2998 magne,
943 2924 1101 2999 sepulerum

183 3026 267 3082 Creta
290 3032 366 3080 tuam
389 3024 547 3095 enecarit,
572 3023 622 3080 sed
642 3031 669 3080 te
689 3041 764 3081 mars
785 3024 864 3082 nulia
885 3024 1005 3102 subegit.

74 3123 167 3188 Vides
185 3144 323 3207 quorsum
340 3122 389 3186 ille
406 3123 441 3185 de
460 3122 566 3204 linguis
583 3122 707 3206 apostoli
721 3143 819 3186 sermo
836 3124 997 3209 pertineat,
1019 3130 1086 3188 Volo
1103 3133 1223 3210 purisque

74 3229 157 3289 uerba
171 3248 255 3287 sensu
270 3247 343 3300 creo,
368 3225 423 3288 boc
439 3236 485 3287 est
499 3246 563 3286 eum
580 3224 820 3310 interpretatione
836 3227 926 3311 loqui.
973 3225 1221 3309 Quemadmodum

74 3329 212 3414 propbeta
236 3350 309 3412 quac
332 3328 387 3392 sibi
408 3328 501 3392 sancti
520 3327 639 3412 spiritns
656 3327 752 3392 affiatu
772 3330 802 3391 io
821 3330 947 3392 animum
966 3331 1095 3393 immissa
1116 3333 1223 3396 luerint

71 3432 103 3495 in
117 3430 243 3495 medium
259 3432 412 3516 proferens
435 3430 615 3494 auditoribus
634 3430 696 3494 suis
715 3451 767 3514 per
781 3433 959 3516 prophetiam
973 3433 1050 3496 illam
1068 3435 1151 3499 affert
1166 3435 1220 3499 uti·

73 3535 199 3611 litatem,
231 3533 272 3598 ita
300 3555 371 3618 ego,
404 3533 514 3618 inquit,
547 3532 626 3616 loqui
654 3532 698 3596 sic
721 3533 822 3618 cupio,
856 3545 887 3597 ut
910 3557 956 3597 me
978 3536 1101 3600 ecelesia
1126 3539 1219 3604 omnis

73 3638 187 3716 audiat,
218 3647 248 3700 et
269 3637 414 3701 aedificari
437 3636 544 3722 possit,
579 3656 637 3698 non
654 3646 685 3699 ut
705 3633 839 3700 Graecae
855 3648 906 3700 aut
923 3636 1085 3703 Hebraicae
1103 3639 1218 3725 linguis

71 3739 192 3805 scientia
208 3739 302 3802 elatus
319 3760 364 3803 me
381 3761 487 3818 unum,
518 3738 566 3823 qui
584 3759 648 3802 eam
665 3739 777 3804 seilicet
792 3740 967 3825 intelligam,
991 3763 1048 3806 non
1066 3744 1217 3809 ecclesiam

72 3843 176 3928 ipsam,
197 3842 357 3906 aedificem.
402 3840 449 3906 Tu
464 3841 620 3905 vercillud
637 3841 781 3921 addidisti,
800 3840 928 3924 Marcio,
949 3847 994 3931 ,Ob
1008 3849 1112 3927 legem5
1136 3848 1218 3931 quasi

72 3945 113 4010 ila
128 3945 281 4031 scripserit
296 3945 461 4031 apostolus:
477 3948 555 4008 ,Volo
573 3951 694 4028 purisque
708 3948 791 4008 verba
808 3952 836 4009 in
851 3952 968 4010 ecelesia
980 3963 1096 4031 propter
1116 3954 1213 4031 legem.

71 4171 154 4220 habent
170 4169 218 4234 τῆς
242 4163 297 4221 ἀντὶ
320 4161 458 4234 ἀγνώστῳ,
483 4182 542 4231 miae
557 4171 628 4221 amba
695 4167 736 4220 56.
754 4165 858 4222 clodian
875 4173 927 4223 ead.
944 4174 1033 4237 Vatic,
1058 4180 1079 4226 et
1093 4177 1148 4226 inde
1163 4178 1216 4227 edit.

70 4241 180 4289 Petaoius
192 4252 245 4288 cuns
257 4252 303 4288 non
315 4240 466 4300 tenderent,
483 4240 574 4287 uncinis
586 4253 628 4288 no·
661 4240 742 4289 Peter.
766 4237 878 4293 cibotlou
888 4243 937 4291 cod.
945 4243 1040 4306 ttlredtp.
1052 4249 1072 4293 et
1081 4246 1214 4308 cathmus.

72 4309 136 4356 larii.
694 4305 734 4358 57.
753 4309 888 4358 callimach
905 4311 990 4371 Hymn.
1006 4314 1031 4361 in
1046 4313 1093 4362 lou.
1106 4315 1130 4363 tt,

104 4370 145 4424 ot,
162 4375 227 4424 Libri
243 4376 326 4425 babent
342 4367 485 4439 drusiacus.
694 4370 734 4424 58.
756 4377 869 4438 infinitivi
895 4377 1002 4440 λαλῆσαι
1029 4385 1051 4430 et
1077 4378 1213 4447 οἰκοδομεῖν

104 4441 144 4493 55.
160 4445 198 4493 ita
219 4446 327 4505 rescripsi
348 4457 391 4503 pro
415 4441 468 4510 bsai
492 4445 554 4505 quod
575 4445 628 4493 libai
657 4445 757 4506 pendere
768 4446 876 4495 videntur
890 4460 905 4495 a
920 4449 988 4496 uodo
1004 4446 1079 4511 nuo,
1098 4454 1160 4512 quod
1175 4466 1212 4502 co·

68 4512 178 4572 praebent
194 4526 278 4562 omnes.
311 4512 422 4562 Petreius
436 4513 542 4562 voculam
562 4514 628 4562 unci·
660 4515 770 4575 pitaticne
785 4515 931 4576 repetendum
947 4519 987 4565 est.

70 4580 108 4628 nis
122 4583 218 4630 notari.
