3046 5084
324 352 459 404 aauann
477 352 540 405 uro.
551 355 571 406 t.
587 354 669 407 rou.
683 355 727 406 ιιι.
743 355 841 406 naua.
851 356 962 408 xxxv.
1158 343 1218 408 483

68 470 227 555 genuaque
246 473 419 557 prolectam.
464 470 581 537 Etenim
601 473 799 559 unusquisque
819 475 931 558 gloriae
948 475 1044 539 studio
1061 497 1221 541 succensas

68 593 103 636 ac
126 583 290 637 sectatores
311 573 367 638 sihi
388 574 469 638 velot
490 576 665 660 peculiarem
687 577 830 660 quendam
853 597 972 660 gregem
995 578 1153 642 conciliare
1170 600 1221 642 eu·

67 677 171 760 piens,
196 675 331 760 quicquid
351 677 566 741 mendaciorum
585 677 615 740 io
632 677 758 742 animam
776 677 893 756 incidit,
918 687 1028 742 temere
1046 679 1128 762 quasi
1147 681 1220 742 vati·

67 777 177 843 oinium
193 779 335 862 quoddam
352 790 382 842 et
397 779 546 843 oraculum
563 780 700 865 proludit.
742 776 848 862 Neque
864 780 941 843 enim
959 776 1087 865 Spiritus
1101 792 1221 845 sanctus

67 902 121 965 per
140 901 192 944 eos
209 880 323 944 locutus
342 891 406 961 est,
438 901 532 965 neque
551 902 591 945 ex
608 880 757 966 prophetis
774 893 824 944 aut
842 882 975 946 veritatis
994 882 1156 967 evangeliis
1173 885 1221 947 vel

67 981 245 1046 levissimam
268 1004 370 1047 ansam
393 994 423 1046 et
441 983 625 1047 occasionem
645 983 721 1047 nacti
739 993 818 1047 sunt.
865 984 911 1046 Ad
929 984 1051 1048 istorum
1074 1007 1145 1050 uero
1169 986 1222 1048 lal-

68 1105 131 1150 sam
150 1085 300 1149 seientiam
319 1085 506 1149 relellendam
526 1085 652 1170 partinet
670 1085 717 1148 illa
736 1107 752 1148 s
773 1107 820 1149 me
839 1099 940 1149 contra
959 1088 1073 1171 priores
1089 1087 1222 1152 instituta

67 1186 226 1252 verissima
239 1186 407 1273 disputatio.
436 1184 514 1251 Nam
530 1207 547 1250 e
563 1185 712 1252 Valentini
727 1184 943 1272 Valentinoqne
956 1190 1139 1275 superiorum
1153 1190 1222 1253 hae-

68 1290 226 1355 reticorum
247 1290 347 1354 schola
365 1311 468 1354 omnes
490 1288 530 1353 illi
550 1291 690 1375 proiecti,
721 1289 766 1353 sic
784 1301 816 1352 ut
833 1290 912 1353 illius
929 1303 1055 1355 mentem
1074 1292 1121 1355 alii
1137 1291 1223 1355 aliter

67 1391 344 1479 interpretarentur,
368 1392 430 1478 pari
443 1412 546 1456 omnes
560 1391 719 1476 ignominia
735 1392 853 1455 notandi
869 1404 949 1456 sant.
996 1390 1054 1456 Sed
1071 1393 1144 1456 haud
1162 1414 1223 1457 me·

68 1495 185 1560 dicares
199 1515 272 1559 sane
286 1495 322 1558 ad
339 1495 532 1559 cavillandum
548 1515 639 1577 nugas
657 1491 839 1559 Colorhasas
855 1493 911 1558 iste
929 1495 1013 1558 nohis
1029 1497 1136 1558 attolit.
1171 1493 1221 1560 Si-

69 1597 183 1682 quidem
208 1595 323 1683 podtico
349 1617 431 1660 mora
456 1596 560 1661 ludens
581 1593 703 1660 Parenti
723 1597 851 1660 omnnium
880 1618 915 1659 ac
942 1598 997 1661 dco
1021 1597 1220 1676 sanctissimo,

23 1756 27 1761 .
68 1721 154 1785 quem
173 1721 260 1765 nemo
276 1699 525 1785 comprehendere
541 1708 592 1762 aut
605 1719 747 1784 usurpare
763 1700 856 1762 oculis
871 1708 984 1785 potest,
1017 1699 1153 1764 Hominis
1170 1723 1223 1764 no-

70 1823 139 1866 men
157 1803 287 1880 affinxit,
317 1812 349 1865 nt
366 1802 401 1864 ad
418 1822 549 1865 errorem
568 1821 651 1864 suam
670 1797 834 1864 Salvatoris
851 1810 1016 1864 sermonem
1037 1803 1220 1887 adiungeret,

69 1904 120 1989 qui
141 1924 174 1968 se
194 1900 300 1967 Filiam
320 1902 445 1967 hominis
467 1924 534 1968 esse
556 1903 648 1982 dixit,
681 1924 716 1966 aa
734 1903 917 1966 familiarium
935 1924 1054 1966 suorum
1071 1905 1183 1969 ultimos
1205 1927 1223 1969 a

68 2005 186 2071 sincera
208 2016 239 2070 et
259 2006 413 2092 perspicus
432 2002 543 2070 Christi
568 2006 603 2068 de
623 2005 722 2090 seipso
745 2006 932 2069 confessione
955 2006 991 2068 ad
1014 2009 1171 2091 perplexas
1193 2018 1223 2071 et

68 2107 232 2194 implicatas
250 2108 374 2193 ineptias
394 2109 561 2186 ooolerret,
592 2107 657 2169 dum
673 2106 711 2203 ‘io
729 2108 905 2171 coelestibus
924 2107 981 2170 illis
1000 2107 1072 2170 locis
1095 2130 1129 2172 ea
1148 2130 1222 2192 quae

69 2232 212 2295 nusquam
235 2221 304 2274 sant
324 2210 380 2273 sihi
403 2230 471 2274 esse
488 2209 676 2296 persuadeat.
722 2206 763 2274 Ut
785 2210 861 2273 enim
884 2211 985 2272 demus
1008 2210 1093 2289 illud,
1125 2232 1164 2274 ex
1187 2232 1222 2274 eo

69 2313 147 2398 qaod
169 2312 254 2377 haias
275 2323 359 2398 pater
378 2310 475 2376 llomo
496 2311 536 2377 sit
557 2313 651 2377 dictos
668 2310 803 2375 Hominis
826 2322 919 2374 semet
936 2312 1098 2396 appellasse
1121 2313 1221 2394 hlium,

69 2437 130 2480 non
146 2416 183 2479 oh
200 2436 264 2479 eam
282 2435 418 2494 carnem,
441 2436 527 2499 quam
548 2436 588 2479 ex
603 2426 687 2479 utero
704 2413 828 2497 virginis
844 2415 973 2500 accepit,
999 2415 1053 2476 hoc
1068 2426 1116 2479 est
1132 2413 1224 2481 Beata

68 2514 186 2597 Μιιὶιι,
220 2539 260 2582 ex
278 2540 335 2603 qua
358 2512 570 2603 perspiritum
588 2529 720 2582 sanctam
741 2529 827 2580 tantus
846 2528 908 2594 est,
942 2528 973 2580 ut
991 2517 1099 2581 iolelioi
1118 2514 1224 2582 Color-

68 2620 142 2685 haso
161 2621 286 2707 placuit:
316 2621 383 2706 quid
402 2621 438 2684 de
456 2620 549 2685 altero
566 2620 616 2685 illo
633 2620 712 2683 dieat
725 2640 861 2683 sermone
878 2619 1004 2698 domini,
1035 2642 1099 2683 cnm
1116 2621 1160 2683 sio
1176 2618 1224 2683 lu-

69 2725 161 2788 daeos
183 2723 288 2787 adstas
313 2734 376 2786 est:
409 2727 494 2785 Nunc
513 2746 557 2785 ane
572 2727 710 2805 quaeratis
725 2724 900 2803 interficere,
934 2726 1069 2784 domanam
1086 2730 1138 2806 qni
1150 2729 1223 2786 ceri·
1236 2734 1377 2794 tonantur.

69 2837 154 2889 tatem
176 2828 254 2888 colat
274 2829 385 2888 heutua
405 2848 483 2901 sum,
513 2828 715 2914 puamwauda'oa‘
730 2846 748 2888 u
766 2830 852 2887 Patre
872 2832 953 2886 meo?
995 2823 1066 2889 Non
1089 2827 1166 2891 enim
1188 2830 1224 2889 cd

69 2933 188 2992 Homine
203 2934 290 2991 Patre
310 2950 369 2991 meo
391 2929 484 3007 dixit,
516 2929 567 2992 sed
584 2926 704 2993 Patrem
726 2949 810 2991 suam
830 2927 1003 3012 praedicans
1021 2929 1223 2995 universorum

64 3033 155 3096 deam
171 3031 290 3096 indicat.
337 3027 379 3096 Se
395 3051 484 3109 vero,
507 3031 555 3114 qai
573 3042 706 3094 naturam
724 3030 848 3094 hominis
864 3035 1062 3116 suscepisset,
1086 3055 1156 3097 vere
1173 3035 1225 3098 ho·

70 3133 178 3200 minem
195 3135 338 3220 appellat3
363 3145 394 3196 ut
410 3143 441 3196 et
454 3132 578 3219 apostoli
593 3143 757 3197 testantura
781 3154 837 3217 quo
856 3135 981 3217 undique
997 3135 1106 3198 veritos
1124 3157 1226 3199 corro-

70 3237 208 3316 tamtan,
240 3237 477 3321 intelligaturque
495 3236 571 3299 unde
592 3236 639 3300 illa
658 3236 775 3299 domiuo
794 3248 862 3299 saint
878 3237 1017 3299 attributa
1033 3237 1222 3321 cognomina:

70 3342 178 3415 leram,
211 3337 321 3424 inquit,
352 3344 459 3413 armar,
490 3340 673 3420 approbatum
700 3344 730 3400 a'n
754 3343 803 3400 ao‘s
823 3344 914 3418 aspach
940 3362 974 3401 uc
994 3344 1135 3420 prodigiis
1160 3350 1217 3403 etc.
1235 3353 1352 3410 tantan

71 3441 150 3527 Quid
172 3443 207 3505 ad
231 3441 303 3506 liaeo
327 3441 443 3505 hiscere
465 3441 603 3521 audebis,
635 3441 835 3505 intelicissime
861 3442 1041 3505 mortalium!
1075 3444 1123 3525 qui
1148 3463 1224 3506 nora

70 3547 210 3631 quaedam
228 3545 357 3609 inaudita
378 3543 495 3609 nomina
513 3544 594 3607 velat
611 3562 628 3607 c
644 3544 728 3607 coelo
746 3544 829 3607 nohis
847 3545 934 3607 allata
954 3544 1105 3622 venditas,
1137 3556 1224 3629 teque

70 3648 235 3713 insolenter
255 3649 407 3711 ostentas?
450 3645 584 3731 Quorum
605 3645 812 3710 vocabulorum
840 3648 934 3729 gratia
959 3645 1094 3710 Hominis
1116 3668 1222 3712 nomeu

71 3752 190 3815 domino
207 3751 334 3814 omniura
350 3770 386 3813 aa
401 3747 523 3813 Parenti
542 3750 672 3814 tribuere
689 3771 748 3813 uon
766 3749 897 3814 dubitas:
930 3748 1013 3832 quasi
1031 3749 1164 3814 dominus
1180 3751 1223 3814 id·

71 3852 152 3917 circo
167 3850 263 3918 Filios
280 3852 405 3916 hominis
427 3853 466 3916 sit
482 3853 593 3931 dictus,
627 3854 702 3937 quod
722 3853 785 3916 eius
803 3850 893 3914 Pater
912 3850 1007 3914 llomo
1029 3864 1221 3938 nuncupator.

72 3955 156 4021 Dona
172 3966 204 4021 et
220 3956 341 4019 alteram
360 3954 600 4040 appellationem,
632 3960 729 4017 Viam
745 3957 911 4036 modorum,
943 3952 1024 4017 Patri
1045 3975 1221 4038 congruere.

71 4058 162 4145 Atqui
185 4079 332 4143 nonquam
352 4057 420 4120 illud
443 4057 593 4122 ostendes.
639 4057 772 4122 Tametsi
797 4059 872 4120 enim
896 4059 943 4121 vir
964 4060 1058 4122 omnis
1080 4060 1166 4122 homo
1185 4059 1224 4122 sit

71 4161 292 4246 hominemque,
324 4171 389 4225 uta
406 4159 527 4224 muliera
545 4159 747 4239 discernatur,
778 4161 956 4245 appellemus
975 4161 1087 4241 virum,
1114 4162 1221 4226 nullam

70 4264 138 4328 inda
160 4275 256 4328 tamen
274 4262 469 4327 calumniandi
492 4282 593 4325 ansam
613 4273 710 4347 potest
728 4263 870 4346 arripere.
915 4260 1032 4327 Etenim
1055 4264 1120 4329 sinc
1140 4275 1222 4328 certa

70 4366 170 4451 specie
187 4366 344 4451 habitaque
360 4365 492 4452 eorporis
509 4387 544 4429 ac
560 4365 665 4450 partim
679 4366 813 4445 occultis,
831 4365 932 4449 partim
948 4367 1115 4451 patentibus
1132 4388 1222 4458 mern·

69 4469 132 4534 hris
149 4490 295 4554 nunquam
311 4470 404 4534 virum
421 4467 615 4532 nominamus.
658 4465 778 4533 Mulieri
795 4490 883 4553 porro
898 4491 955 4533 nou
970 4469 1039 4550 viri,
1064 4470 1116 4536 sed
1130 4470 1222 4538 homi·

104 4605 130 4658 3.
148 4603 294 4673 ἐτόλμησας
309 4607 376 4658 codd.
393 4609 464 4658 Vallo.
481 4607 578 4670 tthedr'p.
616 4609 686 4670 Valqc
701 4604 851 4674 ἐτόλμησαν.

997 4699 1034 4760 31
1055 4694 1068 4724 *
