3046 5084
342 339 953 394 rananuurnm.'roummrraanxurc
1165 333 1226 396 565

73 460 125 524 rit.
169 457 265 544 igitur
281 461 381 525 demus
400 461 481 524 illum
498 461 607 524 viribus
625 461 764 544 imparem
782 480 866 540 esse,
899 482 1040 545 nusquam
1058 461 1227 527 l'abricatum

74 583 147 647 opus
163 564 199 625 ab
212 583 248 625 eo
265 576 401 627 constare
415 564 538 647 poterit,
561 564 612 626 sed
627 563 796 647 iampridem
812 562 993 627 interciderit
1006 575 1137 648 oportet,
1162 588 1227 629 euna

75 665 177 729 diebus
191 665 314 749 siugulis
330 667 498 751 decerptum
515 665 640 729 indidem
655 665 762 749 aliquid
782 665 885 750 partim
906 686 923 728 a
941 666 1015 730 naalo
1034 667 1178 751 propriam
1197 669 1228 732 in

47 776 49 783 ’
73 769 243 852 regionem,
276 769 379 853 partim
402 791 419 831 a
439 768 517 832 bonu
540 770 569 831 in
586 771 738 854 superiora
756 769 961 830 transferatur.
1009 766 1133 833 Ubinam
1156 791 1227 855 ergo

73 871 187 934 demum
205 871 273 934 illud
289 871 433 956 opificium
451 871 612 934 consistet?
656 867 689 935 Si
706 871 841 956 paulatim
858 870 1017 933 desiturum
1033 873 1224 953 respondeas,

72 995 106 1036 ac
127 973 196 1036 boni
219 995 289 1037 cura
314 974 468 1057 studioque
492 975 577 1036 linem
596 974 748 1057 aliquando
764 985 1006 1050 sorrsccuturum,
1039 995 1135 1036 raonne
1155 975 1226 1039 illati

72 1075 168 1139 damni
186 1076 299 1160 culpam
317 1077 412 1139 bonus
430 1077 485 1138 iste
501 1076 676 1154 sustinebit,
699 1075 747 1159 qui
765 1077 839 1159 quod
856 1076 923 1139 boui
942 1077 1046 1139 lesisse
1066 1087 1168 1161 postea
1183 1078 1226 1141 vi·

71 1199 123 1242 sus
139 1190 203 1256 est,
228 1200 285 1241 non
304 1179 352 1241 diu
369 1189 454 1256 ante,
479 1181 610 1262 adeoque
626 1178 709 1241 initio
725 1178 900 1264 perfecerit,
925 1189 1078 1261 antequam
1096 1179 1226 1265 plerique

70 1279 205 1343 iniuriam
222 1281 406 1366 acciperent,
436 1291 466 1344 et
480 1282 511 1344 iu
526 1280 631 1344 iudicis
648 1291 791 1365 potestate
811 1281 919 1344 detenti
939 1281 1079 1344 iuleriore
1097 1282 1162 1346 loco
1179 1304 1226 1347 re-

71 1385 245 1448 manerent?

157 1483 216 1550 lam
234 1487 309 1570 quod
328 1487 452 1551 esneris
467 1488 666 1572 depromptum
683 1485 775 1549 literis
792 1487 894 1564 affert,
919 1507 954 1549 eo
973 1507 1124 1572 perperam
1139 1488 1225 1552 intel·
1243 1508 1302 1575 cap.
1314 1509 1377 1559 vttt.

70 1590 163 1668 lecto,
195 1599 280 1673 atque
299 1590 423 1674 apostoli
443 1589 601 1675 depravata
620 1588 783 1667 sententia,
814 1589 980 1652 rudioribus
999 1592 1095 1654 lucum
1113 1591 1223 1671 obiicit,

70 1714 135 1756 cum
151 1691 191 1754 ita
207 1691 335 1774 loquitur
350 1691 516 1776 apostolus=
542 1696 672 1753 Christus
686 1714 737 1754 nos
752 1715 770 1752 o
788 1696 933 1753 maledieto
947 1698 1079 1768 redemit,
1099 1717 1156 1774 pro
1172 1717 1222 1756 no·
1234 1712 1376 1768 catanens.

69 1797 221 1878 &sactus
238 1798 424 1856 maledictum.
472 1792 520 1857 Ex
538 1816 594 1878 quo
610 1795 685 1858 istud
701 1794 822 1878 colligit,
847 1794 871 1856 si
889 1796 979 1879 ipsius
995 1817 1141 1874 essemus,
1165 1819 1225 1862 noa

69 1897 168 1981 utique
189 1898 265 1981 quud
289 1897 344 1960 iam
368 1918 451 1960 suurn
471 1909 535 1960 erat
554 1898 769 1981 redempturum
791 1897 892 1959 luisse.
940 1894 1014 1960 Cum
1034 1897 1123 1979 igitur
1139 1901 1224 1962 rede-

68 1999 159 2064 misse
177 2001 306 2078 dicatur,
340 2021 463 2063 necesse
482 2012 528 2064 cst
545 2000 670 2063 alienum
687 1999 716 2062 ia
736 2000 872 2061 muudum
892 2000 992 2083 pedem
1009 2001 1158 2084 posuisse,
1193 2014 1224 2066 ut

68 2124 140 2183 uos,
174 2101 222 2187 qui
242 2102 318 2167 illius
338 2125 395 2166 non
415 2124 566 2179 essemus,
598 2102 766 2164 redimeret.
814 2099 896 2186 (lpus
917 2102 994 2163 cuim
1014 2103 1221 2166 eramusalte-

67 2205 147 2286 rius,
177 2205 301 2290 ideoque
324 2227 378 2269 nos
399 2208 489 2269 vitam
511 2207 546 2269 ad
566 2227 647 2269 suam
665 2206 907 2289 transportandas
927 2205 1061 2267 redemit.
1108 2204 1221 2270 Verum

67 2309 136 2373 illud
159 2309 307 2372 bominum
330 2309 535 2372 stolidissimus
558 2309 691 2391 ignorat,
727 2328 907 2391 nequaquam
929 2305 1079 2371 Christum
1102 2307 1221 2371 maledi-

67 2422 145 2476 ctum
168 2413 275 2489 luisse,
308 2412 383 2475 absit
402 2423 433 2475 ut
450 2412 592 2476 eiusmodi
611 2409 744 2495 quiddam
765 2410 955 2489 arbitremur,
988 2410 1040 2472 sed
1060 2434 1124 2474 cum
1145 2413 1220 2476 ultro

66 2536 183 2579 erucem
203 2515 360 2593 subiisset,
384 2526 565 2578 contractum
584 2535 600 2577 a
619 2513 702 2577 uobis
721 2534 760 2576 ex
781 2524 900 2598 peccato
920 2512 1101 2576 maledictum
1121 2515 1221 2578 abstu-

65 2619 155 2696 lisse,
190 2628 220 2681 ut
242 2640 320 2682 mors
345 2619 557 2702 quodammodo
581 2618 683 2680 mortis
706 2627 787 2679 esset
816 2615 899 2700 culpa
928 2626 1026 2679 nostra
1052 2627 1219 2702 susceptae,

64 2720 214 2807 ipsiusque
240 2721 385 2785 maledicti
410 2721 606 2785 maledictum.
658 2716 758 2802 Quare
789 2718 971 2782 maledictum
999 2716 1135 2784 Christus
1160 2742 1219 2784 aron

65 2835 128 2901 est,
161 2824 213 2887 sed
236 2823 388 2888 dissolutio
411 2824 573 2901 maledicti,
609 2834 710 2886 contra
733 2842 806 2886 vero
830 2822 993 2886 benedictio
1018 2823 1152 2887 onanibus
1174 2833 1220 2886 est

62 2927 93 2990 in
111 2947 177 2991 cum
196 2947 266 2990 vere
287 2949 321 2990 ac
339 2929 454 2991 sincere
472 2926 670 2990 credentibus.
715 2922 800 2989 Unde
820 2937 850 2988 et
865 2930 983 2987 redemit
1000 2927 1140 3011 scriptum
1159 2937 1217 3005 est,

65 3051 123 3093 nou
138 3035 214 3091 emit.
256 3028 362 3113 Neque
379 3029 457 3093 cuim
472 3031 502 3093 in
517 3029 641 3092 alienam
659 3029 875 3113 possessionem
891 3029 1043 3111 diripiendi
1058 3030 1104 3093 vel
1119 3051 1218 3093 emen-

63 3132 92 3196 di
114 3132 210 3216 gratia
232 3134 324 3196 veuit.
370 3129 449 3195 Nam
473 3132 497 3195 si
522 3141 651 3212 emeret,
686 3133 761 3216 quod
782 3143 850 3194 ante
871 3153 929 3196 non
949 3132 1074 3195 babebat
1093 3145 1215 3211 emeret,

62 3255 98 3297 ac
114 3234 240 3298 mendici
261 3237 354 3300 instar
372 3235 475 3319 quibus
493 3245 628 3298 caruerat
649 3234 703 3297 sibi
722 3248 915 3319 compararet.
962 3230 1056 3299 Cuius
1074 3246 1170 3297 autern
1187 3236 1216 3298 in

62 3337 177 3423 peculio
199 3358 332 3416 eramus,
365 3339 484 3401 omuino
506 3348 637 3422 egestate
661 3359 715 3401 nos
734 3359 891 3422 oppressus
909 3339 1003 3422 aliqua
1025 3339 1214 3418 vendidisset,

62 3440 146 3524 quasi
167 3462 184 3504 a
203 3440 349 3505 creditore
369 3440 503 3525 quopiam
523 3452 655 3504 coactus.
700 3438 805 3524 Longe
826 3462 896 3503 vero
915 3462 981 3503 sese
1000 3439 1087 3502 aliter
1101 3461 1149 3503 res
1167 3440 1216 3504 ba-

61 3543 122 3607 bet.
167 3541 238 3607 Non
255 3545 330 3606 enim
347 3544 461 3607 emendi
477 3544 567 3608 verbo
584 3564 656 3606 usus
673 3556 736 3621 est,
760 3544 810 3606 sed
832 3543 1002 3606 redimendi.
1049 3538 1106 3607 Cui
1121 3543 1215 3608 simile

61 3657 107 3711 est
130 3646 218 3725 illud,
252 3649 328 3731 quod
352 3648 428 3711 idem
453 3648 603 3733 apostolus
624 3647 682 3711 alin
700 3647 765 3711 loco
783 3647 872 3710 dixit:
907 3651 1078 3708 Redrlnentes
1095 3659 1212 3729 tempus,
1228 3670 1353 3728 apsque.

60 3755 190 3832 qmnsbm
206 3754 266 3813 daea
282 3755 352 3812 meli
364 3763 440 3812 ssent.
489 3751 579 3835 atqui
593 3771 688 3836 neque
704 3750 767 3813 dies
783 3760 918 3812 emuntur
932 3772 949 3812 a
966 3749 1067 3827 nobis,
1090 3772 1145 3814 nec
1162 3775 1215 3838 prn

59 3852 118 3916 illis
143 3853 267 3938 pretium
291 3854 378 3918 ullum
402 3853 612 3940 persolvimus,
645 3854 697 3917 sed
721 3854 756 3917 ad
781 3853 949 3938 patientiam
973 3875 1008 3916 ac
1029 3854 1213 3919 tolerantiam

60 3956 207 4041 animique
226 3958 418 4020 constantiam
435 3957 655 4043 exprimendam
674 3978 738 4020 eam
757 3956 891 4039 loquendi
910 3956 1051 4020 rationem
1071 3957 1211 4023 adhibuit.

60 4056 207 4142 Quocirca
232 4060 391 4123 redimendi
418 4061 538 4123 verbum
563 4070 653 4123 totum
677 4059 745 4122 illud
767 4060 894 4144 suseepti
918 4081 969 4144 pro
994 4061 1087 4124 salute
1113 4074 1214 4128 nostra

59 4162 192 4250 eorporis
214 4163 414 4245 adventusque
437 4161 586 4246 negotium
613 4162 771 4245 significat,
806 4183 862 4246 quo
886 4163 1000 4246 quidem
1028 4165 1087 4248 pati
1113 4178 1213 4231 nostra

59 4287 165 4330 caussa
179 4267 315 4349 dignatus
329 4276 374 4327 est
389 4264 472 4341 deus,
494 4267 541 4348 qui
557 4265 615 4351 pati
631 4264 701 4326 nibil
713 4264 820 4347 alioqui
834 4277 958 4350 poterat,
983 4289 1048 4330 cum
1063 4268 1092 4331 in
1109 4271 1210 4335 eodem

58 4378 136 4432 statu
154 4367 332 4444 divinitatis,
363 4367 489 4453 patiendi
506 4367 660 4445 videlicet,
689 4367 875 4432 nibilominus
896 4370 1078 4454 persisteret.
1124 4371 1210 4456 erod

59 4491 131 4535 reru
154 4471 264 4555 perpeti
287 4470 394 4554 aliquid
418 4492 469 4554 pro
493 4470 577 4534 nobis
599 4471 707 4548 voluit,
740 4493 797 4535 uon
819 4471 848 4536 id
872 4474 985 4536 emendi
1005 4476 1096 4538 nostri
1116 4479 1211 4562 gratia

60 4571 222 4656 praestitit,
253 4574 335 4658 quasi
358 4573 455 4637 alieno
473 4573 617 4658 mancipio
636 4585 821 4656 teneremur,
852 4577 905 4641 sed
923 4599 981 4641 uun
999 4577 1141 4644 duntaxat
1158 4602 1211 4644 no·
