3046 5084
427 359 473 410 an
489 359 678 429 sermonum
695 359 803 411 ucucu
821 360 865 411 nr
880 359 989 410 ruunt
1240 348 1277 410 tt

135 497 201 555 res,
225 474 343 541 xutv.
359 474 560 562 Origenistae,
584 478 620 542 ab
636 475 780 562 Origene,
804 479 853 562 qui
870 478 956 542 etiam
972 477 1164 540 Adamantius
1180 479 1278 563 appel·

134 579 221 643 latur.
259 576 361 644 XLV.
385 577 468 643 Pauli
486 575 715 656 Samosatensis,
738 577 856 641 XLVl.
869 577 1049 656 Manichaei,
1069 580 1116 661 qui
1133 589 1163 642 et
1178 579 1278 643 Acua-

134 681 230 760 nitae,
261 678 395 744 XLVll.
419 679 603 758 Hieracitae,
631 677 783 743 XLVlll.
807 678 978 757 Meletiaoi,
1009 680 1056 763 qui
1081 679 1112 741 in
1138 682 1277 766 Aegypto

135 783 261 846 schisma
280 784 460 859 conflarunt,
483 777 602 843 XLlX.
621 781 736 857 Ariani,
761 780 809 863 qui
828 791 855 841 et
873 780 1087 859 Aricmanitae,
1110 777 1150 842 L.
1166 782 1276 845 Audia-

133 904 236 946 norum
253 894 351 962 secta,
379 879 434 945 Ll.
450 879 633 958 Photioiani,
663 878 732 944 Lll.
747 879 951 958 Marcelliani,
982 878 1067 942 Llll.
1087 878 1275 960 Semiariani,

133 981 219 1048 LlV.
236 982 492 1047 Poeumatomaehi
512 984 576 1046 sive
590 980 812 1062 Macedoniani,
836 993 865 1045 et
883 980 996 1045 Eleusii
1013 980 1157 1066 discipuli,
1183 982 1231 1065 qni
1247 984 1277 1046 in

132 1097 264 1149 sanctum
280 1084 327 1147 dei
341 1083 472 1167 spiritum
488 1085 690 1147 contumeliosi
707 1095 786 1164 sunt,
810 1082 878 1147 LV.
893 1084 1027 1160 Aeriam,
1045 1081 1128 1148 LVl.
1142 1084 1275 1162 hodani,

134 1185 183 1269 qni
207 1196 236 1246 et
255 1185 417 1264 Aoomcci,
442 1185 545 1268 quibus
565 1184 737 1269 adiungitur
751 1184 931 1262 Eunomius,
961 1182 1061 1247 LVll.
1082 1183 1275 1264 Dimocritae,

133 1286 183 1370 qui
199 1286 358 1369 perfectam
374 1283 485 1350 Christi
502 1287 733 1350 incarnationem
747 1286 863 1349 minime
880 1290 1064 1364 confiteatur,
1083 1288 1131 1370 qui
1146 1298 1175 1351 et
1184 1288 1277 1373 Apol-

133 1387 284 1449 linaristee
300 1388 503 1466 nominantur,
530 1386 646 1453 LVlll.
667 1410 767 1452 eorum
785 1389 833 1471 qui
847 1386 972 1475 Mariam
990 1409 1107 1473 semper
1119 1390 1275 1472 virginem,

136 1498 288 1573 postquam
309 1484 493 1552 Salvatorem
512 1490 623 1573 genuit,
648 1512 712 1553 curn
729 1486 853 1573 losepbo
869 1491 1059 1554 consuevisse
1076 1492 1185 1569 dicunt,
1203 1513 1276 1574 quos

135 1590 440 1653 Antidiccmarianitas
459 1591 653 1675 appellamus,
682 1589 770 1654 LlX.
789 1613 889 1654 eorum
908 1591 955 1674 qui
976 1593 1005 1654 in
1025 1613 1130 1655 numen
1148 1592 1277 1656 eiusdem

133 1688 245 1754 Mariae
264 1693 433 1777 collyridam
451 1693 596 1770 oderunt,
620 1704 651 1756 et
668 1689 861 1778 Collyridiani
883 1704 1040 1773 vocantur,
1070 1691 1140 1756 LX.
1160 1692 1277 1758 Massa-

133 1792 214 1870 liaui,
237 1794 271 1856 ad
290 1815 363 1877 qnos
380 1794 575 1876 adiunguntur
592 1792 781 1879 Martyrieni,
805 1815 821 1856 e
839 1795 990 1878 gentilium
1004 1806 1096 1874 secta,
1118 1794 1277 1881 etEupbe·

132 1895 236 1974 mitae,
261 1916 295 1957 ac
317 1892 461 1959 Satanici.

215 2027 304 2093 Nunc
320 2031 444 2114 repetita
463 2032 629 2093 narratione
648 2041 678 2092 et
695 2029 723 2092 in
739 2030 870 2114 singulos
888 2031 978 2096 libros
994 2031 1154 2096 distributis
1175 2033 1278 2097 baere-

134 2131 214 2195 sibus
234 2131 289 2195 hoc
308 2133 338 2195 in
355 2131 439 2195 brevi
455 2132 626 2217 compendio
643 2132 799 2195 declarabo
820 2143 956 2215 quotnam
979 2155 1019 2197 ex
1036 2135 1092 2196 illis
1108 2133 1278 2198 haeresibus

133 2234 163 2295 in
187 2233 285 2317 priore
304 2234 396 2311 libro,
426 2244 496 2317 quot
521 2234 549 2296 in
576 2234 705 2296 secundo
726 2254 760 2295 ec
784 2234 870 2296 tertio
891 2235 1103 2298 contineantur.
1149 2234 1227 2298 Tum
1248 2235 1280 2298 in

134 2335 253 2418 reliquis
277 2334 409 2398 omnibus
436 2346 619 2398 caeterorum
643 2334 781 2398 librorum
804 2335 890 2398 tomis
907 2346 977 2418 quot
1000 2337 1154 2421 unicuique
1177 2335 1280 2400 haere·

134 2456 184 2500 scs
208 2437 362 2500 attributae
390 2445 469 2498 sunt.
515 2434 626 2499 Harum
649 2437 747 2520 itaque
777 2436 903 2499 omnium
931 2437 1025 2499 series
1051 2449 1096 2499 est
1124 2437 1277 2501 eiusmodi.

134 2535 169 2601 ln
187 2539 280 2624 primo
300 2538 374 2600 libro
389 2540 458 2600 tomi
481 2547 541 2601 tres
563 2547 649 2618 sunt,
674 2539 812 2602 haereses
831 2536 935 2602 XLVI
952 2539 1012 2602 suis
1029 2538 1192 2601 nominihus
1210 2561 1279 2601 cca·

138 2650 253 2724 ceptae,
274 2637 479 2702 Barbarismus
495 2638 642 2717 videlicet,
667 2660 701 2703 ac
716 2636 912 2725 Scythismus,
937 2639 1145 2718 Hellenismus,
1168 2636 1281 2702 ludais-

136 2761 214 2819 mns,
238 2762 272 2803 ac
289 2738 522 2806 Samaritismus.
568 2737 601 2803 ln
627 2741 756 2804 secundo
775 2741 848 2804 libro
864 2742 941 2804 tomi
960 2743 1016 2804 duo
1031 2752 1116 2820 sunt,
1141 2740 1280 2805 haereses

133 2838 257 2906 XXlll.
304 2840 337 2905 ln
360 2843 446 2904 tertio
466 2841 539 2904 libro
558 2842 627 2904 tomi
647 2843 721 2919 duo,
745 2842 885 2906 haereses
901 2840 958 2906 Xl.
1004 2841 1037 2906 ln
1058 2843 1163 2929 prioris
1182 2842 1280 2935 ¹itaque

132 2942 197 3005 libri
216 2955 295 3006 torno
310 2944 402 3027 primo
419 2942 557 3006 haereses
568 2940 634 3006 XX
650 2954 730 3023 sunt,
744 2942 961 3022 Barbarisorus,
975 2942 1173 3030 Scythismus,
1188 2944 1281 3009 Grae·

134 3042 255 3123 cismus,
280 3040 452 3108 Iudaismus.
499 3042 680 3108 Graecorum
699 3066 786 3130 porro
803 3046 969 3109 discrimina
988 3047 1146 3111 istasunt:
1170 3045 1281 3132 Pytha-

131 3145 227 3232 gorei,
252 3147 316 3210 sive
333 3144 533 3232 Peripatetici,
553 3144 658 3224 Stoici,
674 3145 823 3232 Epicurei.
852 3144 1025 3212 Samaritica
1044 3149 1186 3227 haeresis,
1207 3167 1280 3230 quae

131 3269 149 3312 a
166 3244 314 3312 ludaismo
331 3248 472 3311 manarit.
511 3244 689 3311 Samaritani
706 3260 831 3332 quatuor
847 3249 876 3311 in
896 3260 993 3333 partes
1009 3250 1184 3324 tribuuntur,
1204 3245 1281 3309 Gor-

132 3350 254 3429 thcuos‚
281 3347 451 3429 Sehuaecs,
475 3346 624 3428 Essenos,
651 3347 821 3415 Dositheos.
874 3349 1047 3414 ludaeorum
1068 3353 1206 3413 haereses
1234 3368 1281 3411 se·

132 3463 228 3536 ptem:
265 3448 408 3530 scribae,
431 3448 601 3530 Pharisaei,
628 3448 809 3533 Sadducaei,
834 3451 1124 3536 Hemerobaptistae,
1157 3447 1278 3528 Ossaei,

133 3551 312 3634 Nassaraei,
336 3551 510 3618 Herodiani.
556 3550 590 3617 ln
616 3555 745 3618 secundo
768 3565 846 3617 tomo
865 3554 929 3617 libri
948 3553 1031 3639 primi
1046 3551 1185 3616 haereses
1200 3549 1279 3615 Xlll

163 3803 206 3857 23.
224 3811 296 3873 roeo
311 3803 425 3878 'drcpoo
456 3813 512 3862 cod.
530 3814 605 3862 Vertat.
617 3805 691 3867 'dori-
757 3809 798 3862 tt.
814 3811 858 3861 τοῦ
875 3823 920 3857 om.
938 3808 991 3862 cod,
1003 3811 1077 3858 Venet.

134 3888 194 3938 uuor.
755 3876 851 3930 32103
868 3891 913 3924 om.
928 3876 979 3924 cod.
997 3878 1071 3926 tenet.

164 3939 205 3990 24.
222 3942 259 3991 lto
274 3945 345 3992 uteo
361 3947 443 3995 decor.
459 3961 513 4009 cap.
525 3944 563 3997 13.
756 3945 798 3998 33.
815 3929 971 4006 Πυθαγόριοι
987 3945 1037 3994 cod.
1053 3947 1128 3996 Venti.

163 4005 206 4058 25.
221 4004 269 4074 cdo
300 4006 485 4078 ermapdaoeo
504 4012 615 4082 Χριστοῦ
637 4017 688 4064 cod.
755 4010 797 4063 34.
815 4007 970 4074 Ἐπικούριοι
986 4013 1036 4061 cod.
1056 4016 1111 4063 Veri.

132 4079 209 4130 tener.
756 4078 796 4130 35.
814 4076 951 4143 scpehnoel
972 4082 1128 4142 scripturam,
1153 4095 1199 4130 aaa
1215 4078 1239 4130 Γ
1240 4097 1279 4145 ορ-

163 4142 205 4197 “ὶ6.
229 4137 409 4207 ’emtionem
435 4149 485 4198 cod.
507 4151 622 4212 Rhodio,
645 4164 690 4212 pro
723 4145 804 4214 borel,
816 4150 850 4195 uti
859 4149 929 4209 culpo
943 4149 1079 4210 edttcmert,
1091 4151 1142 4199 cod.
1151 4151 1280 4210 Venet.fere

129 4226 202 4262 mort.
237 4215 267 4262 lit
284 4215 318 4262 sic
333 4213 405 4274 infre.
723 4219 806 4276 ubique
821 4220 903 4274 luetur,
920 4229 972 4265 cum
985 4230 1030 4277 quo
1043 4219 1177 4277 conspirant
1189 4219 1280 4276 poesim

162 4279 204 4332 Ἡ·
225 4284 297 4343 dude!
311 4282 362 4331 θοὰ,
376 4279 632 4349 trecasinensem
647 4284 692 4336 καὶ
726 4290 747 4333 et
760 4286 845 4333 coeteri
855 4284 921 4332 codd.
932 4297 986 4332 mss.
1009 4281 1146 4348 Γοροὲτηνοὶ
1157 4286 1280 4344 appelleo-

129 4341 174 4400 ἀεὶ
188 4347 319 4415 trophinae.
726 4356 764 4400 tur
778 4353 848 4400 etium
862 4354 886 4400 r'a
900 4353 951 4400 cod.
968 4352 1050 4400 Βαῐιιι.
1065 4353 1173 4399 Parisino
1188 4353 1228 4411 qai
1238 4353 1279 4400 tt't-

163 4416 205 4468 28.
223 4415 247 4468 cl
263 4415 307 4468 καὶ
323 4417 375 4466 dod.
396 4419 451 4467 Vra.
726 4423 787 4469 cetat
801 4420 925 4468 Choriatne
943 4420 1083 4467 thesaurum
1100 4421 1205 4468 continet.

164 4481 205 4534 29.
223 4481 424 4549 Keilcoprdruocl
439 4486 490 4535 rod.
510 4487 584 4536 Venet.
759 4484 800 4539 36.
817 4485 940 4538 docitem
954 4487 1004 4535 cod.
1016 4489 1092 4534 Venet.
1108 4486 1155 4546 irre
1165 4488 1256 4549 ubique

165 4547 206 4602 30.
224 4549 316 4619 βιβλίον
333 4554 383 4604 cod
402 4555 477 4604 Venet.
759 4554 801 4608 37.
820 4549 902 4607 c'ccict
918 4556 969 4604 cad.
984 4554 1080 4614 lthedtp.
