3046 5084
188 342 249 403 558
611 352 731 402 ειαοτι
751 350 918 401 τοιουτου

189 476 274 534 τοῦτο
294 470 325 533 δὲ
342 473 543 550 σημαίνουσαν
559 468 577 532 δ
592 465 682 544 αύτός
698 469 788 551 λέγει,
818 466 862 532 ὅτι
879 468 969 547 φησί,
1001 470 1186 541 Βαπτισθείς
1207 462 1228 531 6
1243 468 1347 551 κύριος

188 569 247 635 ύπό
270 578 323 636 τοῦ
344 568 484 635 Ἰωάννου
508 573 583 654 ἔλεγε
604 580 665 645 τοῖς
687 578 849 651 μαθηταῖς,
882 567 1037 651 Βάπτισμα
1056 571 1112 651 ἔχω
1129 576 1346 655 βαπτισθῆναι,

67 690 175 747 pam.
189 676 239 737 καὶ
260 678 288 736 τί
310 675 404 750 θέλω,
434 675 460 735 εί
475 670 532 753 ήδη
550 674 679 736 τετέλεκα
698 670 785 749 αύτός
815 674 865 735 καὶ
881 671 983 749 πάλιν,
1016 670 1168 756 Ποτήριον
1184 672 1243 754 ἔχω
1258 680 1344 749 πιεῖν,

187 779 237 841 καί
262 779 289 839 τί
310 777 388 839 θέλω
411 779 438 838 εἰ
457 773 515 855 ήδη
537 774 682 859 πληρῶσω
703 773 791 851 αύτός
825 777 884 837 Καὶ
902 774 980 839 ούτω
999 773 1030 838 τό
1051 776 1169 839 διδόναι
1186 778 1276 839 πλείω
1294 778 1344 855 βα-

188 884 333 959 πτίσματα
356 876 551 961 ἐδογμάτισεν.

58 992 124 1057 Κεφ.
140 985 171 1041 ό.
278 977 322 1043 Ού
339 978 432 1059 μόνον
449 980 480 1043 δὲ
497 986 599 1055 τοῦτο,
629 977 700 1041 άλλά
718 981 768 1042 καί
785 978 837 1043 τόν
853 978 945 1059 νόμον
961 976 1133 1061 άποβάλλει,
1164 980 1216 1043 καί
1234 977 1345 1053 πάντας

188 1081 361 1165 προφήτας,
391 1084 481 1165 λέγων
499 1084 531 1145 ίκ
548 1090 601 1145 τοῦ
614 1079 772 1165 ’Ἀρχοντος
790 1090 843 1145 τοῦ
861 1079 912 1145 τόν
929 1080 1042 1162 κόσμον
1058 1080 1260 1163 πεποιηκότος
1278 1078 1345 1156 τούς

188 1184 342 1259 τοιούτους
358 1185 641 1267 προπεφητευκέναι.
690 1184 819 1267 Χριστόν
836 1184 867 1247 δὲ
882 1186 954 1267 λέγει
972 1182 1090 1248 άνωθεν
1107 1180 1168 1247 άπό
1185 1190 1240 1249 τοῦ
1257 1181 1345 1269 άορά-

188 1315 240 1352 του
256 1289 305 1351 καὶ
321 1284 560 1367 ἀκατονομάστου
577 1284 696 1368 Πατρός
711 1289 942 1369 καταβεβηκὲναι
960 1288 1008 1351 ἐπὶ
1023 1291 1152 1373 σωτηρίᾳ
1168 1293 1230 1350 τῶν
1242 1292 1345 1369 ψυχῶν

189 1392 240 1452 καὶ
265 1391 314 1453 ἐπὶ
336 1391 438 1474 ἐλέγχῳ
460 1395 511 1451 τοῦ
532 1394 606 1451 θεοῦ
624 1395 681 1451 τῶν
696 1386 863 1466 Ἰουδαίων,
895 1390 945 1451 καί
964 1387 1074 1469 νόμον,
1104 1390 1153 1452 καί
1171 1396 1344 1472 προφητῶν,

189 1493 240 1553 καὶ
256 1497 313 1554 τῶν
329 1489 484 1554 τοιούτων·
507 1492 558 1553 καί
574 1488 639 1570 άχρι
654 1489 731 1576 ξίδου
745 1493 979 1572 καταβεβηκίναι
992 1489 1044 1554 τόν
1060 1488 1175 1573 κύριον,
1196 1494 1249 1555 ἵνα
1265 1490 1344 1579 σῶση

190 1590 260 1666 τούς
284 1594 351 1674 περὶ
375 1594 453 1654 Κάϊν
475 1594 525 1655 καί
551 1593 627 1675 Κορὲ
648 1594 698 1655 καὶ
719 1591 829 1655 Λαθάν
850 1595 899 1656 καί
927 1590 1097 1677 1Ἀβηρῶν,
1127 1590 1221 1657 Ἠσαῦ
1245 1594 1345 1659 τεκαὶ

189 1696 286 1759 πάντα
309 1694 343 1758 τά
366 1697 440 1774 ίθνη
464 1693 499 1757 τά
522 1692 562 1775 μή
585 1693 767 1777 ἕπεγνωκότα
788 1693 840 1759 τόν
859 1693 931 1759 θεόν
953 1702 1011 1759 τῶν
1026 1692 1194 1772 Ἰουδαίων,
1225 1694 1296 1771 τούς
1314 1694 1345 1759 δί

189 1799 256 1879 περὶ
267 1794 355 1877 ’Ἅβελ
377 1798 425 1859 καί
443 1793 534 1877 ’Πνῶχ
555 1799 606 1859 καὶ
629 1803 695 1861 Νῶε
717 1799 765 1861 καί
783 1795 914 1882 Ἀβραάμ
932 1799 983 1861 καί
996 1794 1092 1861 Ἰσαάκ
1111 1800 1160 1861 καί
1175 1796 1284 1881 'sanda
1296 1798 1344 1861 καί

191 1900 341 1973 Μωϋσία,
370 1902 466 1978 Δαβίδ
483 1923 512 1961 τε
527 1901 577 1962 καί
591 1906 757 1979 Σαλομῶνα
774 1901 836 1963 ἐκεῖ
847 1901 1097 1965 καταλελοιπέναι·
1125 1898 1202 1965 διότι
1220 1902 1344 1985 ἐπίγνω-

189 2023 261 2078 σαν,
285 2001 375 2081 φησί,
405 1999 457 2064 τόν
473 2000 546 2065 θεόν
562 2008 621 2064 τῶν
636 1998 802 2075 Ἰουδαίων,
833 1999 903 2065 ὅντα
919 2000 1047 2083 ποιητήν
1063 2004 1114 2066 καὶ
1131 2000 1267 2083 κτιστήν,
1297 2002 1345 2067 καί

189 2103 225 2167 τά
241 2102 414 2185 καθήκοντα
428 2101 521 2167 αὐτοῦ
540 2102 733 2184 πεποιήκασι,
755 2106 805 2167 καὶ
821 2102 885 2185 ούχί
900 2112 941 2191 τῷ
957 2111 1020 2192 θεῷ
1034 2112 1074 2192 τῷ
1090 2102 1209 2193 άοράτμ
1224 2101 1346 2178 ἑαυτούς

189 2207 414 2286 προςανὲθευτο.
448 2210 558 2270 Δίδωσι
573 2208 624 2269 καί
639 2203 801 2289 ἐπιτροπήν
815 2208 930 2289 γυναιξὶ
945 2206 1096 2289 βάπτισμα
1111 2204 1238 2272 διδόναι.
1272 2202 1345 2287 Πιιηί

191 2306 293 2384 αύτοῖς
309 2306 364 2393 γάρ
382 2311 477 2371 πάντα
493 2307 595 2389 χλεύης
611 2310 735 2390 ἔμπλεα,
758 2310 806 2370 καί
824 2306 911 2372 ούδίν
929 2310 1044 2393 ἕτερον,
1066 2308 1157 2373 δ’ποιε
1174 2310 1227 2374 καί
1242 2306 1280 2373 τά
1294 2334 1346 2391 μυ-

191 2408 295 2493 στήρια
313 2409 441 2474 ἐνῶπιον
457 2412 681 2492 κατηχουμίνων
698 2412 836 2474 ἐπιτελεῖν
850 2418 1001 2491 τολμῶσιν.
1044 2408 1221 2477 Ἀνάστασιν
1237 2412 1286 2489 δί,
1307 2406 1347 2484 ῶς

191 2509 290 2589 είπον,
313 2504 400 2599 οὗτος
414 2514 488 2597 λε’γει
503 2509 569 2593 ούχὶ
584 2510 743 2593 σωμάτων,
766 2510 837 2575 άλλά
852 2521 976 2595 ψυχῶν,
997 2514 1048 2578 καί
1065 2517 1214 2598 σωτηρίαν
1228 2512 1347 2589 ταύταις

190 2611 330 2697 ὁρίζεται,
353 2612 419 2695 ούχί
433 2622 495 2688 τοῖς
508 2612 637 2694 σῶμασι·
660 2617 708 2678 καί
725 2614 938 2699 μεταγγισμούς
953 2612 1065 2696 όμοίως
1078 2622 1139 2681 τῶν
1154 2622 1274 2699 ψυχῶν,
1297 2616 1345 2681 ιιιδ

189 2715 459 2799 μετενσωματῶσεις
481 2713 540 2779 άπδ
563 2715 706 2797 σωμάτων
728 2720 769 2791 είς
791 2716 912 2800 σῶματα
932 2716 1049 2797 φάσκει.

168 2980 172 2988 ,
279 2921 473 3003 Πανταχόθεν
491 2923 522 2986 δὲ
537 2926 637 2986 πίπτει
650 2920 669 3003 ή
684 2920 778 2988 αύτοῦ
792 2927 900 3004 ματαία
915 2926 1098 3002 κενοφωνία,
1121 2918 1164 2997 ῶς
1175 2920 1237 3007 ἤδη
1251 2924 1349 3007 μοιίν

191 3023 289 3100 άλλαις
306 3026 430 3107 αι’ρίσεσι
448 3024 711 3109 πεπραγμάτευται.
758 3032 831 3101 Πῶς
847 3023 903 3109 γάρ
919 3022 1112 3107 άναστήσεται
1134 3022 1155 3107 ή
1175 3024 1218 3109 μή
1234 3050 1349 3091 πεπτω·

191 3130 264 3193 κοῖα
276 3126 359 3209 ψυχή
367 3154 376 3204 3
399 3125 558 3203 άνάστασις
571 3128 602 3191 δὲ
617 3134 680 3203 πῶς
695 3124 785 3209 αὐτῆς
797 3126 986 3209 κληθήσεται,
1004 3134 1057 3209 τῆς
1070 3124 1112 3209 μή
1125 3126 1276 3211 πεσούσης
1288 3146 1346 3211 ’φυ-

188 3239 258 3314 χῆςς
291 3236 360 3293 Πᾶν
381 3228 435 3315 γάρ
458 3230 490 3294 τό
510 3234 620 3295 πίπτον
638 3228 824 3306 ἀναστάσεως
843 3234 949 3294 δεῖται·
978 3232 1078 3295 πίπτει
1094 3230 1127 3295 δδ
1143 3227 1199 3313 ούχ
1215 3226 1238 3314 ή
1254 3230 1347 3315 ψυχή,

190 3330 261 3396 άλλά
277 3338 369 3414 σῶμα.
403 3332 501 3396 Ὅθεν
518 3336 567 3397 καί
584 3338 704 3408 δικαίως
717 3340 824 3413 πτῶμα
843 3328 915 3397 αύτό
934 3328 954 3414 ή
972 3331 1118 3415 συνήθεια
1132 3334 1225 3399 εἴωθε
1238 3342 1347 3411 καλεῖν,

189 3437 239 3500 καὶ
256 3432 346 3510 αύτός
365 3432 382 3500 6
399 3435 503 3517 κύριος
520 3435 612 3499 είπῶν
631 3434 692 3513 ὅτι,
712 3434 814 3501 Ὅπου
830 3435 863 3501 τό
883 3442 1004 3517 πτῶμα,
1035 3438 1098 3500 ἐκεῖ
1109 3434 1348 3519 συναχθήσονται

190 3539 241 3601 καί
258 3541 288 3602 οί
302 3535 390 3602 άετοί.
436 3540 496 3603 Καί
511 3538 567 3622 γάρ
583 3540 614 3602 ἐν
628 3548 689 3612 τοῖς
702 3538 851 3620 μνήμασιν
864 3537 903 3604 ού
916 3542 1125 3619 κατακλείομεν
1139 3536 1256 3621 ψυχάς,
1277 3534 1348 3603 dui

191 3638 312 3721 σῶματα
327 3642 552 3722 κατατιθίιιμεν,
576 3642 607 3704 ἒν
623 3647 660 3729 μή
676 3639 903 3722 καταχώσαντες,
922 3634 966 3705 ῶν
979 3637 999 3722 ή
1015 3637 1174 3714 άνάστασις
1184 3641 1230 3715 είς
1244 3642 1348 3705 ίλπίδν

192 3744 247 3824 ἔχει
263 3740 296 3806 τό
313 3741 468 3827 κήρυγμα,
497 3742 635 3827 καθάπερ
653 3739 670 3806 6
686 3749 739 3806 τοῦ
755 3747 839 3806 σίτου
856 3740 979 3815 κόκκος·
1010 3738 1052 3816 ῶς
1066 3742 1119 3805 καί
1135 3738 1154 3805 ό
1171 3740 1257 3827 ῶγιος
1273 3738 1346 3809 άπό·

191 3852 293 3919 στολος
309 3842 363 3925 τήν
380 3851 542 3930 μαρτυρίαν
557 3844 661 3930 ήνεγκε
677 3846 743 3925 περὶ
755 3852 810 3909 τοῦ
822 3842 936 3909 κόκκον
950 3848 1003 3907 τοῦ
1017 3846 1101 3909 σίτου
1115 3844 1167 3907 καὶ
1180 3850 1243 3911 τῶν
1256 3842 1348 3911 mm

190 3945 381 4028 σπερμάτων,
410 3950 460 4012 καὶ
476 3946 565 4024 αύτδς
582 3948 614 4012 δὲ
633 3945 650 4011 6
668 3945 772 4030 κύριος
788 3948 819 4011 ἒν
836 3953 876 4035 τῷ
892 3944 1048 4034 εύαγγελίιμ
1064 3942 1128 4025 δτι,
1155 3942 1228 4013 Ἐάν
1243 3946 1286 4033 μή
1299 3970 1347 4013 πν-

68 4082 120 4130 ρας.
133 4070 177 4114 σοι.
192 4049 252 4113 σῶν
268 4047 285 4114 ό
302 4048 415 4126 κόκκος
428 4057 481 4115 τοῦ
496 4055 578 4115 σίτου
595 4048 755 4138 άποθάνη,
783 4048 873 4132 μόνος
891 4049 977 4131 μίνει.
1018 4046 1053 4113 Ὁ
1069 4048 1102 4113 δὲ
1117 4046 1204 4133 άγιος
1221 4046 1346 4117 άπόσνν·

190 4150 241 4226 λός
262 4172 354 4233 φησιν
376 4192 417 4202 -
439 4152 558 4235 άφρονα
574 4151 629 4237 γάρ
646 4160 731 4216 καλεῖ
744 4150 796 4215 τόν
814 4150 939 4217 άπιστον
957 4150 1008 4217 τόν
1023 4150 1100 4227 δ’λως
1115 4148 1346 4237 impium.

190 4254 240 4316 καί
256 4255 392 4336 λέγοντα,
417 4262 489 4329 Πῶς
503 4253 523 4337 ἡ
540 4254 698 4331 άνάστασις
710 4258 834 4338 γίνεταις
857 4258 934 4343 ποίῳ
950 4254 983 4319 δὲ
997 4252 1112 4335 σῶμσνι
1125 4256 1278 4339 ἔρχονταις
1296 4254 1348 4323 d

191 4351 285 4430 εύθύς
298 4354 375 4441 πρός
389 4354 460 4432 τούς
473 4356 626 4434 τοιούτους
639 4359 742 4441 φησίν,
756 4354 898 4442 Ἄφρων,
921 4354 958 4421 σύ
972 4354 991 4422 δ
1005 4360 1134 4441 σπείρεις
1147 4354 1187 4423 ού
1198 4364 1345 4447 ζωογονεῖ-

226 4580 284 4631 Cn.
298 4582 340 4631 1v.
358 4610 389 4621 ·-
414 4584 436 4633 1.
454 4576 544 4650 α’βηρῶ
561 4586 615 4635 edit.
627 4588 703 4647 μτίιιτ.
