3046 5084
279 348 341 407 670
701 359 821 410 SANCTl
838 358 1008 410 EPIPHANH

280 479 393 538 πείθειν
417 495 463 554 σε,
496 466 521 538 ά
542 479 707 557 Μαρκίων,
736 473 787 555 εἶφ’
812 468 854 539 νῦν
878 478 951 557 ἐχεις
975 476 1180 561 γεγραμμένων
1202 472 1354 557 λειψάνων
1378 480 1430 541 τοῦ

281 575 464 661 εὐαγγελίου,
487 576 599 660 καὶμὴ
622 575 680 642 ῦπό
704 584 759 642 σοῦ
781 575 963 643 α’πατῦσθαι.

366 678 390 764 γ’
405 682 456 743 καὶ
468 678 509 758 κζ
524 679 609 763 Σχόλ.
634 678 771 763 Ἔχοντες
782 681 814 745 δὲ
825 679 858 745 τό
873 678 945 745 αύτό
958 687 1074 764 πνεῦμα
1086 688 1138 764 τῆς
1150 684 1276 757 πίστεως
1289 682 1339 745 καὶ
1349 675 1432 762 ἡμεῖς

280 781 469 865 πιστεύομεν,
502 782 594 848 76ῦιό
613 785 663 848 καὶ
682 790 831 865 λαλοῦμεν.
874 780 1014 865 Ἐξέκοψε
1028 783 1060 848 δέ
1075 781 1126 863 τό,
1157 782 1243 849 Κατά
1257 781 1294 849 τό
1310 808 1428 869 γεγραμ

279 888 378 968 μένον.

362 987 386 1073 γ’
406 989 455 1052 καὶ
471 986 512 1065 κζ’
522 984 633 1072 ’Έλεγχ
669 986 714 1054 Ού
731 987 889 1071 δοθήσεταί
910 1009 958 1053 σοι
974 990 1066 1064 τόπος
1084 990 1116 1054 ἐν
1132 984 1179 1064 οίς
1195 986 1233 1053 ἄν
1246 990 1430 1071 τολμήσειας.

282 1089 347 1155 Κάν
364 1116 394 1155 τε
411 1088 466 1174 γάρ
485 1088 621 1179 ἐκκόψης
636 1090 684 1169 τό,
714 1090 797 1154 Κανά
813 1090 847 1156 τό
864 1093 1075 1175 γεγραμμένον,
1105 1094 1238 1170 φαίνεται
1255 1086 1278 1173 ἡ
1293 1096 1432 1173 τῆςπρο.

279 1194 479 1279 γεγραμμένης
499 1194 601 1269 λέξεως
620 1190 792 1258 άκολουθία.
835 1190 907 1257 ’Λπό
928 1200 981 1257 τοῦ
999 1191 1069 1277 γάρ,
1098 1189 1287 1271 Ἐπίστευσα,
1316 1190 1364 1257 διό
1383 1192 1433 1257 καλ

280 1296 417 1377 ἐλάλησα,
447 1292 540 1369 εύθύς
555 1293 591 1357 τά
607 1298 655 1359 ίσα
672 1297 827 1380 ἐπενέγκας
842 1293 860 1360 ό
877 1293 1040 1371 άπόστολος
1056 1298 1130 1377 ἔφη,
1152 1293 1291 1377 Ἔχοντες
1308 1292 1342 1359 τό
1360 1290 1431 1359 αάτό

280 1405 395 1479 πνεῦμα
416 1405 469 1479 τῆς
486 1403 607 1473 πίστεως
624 1399 672 1462 καλ
691 1395 774 1479 ἡμεῖς
790 1396 977 1480 πιστεύομεν,
1005 1395 1051 1464 διό
1069 1399 1120 1463 καί
1134 1403 1287 1479 λαλοῦμεν.
1335 1398 1432 1461 Παντλ

280 1503 312 1565 δέ
332 1527 373 1588 τῳ
395 1501 488 1579 σαφές
510 1502 566 1564 ἐστι
588 1507 692 1578 τοῦτο,
724 1499 770 1565 ότι
787 1504 875 1589 ἐντῷ
893 1503 1037 1590 ἑκατοστῷ
1055 1498 1306 1588 πεντεκαιδεκάτῳ
1322 1504 1432 1587 ψαλμῷ

280 1607 311 1668 ἐν
332 1611 373 1691 τῷ
393 1601 446 1684 τὴν
468 1600 633 1687 ἐπιγραφὴν
656 1600 868 1685 77Ἀλληλουΐα
886 1606 995 1685 ἔχοντι,
1025 1610 1078 1686 τῆς
1095 1604 1126 1668 δὲ
1141 1609 1194 1668 τοῦ
1210 1604 1312 1684 Δαβλῦ
1328 1604 1432 1685 βίβλου

279 1704 340 1771 όντι
357 1707 407 1769 καὶ
424 1702 475 1769 ύπ’
494 1702 585 1769 αῦτοῦ
604 1707 890 1794 προπεφητευμένῳ,
920 1702 938 1770 ό
953 1704 1040 1791 λόγος
1055 1712 1109 1771 τοῦ
1121 1702 1296 1771 Ἐπίστευσα
1312 1706 1374 1769 ἐστι
1389 1726 1431 1789 γε·

278 1809 453 1893 γραμμένος.
488 1807 586 1872 Ὅθεν
606 1810 657 1873 καὶ
679 1805 696 1873 ό
714 1806 874 1884 ἀπόστολος
891 1810 975 1890 ἔλαβε
993 1806 1025 1873 τό
1043 1806 1150 1892 ῥητόν,
1176 1809 1229 1873 καί
1245 1804 1358 1889 όμοίως
1374 1806 1433 1887 ἐφη

162 1948 211 1993 ρας.
221 1937 265 1980 ωε.
279 1909 328 1990 τό,
358 1910 413 1975 Διό
430 1908 604 1992 πιστεύομεν
620 1913 671 1975 καὶ
686 1908 769 1992 ἡμεῖς
784 1913 833 1975 καλ
850 1918 1006 1993 λαλοῦμεν,
1036 1908 1078 1986 είς
1096 1908 1137 1975 τόν
1152 1917 1207 1976 τοῦ
1222 1906 1360 1995 άρνθμυῦ
1374 1914 1433 1973 τῶν

281 2012 461 2079 άποστόλων.
495 2011 591 2076 Ὅθεν
614 2010 650 2077 ού
671 2014 760 2097 λέγει,
790 2012 846 2078 Διό
870 2015 921 2078 καὶ
939 2016 1092 2079 ἐπίστευσα
1110 2014 1160 2077 καλ
1179 2010 1321 2095 ἐλάλησα,
1351 2008 1431 2089 άλλά,

277 2115 376 2199 Ἡμεῖς
390 2118 578 2198 πιστεύομεν,
601 2114 648 2180 διό
665 2119 715 2180 καί
729 2122 885 2197 λαλοῦμεν,
907 2118 956 2180 ἵνα
973 2113 1078 2181 ἔαυτόν
1091 2113 1162 2198 μετά
1176 2122 1236 2179 τῶν
1251 2110 1349 2181 ἄλλων
1361 2110 1432 2179 άπσ·

280 2220 391 2285 στόλων
408 2218 538 2307 συνάψῃ.
584 2222 644 2282 Καί
660 2239 766 2301 φησιν,
789 2215 925 2298 Ἔχοντες
942 2218 973 2283 δέ
990 2216 1023 2283 τύ
1040 2214 1110 2283 αάτό
1127 2224 1260 2299 πνεῦμα,
1287 2220 1341 2283 λ’να
1353 2220 1432 2307 δείξῃ

279 2320 312 2387 τό
335 2325 366 2386 ἐν
389 2330 429 2409 τῷ
447 2323 544 2403 Δαβίδ
562 2327 689 2403 λαλῆσαν
705 2327 820 2401 πνεῦμα
836 2317 869 2384 τό
887 2317 959 2385 αύτό
977 2318 1012 2385 όν
1029 2326 1143 2403 πνεῦμα
1159 2320 1210 2385 καί
1229 2321 1262 2385 ἐν
1277 2328 1344 2397 τοῖς
1358 2316 1431 2387 άεεν·

279 2423 407 2503 στόλοις,
430 2421 482 2503 ἀφ’
496 2415 587 2507 οὗπερ
602 2424 668 2489 τότε
683 2425 793 2497 ἐκεῖνος
807 2420 1002 2505 προφητεύων
1015 2425 1176 2489 ἐπίστευεν·
1198 2423 1232 2487 ἐν
1247 2414 1272 2511 ᾇ
1288 2420 1431 2505 πνεύματι

280 2529 329 2591 καλ
348 2523 431 2591 αὐτοὶ
447 2524 529 2601 ίίντες
545 2524 714 2591 πιστεύουσι
731 2527 780 2589 καὶ
796 2531 923 2589 λαλοῦσι.
968 2523 1068 2608 Πολλὴ
1085 2526 1116 2590 δὲ
1131 2522 1233 2591 demta
1247 2527 1300 2590 καλ
1315 2534 1430 2593 πλευνε·

279 2634 341 2707 ξία,
364 2625 404 2703 οἷς
421 2630 528 2705 εἰπεῖν,
552 2633 588 2673 ⁷⁸
598 2626 812 2710 διανοημάτων.
860 2633 920 2692 Τοῦ
937 2626 993 2712 γάρ
1008 2623 1176 2694 άποστόλου
1188 2630 1225 2693 tv
1240 2628 1293 2693 καλ
1308 2626 1343 2695 τό
1360 2624 1431 2695 utho*

280 2737 395 2812 πνεῦμα
412 2728 593 2811 φάσκοντος,
625 2738 689 2805 πῶς
711 2726 731 2812 ἦ
747 2736 800 2793 τοῦ
817 2732 1002 2813 Μαρκίωνος
1016 2727 1104 2796 άνοια
1121 2726 1310 2815 όμυλυγοῦσα
1325 2736 1432 2797 τοῦτον

279 2831 331 2897 τόν
351 2831 439 2918 λόγον
460 2830 512 2897 τόν
529 2830 615 2917 άγιον
632 2830 797 2897 α’πόστολον
814 2832 962 2915 είρηκέναι
977 2838 1068 2921 τολμᾷ
1082 2832 1175 2918 λέγειν
1190 2830 1259 2899 άλλυ
1275 2828 1354 2901 εἶναι
1367 2830 1432 2901 τότε

279 2933 311 3000 τό
334 2942 465 3017 πνεῦμα,
487 2936 536 3000 καὶ
560 2932 627 3000 άλλο
648 2932 682 2999 τό
705 2936 737 3000 ἐν
759 2943 820 3010 τοῖς
840 2931 1024 3011 άποστόλοις.

410 3332 487 3387 ΤΗΣ
510 3330 610 3387 ΠΡΟΣ
633 3330 822 3387 ΡΩΜΑΙΟΥΣ
847 3330 1045 3387 ΤΕΤΑΡΤΗΣ
1070 3330 1301 3385 ΕΠΙΣΤΟΔΗΣ.

368 3450 471 3527 Ούτως
493 3451 630 3537 γάρ.ἐστι
651 3450 733 3537 παρά
755 3460 795 3540 τῷ
812 3454 973 3536 Μαρκίωνι
992 3450 1127 3533 κειμένη,
1155 3452 1206 3516 ἵνα
1227 3448 1323 3533 μηῦλν
1337 3446 1433 3537 όρθόν

280 3554 348 3640 παρ’
370 3553 450 3644 αύτῷ
475 3559 528 3637 είη.

364 3657 390 3720 α’
408 3660 457 3723 καὶ
472 3656 517 3738 κη’
533 3656 618 3741 Σχόλ.
641 3656 728 3723 Ὅσοι
744 3653 862 3738 άνόμως
877 3654 1023 3741 ἥμαρτον,
1044 3652 1164 3738 άνόμως
1175 3656 1227 3721 καλ
1241 3652 1432 3735 άπολοῦπσι,

280 3762 331 3824 καὶ
355 3759 420 3825 ὅσοι
444 3762 522 3825 ⁷⁹ev
545 3759 626 3848 νόμῳ
647 3759 779 3844 ἥμαρτον
786 3810 794 3837 ,
824 3756 872 3824 διά
894 3757 989 3841 νόμου
1010 3756 1215 3842 κριθήσονται.
1262 3754 1310 3825 Οό
1326 3756 1436 3847 γάρτί

281 3861 422 3944 άκροαταὶ
442 3860 536 3944 νόμου
554 3866 663 3929 δίκαιον
681 3860 761 3947 παρά
779 3868 820 3950 τῷ
836 3866 914 3949 θεῷ,
944 3858 1002 3926 ἄλλ’
1020 3864 1052 3926 οί
1064 3863 1185 3945 ποιηταί
1200 3858 1298 3945 νόμον
1314 3864 1433 3929 om

281 3965 433 4049 θήσονται.

365 4068 391 4133 α’
411 4070 461 4133 καὶ
478 4067 524 4150 κη’
536 4066 646 4154 Ἔλεγχ.
680 4071 722 4131 El
741 4066 805 4133 ὅσοι
826 4064 946 4148 άνόμως
966 4064 1114 4152 ἥμαρτον,
1146 4062 1266 4151 άνύμως
1287 4068 1339 4133 καλ
1360 4064 1434 4135 ελπτ-

281 4175 413 4250 λοῦνται,
435 4177 579 4256 σωτηρίας
595 4170 613 4236 ό
630 4170 720 4254 νόμος
735 4174 889 4254 παραίτιος
905 4167 1139 4251 φῦλαττόμενος,
1167 4170 1219 4235 καλ
1235 4167 1278 4254 μή
1292 4172 1354 4237 ἐῶν
1365 4168 1436 4249 τοῦς

282 4272 481 4354 φυλάττοντας
497 4270 690 4339 άπόλλυσθαι.
735 4273 796 4337 Καὶ
813 4274 840 4337 εί
856 4275 888 4337 οί
902 4270 953 4338 διά
968 4270 1064 4355 νόμου
1082 4268 1301 4359 άμαρτῆσαττες
1316 4272 1370 4341 διά
1383 4270 1434 4341 νά·

281 4402 339 4458 μου
354 4376 563 4463 κριθήσονται,
586 4374 643 4462 άρα
657 4373 759 4462 κριτης
773 4382 833 4441 τῶν
847 4374 1044 4463 παραβάσεων
1056 4372 1075 4441 ό
1089 4374 1196 4460 νόμος,
1217 4372 1275 4445 οῦκ
1288 4374 1436 4457 αἰτωλείις

314 4534 355 4657 λλ.
370 4538 659 4670 άλληελιάάάσλλιότὶκιπ
680 4606 744 4668 quod
759 4607 841 4657 νίιίωιι
858 4618 888 4655 ετ
903 4606 955 4655 οισ.
968 4606 1042 4657 λαιόν.
1058 4606 1159 4659 ωπετίί
1171 4604 1293 4659 Nm
