3046 5084
172 346 233 407 652
592 352 713 405 ελαοτῐ
729 353 898 405 Ενινεειαιι

256 473 282 556 η’
304 478 354 538 καὶ
376 471 410 548 ις’
428 470 512 554 Σχάλ.
544 470 601 553 Μὴ
622 478 680 535 τῶν
702 474 783 552 βοῶν
804 471 881 553 μέλει
901 477 942 559 τρῖ
963 479 1039 561 θεῷ,

255 574 281 657 η’
296 578 345 640 καὶ
363 575 397 650 ις’
406 574 516 658 Ἔλεγχ.
541 571 621 655 ’Ήδη
636 570 938 658 διοπεπραγμάτευται
954 576 1003 638 καί
1018 570 1069 639 διά
1085 571 1214 649 πλάτους
1227 572 1320 657 ἡρμή-

173 705 268 743 νευται
291 682 321 743 ἐν
342 686 383 766 τῷ
400 676 458 762 πρδ
477 673 569 740 αὐτοῦ
587 680 674 763 ῥητῷ,
719 674 775 741 Διδ
794 674 929 761 περιττδν
946 673 1128 761 ἡγησάμενος
1145 667 1239 752 αὖθις
1253 678 1319 757 περί

171 779 264 846 αὐτοῦ
285 783 374 865 λέγειν
396 778 546 864 ἠρκέσθην
568 787 630 853 τοῖς
651 780 881 863 προειρημένοις.

255 881 285 946 θ’
301 883 351 946 καί
367 880 401 959 ιζ
414 880 501 964 Σχόλ.
535 878 581 945 Οὗ
596 882 675 946 θέλω
692 880 746 966 γάρ
764 878 842 961 ὑμᾶς
857 877 984 965 άγνοεῖν,
1007 878 1141 960 οίδελφολ,
1163 878 1213 946 ὅτι
1226 883 1258 945 οέ
1268 906 1321 945 πα-

171 988 250 1070 τέρες
274 982 403 1066 26ὑμῶν
425 981 483 1048 άπὸ
506 982 560 1065 τὴν
581 985 704 1064 νεφέλην
726 977 817 1065 ἦσαν,
846 986 896 1048 καί
911 981 1018 1059 πάντες
1035 982 1085 1049 διοί
1101 990 1154 1066 τῆς
1169 982 1323 1065 θαλάσσης

172 1092 312 1171 διῆλθον,
333 1088 384 1152 καί
400 1084 506 1161 πάντες
521 1084 553 1150 τά
572 1082 642 1150 ου’τδ
661 1085 859 1168 πνευματικὸν
875 1088 987 1171 ἐφαγον
1002 1089 1122 1170 βρῶμα,
1145 1086 1195 1151 καί
1215 1084 1322 1161 πάντες

171 1189 203 1255 τά
224 1187 295 1254 αάτὸ
315 1186 511 1270 πνευματικόν
533 1190 617 1252 ἐπιον
638 1187 728 1270 πόμα.
763 1186 888 1253 Ἕπινον
909 1186 965 1273 γάρ
988 1190 1021 1254 ἐκ
1036 1191 1237 1269 πνευματικῆς
1253 1184 1322 1253 άκο·

171 1292 339 1375 λουθοάσης
357 1292 480 1374 πέτρας,
503 1286 523 1371 ἡ
538 1291 568 1353 δὲ
586 1292 676 1374 πέτρα
695 1283 731 1371 ἦν
749 1288 765 1355 o‘
784 1290 926 1373 Χριστδς,
949 1288 1007 1354 ἄλλ’
1026 1287 1081 1355 οάκ
1098 1292 1130 1355 έν
1147 1298 1211 1367 τοῖς
1227 1294 1321 1356 πλείο·

172 1416 218 1458 σιν
234 1392 331 1458 αὐτῶν
347 1390 502 1475 ηὕδόκησε.
551 1400 648 1456 Ταῦτα
668 1393 699 1456 δέ
715 1391 802 1457 τύποι
819 1390 949 1475 ’Νάμολν
967 1391 1168 1478 ἐγενηθησαν,
1201 1389 1323 1477 Ηπρδς

172 1495 204 1561 τά
222 1495 262 1578 μὴ
281 1493 354 1559 εἶναι
370 1492 448 1577 ἡμᾶς
462 1493 649 1575 ἐπιθυμητὰς
666 1502 783 1574 κακῶν,
804 1494 909 1571 καθείς
925 1498 974 1560 καί
992 1498 1096 1561 ἐκεῖνοι
1112 1492 1320 1577 ἐπεθύμησαν·

172 1599 245 1681 μηδέ
261 1596 463 1681 εἰδωλολάτραι
480 1602 612 1681 γίνεσθε,
636 1596 740 1672 καθώς
756 1623 832 1674 τινες
848 1595 961 1677 αὐτῶν,
987 1596 1137 1673 Ἠ’καθείς
1151 1599 1319 1684 γέγραπται,

170 1699 326 1765 Ἐκάθισεν
342 1698 359 1763 ά
372 1698 442 1774 λαός
457 1708 563 1784 φαγεῖν
579 1701 627 1763 καί
642 1709 730 1777 πιεῖν,
753 1703 803 1764 καὶ
817 1698 976 1782 άνέστησαν
990 1705 1112 1778 παίζειν·
1135 1700 1210 1784 μηδέ
1227 1702 1320 1765 ἐκπει·

172 1802 301 1887 ράζωμεν
323 1801 373 1868 ιδν
393 1800 535 1886 Χριστόν,
560 1800 685 1866 Ἠὸπου
702 1805 790 1887 λέγει,
824 1810 921 1868 Ταῦτα
943 1804 974 1868 δέ
996 1810 1126 1878 τοπικοῖς
1148 1804 1320 1885 συνέβαινεν

171 1910 308 1984 ἐκείνοις,
331 1903 444 1989 ἐγράφη
467 1906 498 1967 δέ
520 1901 605 1985 ἡμῖν,
628 1906 678 1969 καί
700 1904 736 1968 τά
757 1907 832 1987 ἑξῆς,

254 2007 285 2072 θ’
300 2010 349 2072 καί
367 2006 399 2083 εξ
408 2005 518 2091 Ἔλεγχ.
547 1999 586 2069 Ὦ
603 2012 709 2088 πολλῆς
728 2014 763 2051 ³⁰
772 2011 1009 2093 φρενοβλαβείας.
1047 2012 1099 2085 Τίς
1112 2010 1187 2091 έχων
1203 2006 1319 2088 σ’φθαλ-

171 2110 246 2193 μοδς
261 2108 344 2193 ἡλίου
361 2107 562 2184 άνατέλλοντος
577 2110 682 2173 έαοτὸν
696 2107 755 2174 άπδ
772 2118 824 2174 τοῦ
838 2110 939 2192 φωτὸς
951 2108 1104 2193 πλανήσεις
1137 2112 1181 2175 Et
1193 2108 1251 2198 γάρ
1265 2138 1319 2177 πα-

171 2218 256 2300 τέρας
272 2216 378 2277 ἑαυτοῦ
398 2210 468 2287 τούς
484 2211 546 2276 τότε
560 2214 633 2296 λέγει
650 2210 668 2277 δ
683 2211 767 2297 άγιος
782 2211 959 2293 άπόστολος,
990 2215 1042 2279 καί
1054 2210 1114 2279 δπδ
1132 2214 1257 2295 νεφέλης
1270 2214 1320 2279 καλ

171 2316 221 2382 διά
239 2314 391 2397 θαλάσσης
409 2316 627 2396 διεληλυθέναι,
658 2317 709 2380 καὶ
726 2314 921 2398 πνεοματικδν
936 2320 1040 2402 βρῶμα
1060 2318 1110 2381 καί
1128 2314 1214 2398 πόμα
1236 2312 1319 2395 είναι,

171 2422 351 2504 βεβρωκέναι
375 2419 406 2481 δέ
427 2419 478 2482 καί
500 2418 665 2483 πεπωκέναι
687 2421 719 2483 ἐκ
741 2426 940 2502 πνευματικῆς
956 2416 1183 2501 άκολοοθοάσης
1200 2420 1319 2505 πέτρας,

173 2521 300 2607 Χριστδν
322 2522 353 2585 δέ
370 2517 444 2585 εἶναι
461 2519 514 2601 τήν
532 2521 640 2606 πέτραν
659 2520 781 2601 φάσκει,
813 2527 857 2598 τίς
873 2519 1065 2604 πεισθήσεται
1081 2526 1270 2608 Μαρκίωνος
1284 2528 1320 2613 τῇ

170 2623 312 2711 άπονοίηι,
344 2630 396 2688 τοῦ
413 2627 592 2700 σκοτίζοντος
609 2625 716 2688 ἑαυτοῦ
733 2622 783 2689 τδν
799 2629 870 2689 νοῦν
887 2626 937 2691 καὶ
954 2630 1011 2689 τῶν
1028 2622 1200 2691 άκουδντων
1216 2622 1319 2701 aizoi,

170 2724 320 2811 άλλότριον
336 2725 460 2807 φάσκειν
476 2724 527 2789 τάν
547 2724 674 2810 Χριστδν
691 2734 751 2791 τῶν
768 2728 799 2791 ἐν
816 2725 897 2815 νόμῳ
915 2728 1095 2811 γενομένων,
1124 2724 1320 2815 ὁμολογουμέ-

172 2857 231 2895 νων
252 2831 284 2895 δέ
304 2828 385 2914 παρά
408 2834 459 2894 τοῦ
481 2826 646 2893 άποστόλου
664 2832 695 2893 ἐν
712 2827 851 2916 άληθείρι,
881 2832 930 2893 καί
950 2826 1005 2895 οτίκ
1019 2832 1052 2895 ἐν
1068 2830 1206 2913 δοκήσεις
1241 2834 1322 2897 ⁸¹21

50 2968 99 3011 ηις.
112 2957 156 2999 τοι.
171 2932 279 3014 φάσκει
295 2933 325 2995 δὲ
340 2928 358 2996 δ
374 2931 457 3015 δίγιος
470 2928 631 3005 άπόστολος
643 2929 683 3013 μη
699 2933 730 2996 ἐν
746 2941 807 3007 τοῖς
820 2936 963 3007 πλείστοις
977 2930 1029 2997 τδν
1047 2932 1178 3017 Χριστδν
1190 2932 1318 3019 ηὖδοκη·

169 3036 266 3113 κέναι,
296 3033 414 3110 πάντως
436 3032 485 3097 διά
506 3032 681 3115 παράνομον
699 3038 805 3118 πρᾶξιν
823 3042 882 3099 τῶν
900 3031 1006 3101 οὔτῶν.
1051 3038 1094 3099 Et
1110 3036 1144 3101 δέ
1159 3034 1215 3103 οὖν
1231 3034 1319 3121 ητίδέ-

169 3160 257 3219 κησεν
273 3138 304 3201 ἐν
321 3146 383 3212 τοῖς
399 3134 473 3201 κατά
489 3133 540 3200 τδν
558 3134 648 3218 νόμον
664 3136 822 3223 παράνομα
839 3138 1062 3222 ἐργασαμένοις,
1091 3136 1151 3224 άρα
1165 3136 1322 3225 άγανοκτεῖ

169 3238 245 3323 πρδς
267 3238 337 3315 τοδς
358 3238 526 3316 τοιούτους,
558 3236 598 3314 οἷς
620 3236 710 3304 αι’·τοῠ
728 3239 892 3316 δεδωκότος
910 3238 963 3305 τδν
981 3239 1088 3321 νόμον,
1116 3242 1170 3305 καί
1188 3240 1319 3309 διδάσκει

169 3345 275 3408 ἑαυτοῦ
291 3341 342 3407 τδν
359 3340 449 3423 νόμον
464 3338 605 3425 ὑπάρχειν
611 3393 619 3420 ,
648 3350 742 3431 καιρῷ
763 3344 949 3421 Μδοθέντα,
978 3344 1027 3406 καί
1045 3345 1168 3419 δικαίως
1182 3344 1318 3431 ίξνπηρε-

168 3447 296 3527 τηθέντα
312 3443 377 3529 άχρι
393 3452 445 3526 τῆς
460 3443 604 3529 ένσάρκου
619 3443 712 3510 αὐτοῦ
725 3452 896 3531 παρουσίας.
943 3446 1065 3531 Πρέπον
1078 3444 1135 3532 γάρ
1149 3447 1228 3514 ίστιν
1239 3450 1319 3515 αλιο-

168 3546 295 3636 δεσπότη
311 3545 380 3611 καθ’
395 3549 517 3612 ἕκαστον
532 3546 638 3631 καιριίν
651 3544 801 3630 άρμοδίως
816 3546 982 3614 ἐπιτάσσειν
994 3556 1056 3623 τοῖς
1070 3549 1179 3615 ἑαυτοῦ
1193 3552 1321 3629 οίκέτοις

168 3648 203 3713 τά
220 3652 377 3733 πρέποντα.
420 3648 530 3726 Ετίθδς
542 3651 573 3715 δέ
587 3651 718 3732 ἐπιφέρει
732 3652 833 3736 λέγων,
860 3658 959 3716 Ταῦτα
973 3651 1006 3715 δέ
1019 3648 1109 3717 τάποι
1122 3648 1210 3735 ἡμῶν
1222 3652 1320 3741 ἐγενή-

167 3762 279 3835 θησαν,
310 3751 386 3838 πρδς
407 3751 439 3817 τδ
463 3751 504 3835 μὴ
526 3751 601 3818 είναι
623 3750 700 3837 ἡμᾶς
717 3753 903 3837 ἐπιθυμητὰς
919 3761 1035 3833 κακῶν,
1064 3753 1171 3833 καθείς
1184 3754 1319 3825 κάκεῖνοι

169 3858 372 3937 ἐπεθύμησαν·
403 3858 477 3937 μηδὲ
499 3855 702 3942 εἰδωλολάτραι
723 3861 854 3942 γίνεσθε,
885 3856 990 3933 καθοίς
1011 3882 1088 3935 τινες
1108 3856 1222 3925 αὐτοῖν·
1252 3858 1318 3945 οάχλ

166 3957 241 4023 κατά
261 3957 379 4023 πάντων
402 3956 456 4040 τὴν
476 3967 583 4041 ψῆφον
604 3956 725 4037 διεξιοίν.
770 3962 830 4023 Καί
847 3958 942 4025 πάθεν
958 3956 1042 4037 σίδας
1059 3966 1170 4041 ταῦτα,
1200 3954 1320 4031 Md·

168 4069 262 4138 στολε,·
294 4059 458 4146 Ἐπιφέρει,
487 4059 539 4137 Ὡς
557 4064 732 4148 γέγραπται,
764 4061 876 4145 φήσας,
899 4061 1056 4129 Ἐκάθισεν
1078 4060 1097 4129 δ
1118 4062 1190 4141 λαδς
1212 4074 1320 4153 φαγεῖν

167 4164 217 4226 καί
234 4172 326 4239 πιεῖν,
348 4167 397 4227 καί
417 4163 577 4247 άνέστησαν
592 4170 711 4244 παίζειν.
746 4163 824 4250 ’Ἆρα
840 4174 912 4252 γοῦν
929 4164 1046 4249 άληθής
1059 4162 1081 4249 ἦ
1092 4166 1210 4253 γραφὴ,
1232 4170 1265 4247 λε
1283 4160 1320 4253 ἧς

169 4267 219 4329 καὶ
231 4265 282 4330 τὸν
298 4268 411 4351 έλεγχον
426 4266 501 4332 κατά
517 4275 575 4332 τῶν
592 4266 712 4351 άνόμων
728 4265 747 4334 δ
761 4265 922 4345 άπόστολος
935 4268 1084 4353 λαμβάνει.
1127 4266 1207 4337 Etr«
1219 4270 1318 4351 πάλιν,

200 4405 240 4455 ¹25.
258 4408 337 4468 snpra
354 4403 437 4493 ημῶν.
792 4408 834 4461 29.
853 4412 933 4473 Supra
950 4406 1000 4469 ἕως
1015 4404 1086 4464 ὅταν.

200 4470 240 4523 ¹26.
259 4477 339 4536 snpra
354 4476 436 4541 ημῶν.
793 4478 835 4529 30.
852 4477 1034 4548 φρτνοβλαβίας
1048 4480 1106 4531 «W.
1115 4482 1193 4543 μήτε.

199 4540 241 4628 βῖ.
260 4545 333 4605 λἰιίςο
344 4540 379 4628 μη
391 4540 492 4609 πρδςτδ
504 4540 574 4597 εἶναι.
595 4548 631 4609 ⁰!-
640 4560 721 4610 εαφτσ.
753 4544 1197 4682 ωβῶβλδομρρβίσεέλσιψωῌλέλῶ
1204 4552 1319 4671 π

393 4652 399 4663 ·
652 4646 658 4659 ·
1100 4652 1111 4681 τ
