3046 5084
407 366 542 421 rattfflt
558 368 622 422 Lib·
632 368 653 422 l.
668 360 753 423 'l'otti
761 370 807 423 lll.
823 370 923 423 nasa.
934 371 993 422 XL.
1212 361 1273 424 539

127 507 359 604 unamquamque
380 484 561 553 Potestatem
583 508 746 570 excusare,
776 489 877 574 sicque
901 491 936 554 ad
959 510 1123 576 supremam
1145 487 1272 555 Matrem

127 601 214 675 atque
232 590 360 654 omnium
379 590 534 675 pervenire
551 586 725 670 Parentem,
758 612 774 655 a
792 612 849 676 quo
865 592 894 654 in
912 591 987 655 bunc
1005 593 1138 655 mundum
1158 593 1275 678 delapsa

128 693 177 758 sit.
223 690 358 756 Diximus
376 691 547 776 baptismum
566 692 601 756 ab
617 692 674 756 illis
692 692 785 756 reiici.
830 696 903 755 Nam
920 716 1031 755 muscae
1046 699 1193 756 morientes
1204 717 1317 776 per-
1284 711 1317 755 rs
1318 711 1372 755 ιιι.

127 801 198 858 dunt
211 799 542 874 snam‘3tnternuaguentr
568 795 643 878 qnod
660 795 773 859 deistis
790 815 949 880 eorumque
956 793 1107 859 similibus
1123 764 1330 879 proverbiiw’
1298 763 1362 817 ω”ἰ

127 896 226 984 speeie
243 894 439 960 Ecclesiastcs
456 896 633 981 pronuntiat.
664 893 787 960 Muscae
800 898 905 983 qnippe
918 909 987 961 suot
1002 898 1180 976 mortiferae,
1201 917 1335 990 qnae

128 1000 275 1063 conditum
293 1019 310 1060 a
329 997 508 1084 seplasiariis
525 1009 705 1084 unguentum
721 998 868 1078 inliciunt,
899 999 995 1063 divina
1013 999 1148 1063 videlicet
1166 1010 1275 1084 myste-

126 1103 188 1181 ria,
223 1121 296 1186 quae
320 1100 354 1165 ad
377 1110 561 1186 peccatorum
584 1100 826 1164 condonationem
848 1101 931 1164 nobis
953 1103 982 1165 in
1006 1101 1147 1187 baptismo
1170 1102 1274 1165 collata

127 1214 207 1269 sunt.

200 1303 362 1368 Enimvero
379 1303 478 1367 mirari
497 1303 638 1388 quispiam
657 1303 726 1367 illud
744 1304 867 1388 poterit,
901 1324 984 1388 quam
1004 1305 1092 1368 multa
1107 1305 1138 1368 io
1157 1316 1273 1368 natura·
1292 1311 1351 1378 Gap.
1369 1311 1413 1361 ΙΙΙ.

126 1409 196 1474 Ιίιιιιι
214 1427 311 1472 rernm
330 1405 521 1490 scriptoribus
538 1406 670 1469 utilitatis
687 1406 771 1490 plena
789 1407 931 1490 reperiat,
965 1407 990 1469 si
1006 1407 1067 1492 apis
1083 1407 1155 1470 velit
1169 1407 1274 1470 imitari

128 1510 326 1596 prudentiam,
361 1528 434 1591 qnae
453 1508 581 1571 flosculis
599 1506 732 1571 omnibus
751 1507 880 1571 insidens
897 1509 1097 1593 undecumque
1120 1508 1174 1572 sibi
1194 1509 1273 1572 utilia

129 1613 249 1696 colligit.
295 1608 411 1673 Etenim
430 1610 477 1674 vir
495 1611 621 1695 prudens
640 1631 675 1672 ac
693 1609 846 1695 perspicax
866 1610 943 1674 nulla
960 1632 1000 1674 ex
1017 1632 1050 1674 ro
1071 1611 1273 1675 detrimentum

128 1715 222 1799 capit,
247 1713 298 1777 sed
315 1732 356 1776 ex
375 1713 452 1775 omui
470 1711 625 1775 occasione
641 1711 787 1791 lucratur,
811 1712 978 1796 imprudens
996 1725 1098 1776 contra
1116 1714 1275 1777 incommo-

128 1819 195 1881 dum
211 1837 245 1879 ac
260 1817 394 1879 damnum
410 1814 543 1900 percipit,
563 1813 604 1876 nti
618 1824 736 1876 sanctos
751 1812 889 1898 propbeta
903 1825 1044 1877 testatur:
1070 1820 1138 1894 (luas
1150 1822 1270 1898 sopiens,
1288 1839 1340 1882 om.
1351 1838 1383 1892 rr,
1395 1838 1425 1881 ιι.

129 1931 160 1981 ct
174 1921 413 1998 intellegentem,
446 1929 475 1978 et
490 1917 601 1977 verdum
617 1918 725 1976 dnmrin'
742 1927 800 1989 est,
832 1927 861 1976 et
875 1929 1026 1995 cognoscet
1042 1922 1113 1991 abta,
1146 1923 1275 2000 quomrum

129 2033 223 2084 rectae
240 2025 300 2082 orire
315 2024 434 2093 domini,
459 2023 539 2098 rinpri'
550 2028 640 2078 nutem
659 2019 878 2098 infirmabuntur
892 2023 920 2079 r'n
936 2023 997 2079 eis?
1039 2018 1125 2103 Apud
1140 2019 1206 2082 illos
1222 2019 1276 2103 igi·

129 2135 194 2203 tur,
218 2142 290 2206 qnos
307 2122 385 2200 dixi,
410 2118 581 2184 naturalium
600 2139 698 2183 rarum
716 2120 875 2204 scriptores
890 2119 1073 2198 invenimus,
1098 2121 1144 2184 vel
1162 2121 1277 2205 ipsimet

129 2225 225 2312 potins
242 2224 405 2302 cernimus,
436 2221 659 2286 scarabaeorum
676 2242 787 2306 genus,
820 2222 894 2306 quod
913 2243 929 2284 a
948 2221 1118 2305 quibusdam
1137 2218 1274 2306 Bylarnm

130 2338 270 2405 vocator,
293 2327 322 2389 in
340 2327 452 2389 loetore
469 2345 504 2387 ac
520 2335 652 2390 stercore
667 2324 793 2389 volutari
807 2326 921 2402 solere,
945 2324 1119 2408 unicumque
1133 2323 1190 2387 illis
1206 2324 1276 2406 ipsis

130 2441 161 2495 et
174 2431 340 2494 alimentum
357 2439 387 2491 et
401 2448 474 2512 opus
487 2447 571 2505 esse,
596 2447 660 2490 cum
675 2426 740 2490 aliis
756 2426 836 2490 dirus
852 2448 887 2489 ao
902 2427 1036 2490 sordidus
1055 2426 1103 2489 ille
1120 2427 1200 2490 cibus
1215 2447 1276 2490 mo·

129 2533 241 2598 lectiam
259 2553 293 2594 ac
310 2550 448 2594 nauseam
465 2527 568 2614 pariat.
613 2526 754 2614 Numqui
774 2550 844 2615 apes
862 2530 945 2592 limus
964 2550 999 2592 ac
1019 2531 1113 2593 loctor
1128 2528 1276 2608 interficit,

128 2633 296 2701 scarabaeis
316 2633 481 2696 alimentum
503 2652 537 2694 ac
554 2631 705 2696 materiam
725 2632 845 2716 praebet
863 2631 976 2718 operis,
1010 2641 1042 2694 nt
1065 2631 1122 2695 illis
1138 2632 1225 2695 llores
1248 2643 1276 2694 et

129 2738 250 2802 odorum
272 2736 432 2818 fragrantia
451 2745 537 2819 atque
558 2745 770 2819 ungnentorum
788 2735 935 2813 suavitas,
967 2735 1070 2819 quibus
1089 2734 1223 2798 omnibus
1241 2734 1275 2797 ad

130 2837 352 2904 oblectationem
372 2849 402 2901 et
419 2837 592 2901 mellificinm
609 2859 643 2901 ac
659 2835 754 2900 cibum
772 2846 803 2900 et
819 2837 917 2922 operis
934 2837 1175 2902 exercitationem
1191 2846 1276 2900 utun·

131 2952 188 3006 tor.
233 2938 410 3005 Scarabacis
431 2960 504 3003 vero
525 2939 612 3023 longe
634 2938 706 3002 baec
727 2941 874 3003 contraria
898 2950 975 3005 suot.
1022 2937 1079 3022 Qui
1103 2939 1179 3003 enim
1201 2941 1277 3025 peri-

130 3045 225 3109 cnlnm
248 3045 343 3106 iacere
365 3042 509 3122 voluerit,
541 3051 572 3104 nt
591 3041 752 3126 physiologi
776 3042 907 3122 tradunt,
939 3043 964 3106 si
984 3052 1177 3125 unguentem,
1211 3052 1276 3128 puta

130 3146 345 3232 opobalsamum
361 3155 411 3208 aot
429 3145 548 3207 nardum
566 3142 732 3207 scarabaeis
747 3143 916 3222 admoveat,
946 3145 1053 3208 lethum
1069 3144 1125 3207 illis
1143 3144 1273 3207 afferret.

130 3245 237 3314 Statim
252 3248 328 3311 enim
344 3247 488 3311 suavitate
503 3247 601 3311 odoris
616 3257 788 3310 enecantur.
834 3243 885 3310 Sic
899 3246 1037 3329 haeretici
1054 3246 1094 3309 illi
1110 3258 1275 3331 stuprorum

129 3371 163 3414 ac
183 3350 332 3414 libidinum
355 3360 383 3412 et
405 3348 551 3433 nequitiae
572 3348 666 3412 omnis
687 3358 856 3434 appetentes
879 3348 1013 3434 pessimis
1032 3349 1062 3412 in
1086 3349 1173 3412 rebus
1195 3369 1274 3434 spem

129 3474 212 3517 snam
228 3452 389 3531 collocant,
419 3473 490 3515 mox
506 3462 602 3515 autern
618 3463 650 3515 ut
666 3452 700 3514 ad
718 3471 835 3514 sacrum
850 3451 1023 3537 baptismum
1041 3461 1071 3515 et
1087 3452 1275 3534 fragrantiam

128 3556 207 3620 illam
223 3554 420 3634 accesserint,
444 3553 621 3634 moriuntur,
646 3553 880 3639 blasphemantes
899 3556 982 3618 deum
1001 3576 1034 3619 ao
1051 3554 1274 3619 dominationem

128 3658 192 3722 eius
214 3668 399 3743 spernentes.

213 3759 296 3843 Quos
318 3761 432 3845 quidem
455 3774 513 3824 nno
534 3760 582 3823 vcl
603 3759 697 3824 altero
716 3759 882 3825 testimonio
902 3760 1104 3843 iugulabimus.
1148 3757 1225 3823 Nam
1249 3761 1273 3824 si
1294 3777 1353 3844 cap.
1367 3779 1407 3826 tv.

128 3883 202 3951 qnos
215 3859 400 3948 Principatns
415 3884 449 3927 ac
462 3861 629 3928 Potestatcs
644 3885 795 3944 voramus,
814 3864 878 3926 sine
893 3865 947 3927 deo
963 3863 1080 3929 minime
1094 3864 1275 3928 constitnnn-
1290 3859 1427 3914 reamini.

128 3978 192 4046 tur,
220 3965 249 4029 id
272 3965 300 4028 in
323 3966 414 4029 coelis
431 3966 502 4051 ipsis
519 3965 615 4030 locum
632 3965 740 4030 babere
760 3965 887 4030 maxime
905 3966 1001 4029 debet.
1047 3967 1179 4051 Angelos
1197 3967 1274 4029 enim

128 4081 159 4134 et
180 4067 384 4152 Archangelos
406 4067 548 4153 scriptura
572 4062 797 4146 commemorat,
832 4090 889 4131 non
913 4068 1053 4133 eiusmodi
1080 4081 1111 4134 nt
1135 4070 1275 4133 contrarii

128 4171 185 4236 deo
200 4172 275 4251 sint,
299 4171 350 4235 scd
364 4174 631 4233 Admrba'atrntorics
643 4176 760 4252 spirim
774 4175 813 4233 od
824 4177 1007 4234 mrbrbtmu'arn
1022 4180 1135 4249 messos,
1156 4186 1275 4256 propter
1290 4193 1385 4247 uenat,
1395 4195 1426 4239 rt.

128 4297 175 4337 eos
196 4297 243 4357 qur
241 4279 438 4337 ‘'deredatatem
460 4277 575 4355 capiunt
593 4277 704 4335 solutas
750 4271 916 4358 Siquidem
938 4288 967 4339 ct
985 4277 1014 4341 in
1033 4288 1109 4341 terra
1128 4277 1276 4363 quodlibet

128 4397 249 4462 regnum
273 4377 371 4462 plures
392 4376 481 4440 babet
497 4374 673 4495 principatus
694 4374 744 4439 uni
759 4397 823 4462 regu
814 4377 998 4444 'subiectos
1046 4385 1122 4459 Quae
1137 4387 1208 4444 eninr
1221 4405 1273 4463 po·
1288 4399 1402 4507 ιιιοξιῂιι,

161 4598 339 4668 d„smpecta
358 4599 419 4651 milui
434 4617 484 4654 τοι
500 4608 538 4652 est
554 4595 694 4669 putdnqaf‘
715 4603 832 4679 Petaurus.
866 4603 959 4666 ltepoao
976 4602 1097 4671 λαγνείας.
