3046 5084
336 358 472 412 PuNsntt
488 360 552 415 bttt.
563 361 584 412 i.
600 359 684 413 ΤΟΜ.
696 361 740 412 iil.
756 360 856 413 nasu.
866 361 947 414 Xbll.
1157 349 1214 412 581

152 477 302 544 LXXVl.
333 485 477 542 biberunt
489 485 542 561 qui
552 491 637 543 mont
649 486 679 543 in
694 493 768 543 ueste
781 483 863 543 elbo.-
888 485 962 560 Quid
975 486 1110 562 qnaeritis
1125 487 1218 542 uiuen-
1231 501 1286 548 noe.
1295 505 1328 560 tt,
1339 507 1357 550 s.

69 596 121 644 teon
138 606 199 644 oum
215 589 356 644 mortuis?
397 587 541 644 Surrexit.
588 586 866 663 lleeordomiuiqune
880 586 989 644 loeutus
1006 596 1063 656 est,
1088 605 1151 644 enm
1166 588 1217 644 od·

68 690 122 747 due
143 699 230 747 esset:
256 690 390 764 Quoniam
413 697 524 765 oportet
534 687 632 765 pileum
652 689 770 746 domines
789 690 854 764 poti
872 696 901 746 et
922 689 1006 746 tradi.

150 784 315 850 LXXVll.
348 785 426 870 Quin
446 807 480 849 ea
497 786 644 849 subtraxit
663 807 737 870 quae
755 782 902 870 Cleopbae
922 798 951 848 et
967 787 1029 850 eius
1045 787 1126 849 soelo
1142 786 1219 850 diota
1233 809 1330 854 ussum

66 901 151 966 sunt,
176 910 241 951 oum
258 889 314 952 illis
331 889 475 952 oeourvit:
502 894 525 950 0
538 893 624 950 stulti
634 901 665 950 et
675 892 753 949 turdi
763 894 847 949 eorde
859 894 898 950 ori
909 893 1074 950 eredendum
1088 895 1116 950 io
1130 894 1217 950 omni-

66 994 117 1054 bus
139 1013 210 1072 quoe
230 996 320 1053 locuti
337 1003 405 1052 sunt
421 995 575 1072 propbetas
582 998 594 1050 i
636 995 737 1053 Nonne
752 995 820 1051 duee
835 997 960 1071 oportuit
972 996 1056 1071 petit
1098 990 1144 1053 Ao
1164 1013 1215 1075 pro
1230 1012 1285 1057 tuit.
1298 1016 1330 1058 sl.

66 1095 127 1156 bis.
150 1099 185 1155 In
200 1097 326 1155 omnebus
342 1116 413 1175 quoe
428 1097 518 1154 loentt
530 1097 774 1173 svntpropdetue,
800 1092 936 1178 scripsit,
959 1099 993 1155 Iu
1008 1096 1134 1156 untnr'bus
1148 1115 1218 1174 quoe

65 1199 175 1257 loeutus
189 1218 251 1257 sum
269 1196 354 1257 nobe's.
402 1192 461 1259 Sed
479 1215 519 1258 en
538 1216 574 1258 eo
593 1195 794 1279 redarguitur,
820 1197 895 1278 quod
912 1217 976 1258 eum
995 1217 1097 1280 panem
1116 1194 1215 1279 fregit,

65 1298 156 1382 aperti
179 1308 247 1360 sunt
269 1296 363 1376 oculi,
389 1307 418 1359 et
440 1319 494 1380 eug
495 1309 652 1360 noverunt.

148 1396 329 1463 Lxxvltt.
362 1403 436 1478 (lusit
448 1401 557 1462 turduli
567 1406 656 1461 estes?
692 1403 787 1461 Videte
800 1422 908 1475 munus,
928 1413 955 1462 et
962 1406 1064 1482 pedes.-
1085 1406 1214 1482 quonium
1227 1422 1283 1467 ιιιι.
1296 1424 1327 1466 so.

63 1507 181 1583 quitus
203 1522 267 1563 osso
288 1524 343 1563 non
365 1504 462 1577 dubet,
487 1507 564 1564 sieut
581 1524 625 1564 me
645 1506 745 1564 odietis
766 1505 878 1563 dobere.

146 1603 272 1668 Praeter
288 1605 371 1682 bueo,
397 1625 470 1687 quae
488 1615 650 1688 sequuntur
667 1613 768 1668 eontra
786 1605 943 1666 haereseos
961 1617 1110 1668 auctorem
1127 1605 1213 1669 istum

63 1707 159 1770 betica
175 1707 259 1770 nobis
275 1707 407 1769 instituto
421 1707 611 1789 adiungamus
627 1707 720 1790 operi.
767 1702 851 1787 Quae
868 1707 982 1789 quidem
999 1709 1072 1791 opud
1090 1709 1213 1771 eundem

64 1811 227 1873 invenimus
243 1809 318 1872 buno
332 1810 361 1871 iu
380 1810 465 1872 finem
483 1819 638 1892 usurpata,
663 1820 693 1871 ut
706 1808 893 1892 epistolarum
911 1807 991 1871 Pauli
1008 1810 1131 1893 apostoli
1149 1831 1214 1893 spe·

62 1913 135 1976 elem
153 1932 222 1997 prae
237 1933 270 1974 se
289 1913 411 1974 terrent.
459 1908 541 1993 Quas
558 1921 653 1973 tamen
671 1932 729 1973 non
746 1930 864 1987 oottres,
889 1912 940 1972 sed
957 1922 1054 1974 eertas
1072 1913 1214 1975 duntaxat

61 2014 214 2094 adsciscitq
235 2036 355 2098 quarum
370 2013 399 2075 in
414 2014 494 2076 oaloe
512 2012 600 2075 totius
616 2013 713 2097 operis
728 2012 843 2074 uomina
859 2012 1097 2096 subscripsimus,
1117 2014 1213 2076 euius·

61 2118 136 2180 modi
158 2117 187 2179 iu
207 2116 380 2202 Apostolieo
403 2116 439 2178 ab
461 2115 518 2178 illis
536 2115 677 2199 inscripto
695 2114 767 2177 libro
787 2114 982 2198 reperiuntur.
1030 2115 1127 2199 Atque
1148 2117 1212 2178 illus

59 2220 138 2303 ipsas
154 2220 274 2303 insuper
288 2219 395 2281 usitato
413 2219 463 2281 illo
481 2239 535 2280 suo
549 2216 658 2300 flagitio
673 2217 818 2280 mutilatas
836 2218 1001 2301 proposuit,
1027 2218 1212 2300 quemadmo-

60 2322 125 2384 dum
149 2322 178 2384 iu
201 2322 322 2384 alterum
348 2320 427 2383 illum
452 2320 573 2398 librum,
608 2319 654 2381 eui
677 2317 841 2401 Evangelio
865 2341 970 2382 nomeu
993 2320 1146 2404 imposuit,
1181 2332 1212 2383 ut

57 2425 132 2508 quod
152 2445 200 2486 res
221 2435 265 2486 est
285 2423 395 2501 dinam,
419 2423 549 2505 geroiani
569 2422 712 2505 evangelii
731 2422 868 2505 reliquias
889 2423 1031 2500 oouieeit,
1056 2443 1089 2487 ao
1108 2423 1211 2485 nibilo-

58 2527 153 2590 minus
175 2537 271 2589 lamen
294 2525 390 2588 omnia
415 2525 559 2588 malitiose
582 2524 742 2608 callideque
765 2524 946 2608 depravavit.

151 2732 200 2782 Ex
219 2731 378 2782 EPISTOLA
396 2732 441 2781 AD
458 2731 632 2791 ROMANOS,
652 2730 742 2792 Quae
760 2731 849 2780 APUD
867 2730 976 2780 lLLUM
994 2731 1036 2781 tv.
1053 2732 1123 2793 EST,

484 2816 521 2865 ΙΝ
539 2815 742 2866 ntosToLtco
759 2817 778 2865 1.

141 2935 165 2999 l.
200 2942 369 3019 (luteumque
389 2942 450 2998 siue
471 2941 534 3016 iege
550 2947 753 3016 peccauerunt,
787 2941 847 2997 sine
869 2941 931 3016 tege
955 2949 985 2997 et
999 2940 1147 3018 peribunt,
1181 2951 1315 3018 elnone,
1328 2963 1359 3008 ιι

56 3046 220 3121 puteumque
241 3045 269 3101 in
293 3044 355 3120 lege
374 3050 578 3120 peecaverunt,
609 3060 663 3118 per
685 3041 772 3118 legem
792 3041 1001 3100 eiede'onduntur.
1047 3044 1112 3102 Non
1135 3047 1206 3102 enim

55 3147 199 3204 auditores
215 3146 292 3222 leges
307 3147 378 3203 oiesti
388 3154 457 3203 sunt
469 3145 546 3222 opud
560 3145 650 3214 deum,
675 3143 861 3223 sedsoetores
877 3131 948 3221 legas
965 3145 1204 3223 iuste'stenbuntur.

139 3345 180 3410 ll.
215 3351 396 3409 Cz'roumoeseb
419 3350 528 3428 qur'dem
549 3350 680 3428 prodest,
714 3352 744 3408 si
764 3350 851 3427 legem
874 3349 1011 3408 observes.
1059 3352 1096 3408 Si
1115 3359 1206 3409 aretem
1220 3372 1319 3419 thiuts.

50 3456 265 3533 proeuuriontor
286 3454 358 3530 legis
378 3456 435 3523 sis,
459 3454 635 3511 errenmorsio
658 3461 706 3510 tuo
724 3454 902 3530 praeputium
917 3453 1002 3533 sueto
1024 3462 1076 3510 est.

138 3551 194 3617 lll.
226 3553 376 3614 Habentem
394 3555 515 3632 formum
537 3557 722 3632 cognitionis,
747 3565 774 3614 et
795 3557 923 3614 ueritatis
944 3559 973 3614 in
996 3556 1067 3634 lege.
1219 3578 1319 3625 assumo,

139 3756 193 3824 IV.
228 3764 331 3822 Adduo
346 3764 417 3821 enain
433 3763 573 3833 Cdrtstus,
597 3782 659 3822 eum
673 3763 765 3822 adduc
778 3761 888 3839 infimi
899 3781 1029 3834 essemus,
1053 3764 1203 3823 seeundum
1217 3778 1301 3836 caps,
1311 3782 1329 3824 s.

54 3876 176 3945 tempus,
198 3885 254 3944 pro
275 3867 367 3943 imptis
389 3874 516 3924 mortuus
537 3874 587 3925 est.

48 3946 51 3951 ⁴
139 3963 177 4028 V.
214 3969 290 4028 Unde
312 3968 359 4026 len
377 3969 485 4046 quidem
503 3979 618 4038 sonato,
651 3978 682 4026 et
699 3969 857 4026 mundatum
876 3978 1020 4041 sonetum,
1053 3980 1083 4028 et
1100 3972 1202 4030 rustum
1217 3986 1341 4045 cupels.

53 4081 81 4131 et
102 4071 212 4131 donum

47 4142 49 4144 .
139 4168 194 4234 Vl.
229 4168 449 4250 dissaeptoque
471 4174 543 4250 tegis
565 4173 714 4250 implenmr
735 4174 765 4232 in
787 4171 876 4233 nobes.
1217 4193 1328 4252 cupos.

52 4436 110 4495 post
132 4425 501 4484 verottmhabetxtttx„
528 4425 611 4474 etsie
645 4426 757 4486 XXXl,
779 4428 903 4497 nequead
921 4428 1100 4496 epistolemad
1118 4429 1202 4481 Phile-

52 4495 333 4562 deinoepspostlllvm·
350 4494 447 4554 XXX.
462 4495 611 4561 poettvvn·
643 4503 768 4546 monemt‘
