3046 5084
237 332 297 393 102
654 341 774 393 οιοοτι
792 340 961 391 οειειιεοιι

236 467 298 533 τοῖς
313 459 464 541 μετέπειτα
477 454 616 542 γεγονόσι.
641 459 701 522 Καί
718 459 870 541 κέχρηνται
884 453 964 545 αύτῷ
979 458 1116 538 τέσσαρες
1128 457 1262 539 αἱρέσεις,
1279 456 1383 539 ἐπειδη

235 561 392 643 θέλγονται
406 567 442 649 τῇ
458 557 551 624 αύτοῦ
564 557 672 648 πλύυη,
694 556 883 642 Ἐβιωναίωυ
899 583 938 636 τε,
953 565 1012 623 τῶν
1025 559 1176 640 μετέπειτα
1190 564 1384 642 Ναζωραίων,

235 658 385 743 Ὀσσηνῶν
401 686 447 739 τε,
469 668 528 725 τῶν
541 659 599 744 πρό
617 659 710 725 αύτοῦ
725 663 775 726 καί
792 658 847 726 σύν
865 657 959 747 αύτῷ,
981 661 1031 724 καί
1049 663 1229 742 Νασαραίων
1243 667 1303 724 τῶν
1321 657 1385 725 ύνω

236 790 288 848 μοι
302 765 578 848 προδεδηλωμένων.
621 762 707 846 Αύτη
723 763 755 828 δέ
774 759 795 845 ἡ
809 765 920 845 αἵρεσις
939 769 999 826 τῶν
1017 759 1090 825 ἐπιδ
1106 768 1165 825 τῶν
1181 763 1213 826 έν
1226 758 1384 844 Ἱεροσολύ-

121 901 173 945 ρος.
187 889 219 932 σε
238 892 319 949 μοις,
347 869 454 941 αἵτινες
475 867 625 946 ἐνέμειναν
648 863 715 947 ύχρι
732 871 786 945 τῆς
805 871 859 928 τοῦ
878 870 1008 947 Χριστοῦ
1029 868 1209 947 παρουσίας,
1237 866 1288 928 καί
1312 862 1384 945 μετοί

234 966 287 1049 τήν
305 973 435 1050 Χριστοῦ
451 969 595 1049 έυσαρκον
609 969 775 1050 παρουσίαν
794 963 861 1047 δι’χρι
877 971 931 1046 τῆς
946 972 1006 1028 τῶν
1017 961 1224 1049 Ἱεροσολύμων
1238 961 1382 1043 ύλοίσεως,

233 1067 300 1151 ἥτις
317 1069 435 1151 γέγονεν
453 1064 513 1132 ύπδ
533 1073 620 1131 Τίτου
642 1066 783 1148 βασιλέως
806 1063 936 1144 ύδελφοῦ
953 1073 1153 1146 Δομετιανοῦ,
1176 1069 1244 1130 υἱοῦ
1259 1067 1291 1130 δέ
1312 1064 1383 1132 013⁶-

234 1176 399 1234 σπασιανοῦ
421 1169 569 1249 βασιλέως.
613 1164 702 1231 Μετοί
724 1167 756 1230 δὲ
773 1164 826 1250 την
841 1174 900 1230 τῶν
919 1163 1126 1251 Ἱεροσολύμων
1143 1168 1250 1232 ύλωσιν
1268 1169 1381 1250 ἐπέμει-

233 1294 282 1335 νεν
299 1268 363 1349 ἥτε
385 1267 459 1349 αῦτη
476 1269 527 1332 καί
548 1270 581 1331 αί
596 1266 678 1331 ῦλλαι
696 1266 783 1355 όλίγῳ
803 1275 843 1356 τῷ
861 1266 956 1356 χρόνῳ
980 1271 1014 1333 αἱ
1034 1268 1228 1352 φημιζόμεναι
1246 1272 1381 1353 αἱρέσεις,

233 1373 448 1435 Σαδδουκαίων
466 1371 562 1450 φημί,
590 1371 641 1434 καί
658 1370 872 1451 Γραμματέων,
901 1375 1071 1452 Φαρισαίων
1087 1397 1133 1450 τε,
1155 1374 1205 1436 καί
1222 1368 1381 1453 Ἡμεροβα·

232 1479 372 1552 πτιστοῦν,
394 1473 444 1536 καί
462 1474 657 1553 Νασαραίων,
679 1473 730 1535 καί
744 1468 910 1553 Ὀσσηυιῦν,
938 1474 990 1536 καί
1007 1469 1213 1556 Ἡρῳδιανῶν,
1242 1470 1323 1557 όίχρις
1344 1466 1383 1539 ού

231 1571 307 1640 κακοί
327 1571 431 1656 καιρόν
447 1574 498 1636 καί
512 1571 585 1636 κατυί
601 1570 709 1655 χρόνον
727 1570 833 1654 ἕκύστη
851 1571 949 1638 αύτοῦν
966 1577 1230 1660 διασκορπισθεῑσα
1248 1573 1380 1657 διελύθη.

321 1672 476 1760 ΙἈρκείτω
493 1675 524 1738 δὲ
539 1676 615 1756 ίγειν
631 1672 680 1738 ἀπ’
698 1672 790 1756 αύτῆς
810 1681 863 1755 τῆς
880 1672 978 1739 αῦτοῦν
998 1681 1228 1759 φρενοβλαβείας
1249 1678 1300 1740 καί
1320 1684 1381 1741 τῶν

231 1775 370 1862 βημάτων
385 1783 439 1840 τοῦ
455 1774 644 1861 κηρύγματος
658 1783 711 1839 τοῦ
728 1779 905 1861 δηλητηρίου
924 1779 972 1842 ίοῦ
988 1774 1177 1862 ύλεξητήριον
1196 1779 1289 1865 έαυτῷ
1306 1777 1380 1843 ποίν-

230 1907 266 1945 τα
285 1882 408 1959 υουνεχῆ
421 1879 652 1954 κατασκευάσαι,
673 1875 857 1962 καταγνόντα
879 1884 932 1959 τῆς
954 1878 1163 1963 συρφετώδους
1185 1876 1282 1944 αύτοῑν
1299 1883 1380 1945 διδα-

230 1984 351 2056 σκαλίας
368 2005 399 2043 τε
415 1982 466 2044 καί
485 1984 603 2058 λαλιᾶς,
631 1981 681 2044 καί
700 1978 822 2061 μάλιστα
836 1983 890 2043 τοῦ
908 1983 1015 2064 κυρίου
1031 1979 1125 2057 εύθύς
1142 1983 1277 2066 λέγοντος
1298 1984 1330 2046 έν
1350 2007 1382 2047 τε

230 2091 272 2171 τῳ
286 2080 370 2170 νόμῳ
385 2083 435 2146 καί
448 2084 479 2146 ἐν
493 2088 533 2169 τῳ
548 2077 717 2166 εὐαγγελίῳ,
744 2078 808 2146 Ούκ
820 2084 936 2146 ίσονταί
949 2103 996 2146 σοι
1009 2084 1079 2147 θεοί
1094 2085 1186 2164 ἕτεροι
1200 2081 1277 2165 πλην
1292 2085 1379 2166 ἐμοῦ·

231 2184 268 2252 ού
282 2183 365 2272 λήψη
381 2182 475 2265 ύνομύ
491 2209 572 2259 τινος
586 2185 686 2267 έιίρου
702 2179 749 2263 ἐφ’
766 2181 859 2270 ὅρκῳ·
883 2185 934 2247 καί
954 2181 1041 2247 πόλιν
1063 2186 1094 2248 ἐν
1109 2192 1149 2272 τῷ
1166 2182 1321 2273 εὐαγγελίῳ
1336 2186 1381 2250 λί-

230 2313 344 2374 γοντος,
363 2283 421 2366 Μὴ
436 2283 561 2367 όμυύναι
576 2283 648 2368 μήτε
660 2282 712 2350 τόν
726 2281 864 2369 ούρανδν,
878 2283 950 2366 μήτε
967 2282 1020 2366 την
1034 2291 1099 2370 γῆν,
1114 2284 1193 2369 μήτε.
1203 2285 1302 2372 ἕτερόν
1316 2285 1381 2351 Ιτινα

230 2390 337 2475 όρκον,
359 2385 417 2452 ἄλλ’
433 2385 495 2470 ἤτω
511 2385 595 2471 ῦμοῦν
610 2386 643 2452 τό
662 2389 712 2451 ναί
729 2388 789 2464 ναί,
811 2388 862 2450 καί
876 2383 909 2450 τό
927 2384 964 2452 οῦ
979 2384 1032 2465 ού,
1054 2384 1086 2452 τό
1107 2387 1311 2472 περισσότερον
1323 2387 1380 2474 γοίρ

229 2491 342 2558 τούτων
365 2491 400 2555 έκ
416 2498 470 2554 τοῦ
491 2494 627 2573 πονηροῦ
644 2485 777 2572 ύπύργει.
819 2484 900 2573 Ἐγοί
923 2489 955 2553 δὲ
975 2490 1043 2572 περί
1063 2486 1171 2554 τούτου
1197 2495 1305 2572 νομίζω
1327 2501 1378 2556 δε·

230 2599 330 2661 σιτίσαι
344 2590 397 2656 τόν
411 2590 515 2676 κύριον
531 2589 580 2654 διδ
596 2588 629 2655 τό
645 2592 755 2672 μέλλειν
772 2586 853 2665 τινός
866 2591 958 2673 λέγειν
972 2592 1004 2654 ίν
1021 2589 1118 2666 ἄλλοις
1130 2587 1270 2674 όνόμασιν
1287 2592 1381 2676 ὅρκον

229 2693 464 2779 προβάλλεσθαι,
487 2696 605 2775 πρῶτον
626 2692 679 2772 μὲν
697 2683 753 2756 οῦν
772 2690 818 2756 ίίτι
835 2688 872 2756 ού
896 2694 943 2755 δεῖ
958 2688 1100 2773 σ’μνύναι,
1129 2691 1195 2757 ούτε
1216 2692 1308 2761 αύτδν
1328 2694 1381 2761 τόν

228 2795 348 2879 κύριον,
370 2790 438 2856 ούτε
460 2790 546 2859 ύλλον
571 2791 637 2858 τιυδ
657 2792 763 2878 ὅρκον·
796 2801 850 2858 τοῦ
867 2791 922 2880 γδρ
944 2801 1079 2878 πονηροῦ
1102 2796 1162 2860 ἔστι
1185 2793 1220 2860 τό
1245 2793 1379 2879 όμνύναι.

231 2882 371 2978 Πονηρδς
389 2894 421 2957 δέ
441 2891 499 2979 ύίρα
517 2897 567 2959 καί
582 2892 600 2960 ό
618 2897 649 2960 ἕν
665 2903 706 2983 τῳ
722 2892 824 2972 Ἠλξαί
834 2893 961 2976 λαλήσας
967 2945 976 2974 ,
999 2891 1017 2961 ό
1031 2896 1256 2980 καταναγκάσας
1270 2896 1307 2964 οῦ
1323 2898 1377 2980 μό-

229 3024 283 3064 νον
299 2998 330 3062 έν
344 3002 406 3082 θεῷ
423 2993 564 3078 όμνύναι,
594 2995 664 3061 ύλλοί
681 3000 732 3062 καί
748 3000 779 3062 έν
795 2992 858 3075 ύλί,
888 2999 939 3061 καί
954 3000 987 3063 έν
1006 2996 1108 3076 ῦδατι,
1136 3001 1187 3064 καί
1210 3003 1243 3067 ίν
1267 3003 1377 3086 αίδὲρι,

229 3101 279 3167 καί
296 3101 327 3165 έν
340 3094 454 3185 ιίνέμῳ,
476 3100 527 3163 καί
546 3100 578 3164 έν
592 3103 628 3188 τῇ
644 3106 698 3187 γῇ,
719 3100 769 3163 καί
789 3100 820 3162 ίν
834 3095 961 3186 ούρανρῦ.
1003 3096 1140 3183 Ἀρκετδν
1158 3102 1190 3165 δὲ
1213 3099 1254 3178 τίς
1272 3105 1304 3168 ἐν
1323 3130 1379 3168 πα-

229 3202 310 3291 ρόδῳ
328 3198 377 3266 διαί
394 3207 453 3264 τῶν
473 3198 527 3264 δύο
543 3198 639 3285 λόγων
657 3198 733 3282 πρός
750 3197 900 3266 ιίντίθεσιν
921 3208 974 3284 τῆς
994 3200 1086 3267 αύτοῦ
1105 3200 1218 3283 πλύνης
1234 3200 1377 3294 οίντιδότῳ

229 3313 357 3390 χρῆσθαι
373 3300 426 3368 τόν
442 3300 624 3386 βουλόμενον
641 3304 841 3387 ίατρευθῆναι.
886 3302 1052 3389 Παρελθοδν
1071 3304 1103 3367 δέ
1118 3303 1226 3369 τούτου
1243 3303 1298 3386 τήν
1315 3307 1375 3389 ίρε-

230 3413 341 3487 σχελίαυ
365 3408 417 3472 καί
439 3404 471 3472 τό
494 3405 628 3470 ύπουλον
650 3403 760 3486 ταύτης
778 3410 832 3487 τῆς
856 3407 994 3489 αἱρέσεως
1017 3408 1122 3488 ἐφεξῆς
1142 3404 1302 3489 ποιήσομαι
1324 3410 1377 3488 της

231 3507 360 3591 ἑβδόμης
381 3510 519 3592 αίρέσεως
541 3505 593 3573 τόν
609 3509 741 3592 ἔλεγχον,
762 3511 815 3590 τῆς
830 3505 911 3594 παρδ
926 3517 990 3584 τοῖς
1007 3505 1109 3584 αύτοῖς
1125 3506 1190 3574 τότε
1208 3530 1376 3591 νομιστευο-

233 3607 329 3688 μένης.
374 3614 436 3676 Καί
456 3613 534 3676 ἔστιν
555 3608 639 3692 αῦτη.

118 3849 213 3911 Μ·
523 3858 679 3927 ΚΑΤΑ
711 3856 1088 3933 ΗΡΩΔΙΑΝΩΝ.

226 3959 375 4061 Ἑβδόμη
401 3970 521 4063 αἵρεσις
548 3970 613 4045 ἀπὸ
640 3971 866 4068 Ἰουδοιῖσμοῦ,
899 3971 1032 4066 είκοστή
1057 3976 1095 4046 δὲ
1119 4002 1163 4069 τη
1191 3973 1376 4074 ἀκολουθίᾳ.

96 4131 164 4198 Κεφ.
181 4125 214 4181 α’.
318 4109 406 4177 Μετοί
426 4113 537 4195 ταύτην
561 4118 593 4181 δί
615 4121 667 4184 καί
689 4119 761 4202 μετοί
784 4117 893 4196 ταύτας
917 4118 1007 4185 πάλιν
1030 4118 1143 4204 ἑβδόμη
1168 4126 1279 4206 α’ίρεσις
1299 4113 1338 4201 ἦν
1357 4147 1379 4202 η

230 4222 290 4280 τῶν
303 4212 493 4298 Ἡρῳδιανῶν
509 4221 681 4300 καλουμένη.
728 4221 823 4287 Ούδέν
839 4222 873 4287 δέ
887 4224 973 4305 έσγον
987 4249 1013 4287 τι
1031 4225 1270 4307 παρηλλαγμένον
1284 4212 1378 4299 οῦτοι,

232 4313 291 4380 ἄλλ’
308 4316 372 4381 ῦλοι
388 4318 460 4380 εἰσὶν
471 4313 625 4394 Ἰουδαῖοι,
648 4317 733 4404 ύργυί
754 4349 785 4387 τε
806 4325 858 4388 καί
879 4321 1042 4410 ύποκριταί.
1084 4322 1219 4409 Ἡροίδην
1242 4322 1274 4387 δὲ
1295 4314 1378 4389 οῦτοι

232 4416 357 4505 ἡγοῦντο
373 4415 501 4505 Χριστόν
517 4414 636 4501 κύριον,
658 4419 710 4487 τόν
724 4425 756 4488 έν
771 4424 881 4502 πόσαις
894 4436 1023 4512 γραφαῖς
1038 4426 1132 4509 νόμου
1146 4450 1176 4489 τε
1194 4425 1246 4489 καί
1261 4450 1379 4510 προφη-

274 4558 333 4608 Cn.
349 4560 393 4614 vl.
416 4588 452 4602 -
485 4556 509 4612 ί.
526 4557 643 4620 ΜΝ
664 4552 795 4625 ’Anatim
828 4564 895 4614 ίιίδιί
912 4560 1143 4633 λσδτιιλἊριιετιὸς·
1179 4562 1285 4618 Gustum
1304 4570 1382 4631 μοιείτ
