3046 5084
176 354 235 415 604
596 362 718 413 εκωοτι
735 362 903 413 mmlx

176 488 227 562 τῆς
243 483 374 545 ἐνταῦθα
389 486 463 562 ζωῆς
477 478 653 565 παρεκτικδς
669 477 725 557 οίν,
748 480 798 543 καί
813 484 866 560 τῆς
879 476 1055 561 μελλούσης,
1079 476 1197 556 ηνοτίς
1212 478 1268 561 μέν
1283 503 1327 543 τε-

175 580 383 663 λευτήσαντας,
406 584 484 664 φημὶ
498 583 530 646 δέ
544 580 683 666 Λάζαρον
697 582 748 645 καί
766 578 818 646 τόν
834 578 901 646 υίδν
915 588 968 663 τῆς
983 580 1076 665 χήρας
1093 582 1144 645 καί
1161 578 1216 663 τήν
1231 590 1328 667 θυγα-

176 686 246 768 τέρα
260 692 313 749 τοῦ
326 683 574 769 άργισυναγάγου,
598 681 657 748 άπά
675 689 785 767 νεκρῶν
799 686 921 768 ἐγείρας,
944 681 1000 748 οιίκ
1013 686 1055 758 είς
1067 682 1202 767 πονηρόν
1217 680 1329 761 ατίτοάς

176 788 290 871 φέρων,
314 784 355 862 οἷς
372 784 453 851 αάτοί
475 784 507 851 τά
523 793 607 868 σῶμα
621 785 756 869 φυλακην
772 782 846 850 είναι
863 789 1100 871 δογματίζουσιν,
1122 783 1194 852 άλλά
1210 784 1329 873 άγαθδν

49 920 100 963 pag.
113 908 158 951 νει.
176 897 280 968 ποιάν,
303 891 353 953 καὶ
367 886 519 973 γινώσκων
534 887 580 952 ὅτι
594 890 643 952 καλ
659 887 678 970 η
694 892 825 954 ἐνταῦθα
840 890 871 953 ἐν
885 891 972 973 σαρκὶ
987 886 1148 972 παραμονη
1165 885 1218 953 τίκτ’
1235 886 1328 955 αὐτοῦ

176 991 310 1076 άίρισται,
340 993 389 1056 καί
408 989 427 1071 ἡ
443 993 584 1073 μέλλουσα
601 990 708 1075 σαρκός
725 992 776 1056 καὶ
793 998 892 1073 ψυχῆς
909 989 1075 1067 άνάστασις.
1119 992 1180 1055 Καί
1199 994 1227 1055 εί
1240 990 1330 1058 πάλιν

178 1093 240 1182 ᾔδει
255 1092 300 1158 ὅτι
315 1098 367 1175 μία
384 1092 465 1175 ψυχά
484 1095 559 1158 ἐστιν
575 1091 595 1175 ἦ
609 1095 641 1158 ἐν
656 1092 743 1171 ζάοις
758 1094 809 1158 καὶ
826 1096 857 1158 ἐν
875 1091 1066 1179 άνθροίποις,
1088 1100 1189 1175 ψυχῆς
1205 1094 1239 1159 δέ
1254 1086 1329 1176 ἦλθε

176 1194 358 1277 ποιήσασθαι
378 1194 430 1277 τήν
452 1200 613 1279 σωτηρίαν,
644 1194 699 1261 οάκ
722 1192 779 1260 ἐδει
804 1194 895 1261 αὐτόν
918 1198 970 1261 ἐνα
994 1199 1200 1280 καθαρίσαντα
1226 1198 1329 1279 δαιμο-

178 1302 300 1375 νιάντα,
329 1301 401 1381 λέγω
426 1296 464 1379 δὴ
483 1296 536 1363 τόν
558 1296 616 1363 άπδ
638 1306 697 1362 τῶν
717 1301 866 1380 μνημείων
884 1296 1084 1383 ἐξερχόμενον,
1113 1306 1250 1364 κελεῦσαι
1267 1306 1330 1375 τοῖς

176 1404 308 1481 δαίμοσιν
326 1397 465 1464 άπελθεῖν
487 1402 535 1464 καί
554 1399 724 1465 άποκτεῖναι
743 1404 898 1484 διςχιλίους
916 1405 1046 1487 χοίρους,
1079 1402 1106 1464 εί
1122 1403 1183 1466 ίσαι
1202 1392 1279 1483 ἦσαν
1299 1402 1332 1465 αί

175 1504 268 1583 ψυχαὶ
290 1508 348 1566 τῶν
366 1499 538 1587 άνθροίπων
558 1505 608 1567 καὶ
628 1510 686 1567 τῶν
703 1506 819 1587 χοίρων.
866 1509 939 1578 Παῖς
956 1501 1010 1588 γάρ
1030 1510 1099 1585 μιάς
1119 1504 1330 1586 ἐπιμελόμενος

177 1608 320 1687 διςχιλίων
337 1605 429 1668 ἐποίει
444 1602 584 1689 ὅλεθρονς
616 1608 657 1668 Εἰ
672 1606 705 1670 δὲ
718 1604 806 1671 πάλιν
822 1603 862 1680 οίς
878 1603 948 1685 άφις
964 1604 1106 1671 σκολιεάει
1118 1602 1330 1689 μηχανόμννος

176 1708 227 1771 καί
241 1707 332 1791 λέγων
349 1704 409 1785 ὅτι,
421 1705 547 1772 ’Έλυσεν
563 1706 655 1783 αὐτάς
670 1705 729 1773 άπδ
747 1715 805 1772 των
823 1706 982 1791 σωμάτων,
1004 1711 1054 1773 ἵνα
1070 1703 1249 1787 άνέλθωσιν,
1270 1710 1329 1773 ίδει

177 1807 227 1874 τόν
243 1808 380 1893 Λάζαρον
399 1812 526 1873 λυθέντα
542 1818 594 1875 τοῦ
614 1808 749 1892 σώματος
767 1808 808 1892 μὴ
825 1812 1000 1895 ἐπιστρέψαι
1018 1808 1106 1876 πάλιν
1122 1812 1164 1887 είς
1181 1808 1215 1875 τό
1234 1816 1329 1893 σῶμα,

177 1916 284 1994 μᾶλλον
300 1912 331 1975 δὲ
344 1914 392 1975 καί
411 1909 503 1976 αότδν
517 1910 569 1978 τάν
583 1916 779 1995 δαιμονιῶυτα
793 1919 877 1978 λῦσαι
892 1911 962 1989 νοός
977 1910 1102 1995 δεσμοάς
1116 1918 1170 1979 τοῦ
1184 1911 1329 1995 σώματος.

174 2012 244 2078 Ἀλλ’
270 2012 325 2079 οὐκ
349 2017 485 2096 ἐποίησεν
509 2014 611 2089 οὕτως.
658 2013 804 2098 Προενόει
826 2016 857 2079 δὲ
883 2022 991 2096 μᾶλλον
1014 2014 1092 2081 οὕτω
1113 2022 1169 2080 τοῦ
1192 2014 1331 2097 σάματος

177 2115 262 2191 είδοίς
279 2116 311 2181 τά
331 2119 493 2200 συμφέρον.
538 2120 677 2182 Διὲπεσεν
696 2114 713 2182 6
729 2119 795 2200 περί
812 2124 912 2200 ψυχῆς
928 2139 983 2183 σου
1001 2116 1103 2203 λόγος,
1126 2110 1328 2203 όΜαρκίων,

176 2222 227 2284 καὶ
248 2227 306 2284 τῶν
328 2217 387 2285 άπδ
401 2227 460 2307 ροῦ
478 2222 528 2284 καὶ
546 2228 604 2286 τῶν
617 2218 711 2285 άλλων
728 2223 867 2306 αἱρέσεων
883 2218 1071 2305 ὁρμωμένων.
1115 2222 1178 2285 Καὶ
1192 2222 1263 2306 περὶ
1278 2228 1331 2305 τῆς

179 2330 378 2405 προςποιητῆς
396 2344 450 2387 σου
469 2328 614 2399 πολιτείας
631 2316 721 2398 αὖθις
738 2325 812 2405 ἐρῶ,
842 2321 891 2387 διά
904 2321 938 2389 τά
954 2324 1045 2408 λέγειν
1059 2344 1090 2389 σε
1105 2321 1242 2409 πονηρόν
1257 2320 1331 2389 είναι

177 2430 227 2491 καί
244 2423 389 2507 άθέμιτου
406 2424 437 2491 τό
454 2433 572 2509 σαρκῶν
586 2423 821 2507 μεταλαμβάνειν.
863 2422 983 2511 Ἐλίγχει
997 2426 1029 2491 δέ
1045 2447 1078 2492 σε
1092 2422 1110 2492 ό
1125 2424 1226 2511 σωτὴρ
1241 2428 1331 2493 πλέον

177 2550 230 2594 σου
248 2527 452 2610 ἐπιστάμενος,
480 2529 531 2592 καί
547 2528 696 2593 διδάσκων
711 2526 745 2591 τδ
763 2525 897 2607 κάλλιον,
927 2525 986 2593 άπδ
1005 2536 1059 2593 τοῦ
1073 2526 1214 2595 τοιούτου
1228 2532 1330 2613 βητσῦ.

177 2634 265 2717 Λέγει
287 2629 359 2716 γάρ,
394 2636 465 2695 Τίνα
487 2628 504 2695 6
526 2629 592 2705 υἷάς
613 2628 718 2719 αἰτήση
738 2629 842 2713 ίχθδν,
873 2628 914 2714 μή
936 2628 1009 2711 ὅφιν
1028 2628 1167 2697 ἐπιδόσει
1184 2628 1283 2723 αάνᾷς
1309 2628 1332 2717 ἢ

177 2732 240 2799 άντὶ
260 2730 321 2799 ωόῦ
340 2738 496 2819 σκορπίους
525 2735 574 2798 καί
594 2731 717 2818 ὕστερόν
735 2754 841 2815 φησιν,
873 2736 916 2797 Et
931 2725 987 2798 οὖν
1001 2730 1086 2817 άμεῖς
1100 2734 1233 2821 πονηροί
1248 2730 1331 2813 ὄντες

178 2840 275 2902 οίδατε
288 2834 402 2918 δόματα
417 2833 517 2920 άγαθά
534 2834 652 2901 διδόναι
668 2844 730 2911 τοῖς
745 2837 856 2911 τέκνοις
870 2832 964 2918 ὑμῶν,
978 2834 1062 2927 πόσῳ
1077 2842 1189 2921 μᾶλλον
1202 2834 1329 2925 όιννννδρ

177 2936 260 3020 ὑμῶν
274 2935 291 3003 6
305 2937 491 3024 ἐπουράνιος.
528 2940 567 3001 El
580 2942 678 3003 τοίνυν
692 2936 806 3020 δόματα
819 2936 921 3023 άγαθά
935 2940 1074 3022 κίκληκεν
1087 2938 1178 3023 ίχθδν
1191 2938 1245 3007 ανδ
1257 2936 1328 3019 νίόν,

179 3040 215 3107 06
234 3040 366 3125 πονηράν
388 3040 420 3106 τά
444 3038 503 3123 μετ’
521 3038 701 3126 εὐχαριστίας
724 3042 756 3105 ἐκ
776 3047 853 3106 θεοῦ
870 3042 1011 3126 χαρισθὲν
1024 3040 1329 3127 μεταλαμβανόμενον,

176 3147 227 3210 καὶ
249 3142 414 3229 ἐλήλεγκταί
436 3165 491 3208 σου
511 3140 532 3226 ἡ
554 3147 734 3229 κακοτροπία
756 3142 952 3226 πανταχόθεν.

262 3557 347 3639 Σγόλ
364 3556 414 3621 κε’.
449 3558 676 3641 Παρακέκοπται
691 3580 725 3621 το
717 3553 807 3639 περί
819 3552 903 3619 Ἰωνα
915 3560 969 3620 τοῦ
981 3552 1149 3639 τροφείων.
1176 3552 1329 3643 Είχνγδρ,

175 3655 214 3722 Η
232 3658 314 3744 γενεά
336 3659 426 3783 αὕτη,
460 3666 624 3740 Πσημεῖον
641 3684 678 3723 ου
670 3655 857 3741 ’δοθήσεται
874 3653 959 3778 αὕτη.
1005 3654 1070 3723 Οιίκ
1089 3653 1147 3741 εἶχε
1166 3659 1247 3726 7’δέ
1262 3660 1331 3745 περὶ

178 3761 400 3846 βασιλίσσης
366 3789 455 3827 νοτου
477 3790 528 3827 και
549 3767 736 3843 Σαλομῶνος.

253 3864 370 3949 ’ἪΕλεγγ
388 3890 437 3929 κε.
471 3869 532 3929 Και
557 3868 587 3930 ἐν
609 3862 710 3939 αὐτοῖς
727 3860 774 3940 οἷς
794 3868 893 3939 δοκεῖς
912 3860 1112 3949 παρακόπτειν
1135 3888 1174 3931 ου
1164 3862 1330 3945 ’dm

179 3997 201 4032 ω
189 3961 384 4054 ³Ma<mlwv‚
414 3976 518 4033 λαθεῖν
538 3995 592 4051 την
610 3966 760 4050 άληθειαν.
806 3966 873 4031 Κάν
891 3964 1004 4056 άφέλης
1020 3962 1078 4052 γάρ
1093 3966 1162 4053 πνρλ
1177 3964 1263 4033 Ἰωνᾶ
1278 3970 1332 4035 ννῦ

179 4097 335 4153 προφηνου
357 4070 375 4136 6
392 4097 446 4153 την
461 4074 633 4153 οἰκονομίαν
648 4074 784 4153 σημαίνει
798 4076 852 4135 τοῦ
867 4076 1014 4155 σωτῆρος,
1045 4066 1158 4159 άφίλης
1178 4070 1212 4135 δέ
1231 4064 1329 4137 καί
1297 4096 1331 4137 νν

179 4175 246 4257 περὶ
264 4182 317 4256 τῆς
334 4178 502 4256 βασιλίσσης
519 4199 573 4238 τον
591 4173 681 4239 νότου
698 4175 750 4239 καλ
766 4178 1004 4254 ΗΣαλομωντος
1016 4172 1119 4237 καί
1082 4196 1137 4255 της
1155 4176 1261 4247 Num}
1278 4168 1332 4287 ψ

178 4274 351 4358 σωτηριάδη
368 4274 532 4355 ὑπόθεσιν,
553 4279 603 4342 καί
618 4303 671 4343 του
657 4274 765 4342 Ἰωνά
779 4274 813 4341 τό
827 4301 980 4362 κηρυγμα,
1002 4270 1092 4352 αόνός
1107 4300 1125 4339 υ
1116 4269 1332 4361 ‘aponum

247 4464 328 4527 .τοδς
342 4466 387 4534 μὲν
400 4466 596 4533 τελευτησαντας
607 4472 739 4520 emendavit
805 4465 846 4521 77.
861 4466 1050 4534 σημεῖοναίτεῐ,
1063 4462 1332 4533 καλσημείνιοόδΰ.

179 4472 296 4587 Ρείάάὶυι.
328 4539 393 4587 λιδτι
405 4540 476 4599 υιιλςο
488 4540 572 4587 habent
584 4554 628 4590 τοο
616 4536 687 4605 μὲν
699 4554 739 4591 τε
771 4540 862 4601 μλυονλλ
878 4540 981 4589 Ρτλαυίο.

179 4599 352 4669 λευτήσαντος.
