3046 5084
275 342 336 403 :322
699 351 818 401 ειυοτι
837 351 1005 400 τοιουτου

278 467 478 545 άπόίλυσθοι,
499 468 550 530 καλ
566 464 634 548 μηδ’
652 466 727 544 ὁλως
743 466 901 545 σώζεσθαι·
923 474 1027 551 χωρεῖν
1043 466 1075 530 δλ
1090 464 1214 547 ἑκάστην
1231 462 1336 529 οάσίαν
1352 462 1433 549 πρὸς

278 570 349 646 τοάς
367 573 459 643 ἰδίους
474 565 566 651 αὐτῆς
579 570 759 653 προβολέας,
781 567 835 652 τὴν
850 569 902 651 μὲν
917 564 1021 650 ὁλικὴν
1034 574 1069 657 τῇ
1086 566 1141 657 δίη
1157 568 1359 651 ίιιδιδομίνην,
1380 568 1436 631 καλ

278 671 310 738 τὸ
328 668 469 755 σαρκικὸν
484 672 534 735 καὶ
552 670 676 755 Σ*γήϊνον
691 679 727 761 τῇ
742 678 787 760 γῇ.
835 673 908 757 Τρία
923 668 978 756 γάρ
993 668 1124 755 τάγματα
1138 677 1278 735 καλοῦσιν
1292 665 1369 734 εἶναι
1382 665 1435 734 άν-

278 774 427 860 θρῶπων,
456 781 677 855 πνευματικῶν,
706 780 857 856 ψυχικῶν,
889 780 1053 858 σαρκικῶν·
1082 771 1116 839 τὸ
1133 773 1165 837 δὲ
1181 771 1277 858 τάγμα
1292 769 1325 837 τά
1344 796 1437 837 πνευ-

279 874 401 959 ματικδν
420 873 543 950 ἕαυτοὸς
558 877 689 960 λέγουσιν
695 926 703 954 ,
734 874 829 960 ῶςπερ
846 877 896 940 καλ
914 874 1107 961 γνωστικοιλς,
1138 878 1189 942 καλ
1207 872 1278 958 μήτε
1295 873 1436 958 καμάτου

280 980 503 1062 ἐπιδεομίυους,
525 976 545 1060 ἢ
562 976 655 1059 μόνον
673 986 725 1061 τῆς
742 977 876 1063 γνῶοεως
891 979 943 1041 καλ
958 984 1017 1043 τῶν
1035 976 1243 1065 ἐπιρρημάτων
1259 984 1319 1042 τῶν
1333 974 1437 1043 αάτῶν

280 1086 457 1166 μυστηρίων,
479 1087 538 1144 πῶν
554 1080 585 1144 δὲ
603 1077 703 1145 ὁτιοῦν
718 1089 814 1145 ποιεῖν
829 1077 923 1155 άδεῶς
938 1080 1061 1144 ἕκαστον
1076 1077 1185 1160 αάτῶν,
1207 1082 1258 1145 καλ
1274 1080 1366 1163 μηδὲν
1380 1104 1435 1145 πε-

280 1186 475 1267 φροντικέναι.
518 1180 703 1259 Ἐξάτταντος
725 1185 781 1268 γάρ
805 1202 878 1262 φασι
903 1185 1097 1265 σωθήσεσθαι
1120 1179 1319 1266 πνευματικῶν
1341 1180 1377 1247 δν
1398 1180 1434 1247 τὸ

281 1284 378 1351 αάτῶυ
392 1288 499 1369 τάγμα,
521 1281 554 1349 τὸ
571 1285 602 1349 δὲ
618 1287 715 1369 ἕτερον
730 1287 825 1370 τάγμα
837 1291 895 1348 τῶν
909 1281 1080 1369 άνθρῶπων
1094 1288 1126 1350 ἐν
1140 1284 1258 1375 κὸσμφ,
1281 1284 1355 1371 ὅπερ
1372 1302 1433 1367 ψυ·

280 1388 364 1472 χικὸν
381 1394 534 1465 καλοῦσιν,
566 1384 618 1467 ἐφ’
636 1389 743 1453 ἑαυτοῦ
757 1386 900 1464 σῶζεσθαι
918 1385 959 1468 μὴ
976 1387 1156 1470 δυνάμενον,
1187 1390 1215 1453 εί
1228 1385 1269 1471 μή
1285 1414 1312 1452 τι
1328 1385 1366 1452 ῶν
1381 1414 1435 1452 κα·

281 1489 362 1580 μάτφ
378 1492 428 1554 καὶ
446 1493 654 1578 δικαιοπραγίηι
673 1488 758 1554 ἕαυτὸ
778 1487 951 1568 άνασῶσειε,
982 1488 1014 1555 τὸ
1039 1491 1071 1555 δὲ
1087 1487 1189 1556 ὁλικὸν
1208 1488 1305 1575 τάγμα
1321 1497 1381 1556 τῶν
1404 1493 1438 1556 ἔν

280 1600 320 1681 τῷ
343 1589 443 1680 κόσμφ
469 1588 641 1678 άνθρῶπων
662 1591 734 1675 μήτε
756 1590 905 1657 δύνασθαι
923 1601 1028 1676 χωρεῖν
1044 1592 1100 1677 την
1116 1597 1224 1679 γνῶσίν
1242 1614 1332 1673 φασι,
1364 1590 1438 1677 μήτε

283 1697 419 1778 δέχεσθαι
440 1693 564 1777 ταύτην,
593 1692 650 1759 κάν
672 1696 756 1760 θίλοι
780 1692 798 1760 0‘
820 1697 853 1760 ἐκ
876 1693 984 1760 τούτου
1007 1703 1060 1760 τοῦ
1082 1694 1228 1781 τάγματος
1251 1692 1437 1779 ὁρμώμενος,

282 1797 467 1865 άπὸλλυσθαι
483 1798 515 1861 δὲ
532 1795 594 1879 άμα
609 1795 664 1862 σὸν
680 1805 763 1887 ψυχῇ
780 1799 830 1862 καλ
847 1799 959 1880 σάματι
965 1848 973 1876 ,
1003 1795 1036 1862 τὸ
1053 1798 1086 1862 δὲ
1104 1799 1218 1863 ἑαυτῶν
1232 1795 1330 1882 τάγμα
1347 1822 1439 1863 πνευ-

282 1898 406 1985 ματικδν
421 1897 457 1965 δν
473 1897 615 1977 σῶζεσθαι
632 1899 687 1965 σάν
702 1900 813 1983 σάματι
829 1898 905 1989 άλλςο
921 1901 1063 1989 ίνδοτίρφ
1078 1903 1135 1966 τινλ
1151 1899 1230 1980 ίίντι,
1258 1899 1330 1984 ὅπερ
1350 1897 1440 1967 αάτολ

282 2011 366 2085 σῶμα
380 2000 579 2085 πνευματικὸν
596 2010 717 2068 καλοῦσι
733 2001 963 2085 φανταζόμενοι,
991 2001 1062 2079 τοὸς
1077 2005 1109 2069 δλ
1125 2001 1274 2087 ψυχικοὸς
1290 2001 1438 2087 κεκμηκὸ·

283 2133 335 2181 τας
356 2105 432 2170 πολά
453 2107 504 2170 καὶ
526 2103 823 2190 ὁπεραναβεβηκὸτας
844 2103 897 2170 τὸν
919 2104 1112 2191 Δημιουργὸν
1132 2104 1194 2172 άνω
1216 2110 1356 2173 δίδοσθαι
1374 2114 1441 2184 τοῖς

281 2207 432 2295 Ἀγγὲλοις
442 2218 505 2285 τοῖς
518 2207 579 2292 άμα
596 2214 715 2298 Χριστῷ
729 2201 823 2288 οὖσιν,
840 2204 928 2273 οάδίν
941 2234 969 2272 τι
983 2214 1043 2273 τῶν
1055 2207 1199 2291 σωμάτων
1211 2208 1435 2293 κομιζομίνονς,

285 2309 355 2376 άλλά
378 2310 470 2394 μόνον
490 2309 543 2386 τάς
564 2309 664 2394 ψυχάς
684 2313 716 2376 ἐν
736 2309 908 2395 πληρῶματι
925 2306 1095 2395 εὸρεθείσας
1111 2317 1166 2394 τῆς
1185 2308 1283 2378 αάτῶν
1300 2310 1440 2399 γνῶσεως

282 2415 333 2479 καλ
352 2413 404 2479 τάν
420 2411 611 2499 Δημιουργὸν
631 2411 867 2499 ὁπερβεβηκυίας
888 2416 1031 2479 δίδοσθαι
1051 2422 1114 2490 τοῖς
1134 2413 1207 2496 μετά
1225 2420 1280 2481 τοῦ
1302 2420 1436 2501 Χριστοῦ

281 2514 432 2602 Ἀγγίλοις
453 2518 494 2591 είς
514 2514 643 2598 νάμφας.

149 2720 216 2789 Κῑθ·
233 2717 268 2786 η’·
371 2719 499 2802 Τοιαύτη
522 2721 600 2784 ἐστὶν
623 2716 643 2802 η
663 2715 726 2784 κατ’
747 2714 857 2795 αάτοάς
877 2723 1043 2809 τραγῳδία,
1075 2721 1181 2803 ἔχουσα
1202 2720 1257 2804 μὲν
1276 2722 1328 2787 ιταλ
1345 2722 1436 2787 πλείω

281 2822 402 2888 τούτων.
442 2820 518 2908 Ἐγῶ
543 2822 576 2886 δὲ
598 2820 691 2904 μόνον
711 2819 795 2886 άτινα
819 2820 907 2902 φάσει
931 2819 1093 2908 άναγκαῖον
1114 2818 1189 2888 εἶναι
1215 2820 1370 2911 ἡγησάμην
1395 2824 1441 2900 τίς

281 2922 449 3007 τοάμφανλς
470 2928 582 3003 ἐλθεῖν,
613 2920 701 2989 ταῦθ’
722 2921 927 3009 ὁπηγὸρευσα,
957 2922 998 3001 ῶς
1019 2922 1040 3008 ἦ
1061 2928 1104 3002 είς
1123 2921 1203 3009 ἡμᾶς
1222 2931 1331 3012 γνῶσις
1348 2916 1439 3010 ἦλθε,

280 3034 335 3093 τοῦ
351 3026 449 3093 πάθεν
466 3025 600 3113 ὁρμᾶτο,
631 3029 663 3092 ἐν
678 3030 777 3103 ποίοις
795 3027 827 3092 δὲ
844 3035 962 3113 καιροῖς
977 3024 1103 3114 ὑπῆρχε,
1124 3030 1176 3094 καλ
1194 3025 1254 3095 άπὸ
1270 3032 1367 3095 ποίων
1382 3028 1440 3107 τὸς

281 3128 445 3216 προφάσεις
460 3134 572 3214 εἴληφε,
594 3132 645 3195 καὶ
660 3133 703 3206 τίς
718 3127 811 3194 αάτοῦ
826 3126 846 3212 ὁ
862 3133 1043 3211 διδασκαλία,
1066 3130 1128 3215 άμα
1145 3156 1175 3197 τε
1187 3135 1262 3197 τίσιν
1276 3128 1439 3215 λβλάστησε

159 3268 212 3316 ηις.
225 3255 269 3300 ιττ.
283 3240 324 3322 τῷ
338 3236 394 3323 βίφ
409 3231 513 3314 κακὸν,
537 3231 595 3299 άπὸ
612 3233 721 3318 μίρους
732 3256 774 3311 τε,
797 3228 837 3308 ῶς
851 3234 937 3315 ἔφην,
958 3239 1013 3317 τῆς
1024 3232 1132 3300 τούτου
1148 3236 1336 3312 διδασκαλίας
1348 3236 1440 3318 ἔμνη-

283 3337 426 3421 μόνευσα·
449 3336 486 3402 τά
501 3336 532 3401 δὲ
546 3335 634 3401 λοιπά
648 3342 700 3418 τῆς
714 3332 807 3400 αάτοῦ
820 3340 1008 3421 λεπτολογίας
1020 3333 1077 3403 οάιι
1091 3333 1268 3421 ἠβουλήθην
1282 3332 1333 3402 obl
1345 3338 1440 3421 ὁμαυ-

280 3448 334 3506 τοιῖ
350 3439 504 3520 συντάξαι,
527 3436 621 3526 εὸρῶν
638 3437 719 3524 παρά
733 3445 773 3526 τῷ
789 3433 941 3528 άγιωτάτφ
956 3440 1110 3529 Είρηναίφ
1122 3445 1162 3529 τηῑ
1180 3436 1290 3529 άρχαίφ
1303 3438 1359 3523 τήν
1373 3436 1438 3507 κατ’

283 3541 376 3609 αιίτοῦ
388 3547 588 3630 πραγματείαν
600 3541 801 3628 γεγενημένην.
824 3539 907 3618 Ἕως
920 3541 954 3606 δλ
969 3540 1101 3607 ιτοάτου
1113 3538 1151 3607 τά
1162 3538 1245 3628 ὁλίγα
1257 3548 1350 3609 ταῦτα
1362 3544 1440 3621 διεξ-

282 3645 379 3710 ελθῶν
394 3645 431 3716 τά
449 3647 515 3730 ἑξῆς
529 3643 588 3711 άπὸ
604 3651 663 3709 τῶν
674 3650 730 3709 τοῦ
742 3645 960 3729 προειρημένου
975 3641 1085 3731 άνδρὸς
1100 3642 1210 3711 δοάλου
1226 3650 1319 3725 θεοῦ,
1341 3646 1439 3731 210»,-

281 3751 367 3812 ναίου
383 3750 416 3813 δέ
431 3775 519 3832 φημι,
536 3747 590 3833 την
604 3745 770 3834 παράθεσιν
782 3743 945 3833 ὁλοσχερῶς
961 3745 1156 3831 θποιήσομαι.
1181 3744 1263 3833 Ἔχει
1275 3746 1309 3815 δλ
1324 3744 1438 3825 οίίτος·

557 4025 628 4077 ιΕΚ
646 4022 723 4078 ΤΩΝ
742 4022 815 4077 ΤΟΥ
831 4022 940 4076 ΔΓΙΟΥ
956 4022 1166 4079 ΕΙΡΗΝΔΙΟΥ.

146 4143 213 4213 Κεφ.
231 4142 264 4199 τ’.
369 4138 475 4205 2Ἐπεί
495 4142 550 4225 την
573 4139 717 4224 άληθειαν
739 4139 1005 4226 παραπεμπόμενοί
1025 4166 1102 4218 τινος
1122 4138 1309 4227 ἕπειςάγονσι
1327 4138 1440 4227 λόγους

280 4246 402 4322 ψευδεῖς
422 4246 496 4309 3καλ
513 4250 695 4330 γενεαλογίας
711 4241 936 4328 4άπεράντους,
968 4247 1075 4321 αἵτινες
1091 4241 1223 4328 ζητήσεις
1237 4248 1347 4326 μᾶλλον
1360 4266 1437 4333 παρ·

311 4381 336 4433 3.
350 4385 386 4433 lta
401 4387 499 4434 nstituit
516 4386 628 4435 Ριτουλατ
647 4386 675 4434 δι
696 4386 747 4435 cod.
765 4386 839 4435 λὀεῖε.
901 4384 925 4435 2.
940 4378 1078 4450 ποιήσομαι
1088 4382 1192 4437 τῶντοῖ
1203 4378 1277 4449 αἰτίαν
1287 4380 1438 4451 Eloquia.

278 4452 406 4501 σοταοτίαι
421 4455 525 4503 τοίσιταε
543 4448 642 4572 γτγῐκὸυ.
872 4446 935 4505 Ἐπὶ
950 4458 1000 4504 τινε
1017 4454 1069 4505 cod.
1085 4454 1140 4504 θαι

278 4518 370 4638 νοτε.
387 4519 454 4571 vm.
470 4549 502 4560 -
527 4521 550 4570 1.
581 4518 677 4573 νταῡθα
694 4515 768 4587 ὀλίγα
785 4522 838 4572 ωδ.
876 4521 965 4640 Vin».
980 4518 1175 4574 lX.-1.RK
1192 4532 1237 4573 σιτ.
1251 4520 1323 4573 codd.
1337 4520 1438 4587 Μ.

296 4602 332 4638 αι
894 4604 910 4641 ο
