3046 5084
423 336 559 391 tanaim
575 338 637 391 Lib.
650 341 670 392 1.
685 339 766 393 ΤΟΜ.
781 341 812 392 ll.
829 340 927 392 nasu.
943 341 1025 392 XXV.
1240 331 1295 394 161

154 457 283 537 videret,
306 457 501 540 humilemque
520 474 588 518 sese
603 467 770 539 praestare,
795 458 940 543 zelotypia
956 470 1134 539 commotus,
1159 481 1193 524 ao
1210 460 1246 524 dc
1264 461 1298 523 li·

154 559 250 623 hidiae
272 581 325 624 sna
349 569 532 622 caeterorum
559 575 657 618 mores
678 555 901 640 interpretatus,
934 561 1054 642 primum
1074 581 1195 624 uxorem
1216 583 1295 625 snam

153 661 362 725 contumeliose
381 670 427 721 est
445 675 623 739 aggressus,
655 655 738 738 eique
757 667 838 718 certa
856 659 974 720 crimina
991 681 1042 743 per
1060 660 1229 723 calumniam
1246 663 1297 724 ob·

153 762 252 824 iecitz‘
272 763 386 824 demum
404 778 477 820 vero
494 778 553 819 non
572 756 664 818 solum
682 756 717 818 ad
735 757 870 819 usitatum
889 757 965 820 iuter
980 759 1110 822 bomiucs
1128 781 1161 822 ac
1181 771 1297 823 natura·

151 864 206 926 lem
227 884 312 926 usum
337 879 491 942 corporum
512 856 663 943 prolapsus
686 867 748 936 est,
783 878 884 920 verum
905 859 990 921 etiam
1006 860 1035 922 io
1051 860 1164 942 plenum
1183 860 1251 923 illud
1267 861 1298 923 iu

152 966 236 1027 deum
251 959 445 1025 contumeliae
460 958 562 1040 dogma
578 957 826 1043 improbitatisque
840 961 972 1023 damnum
986 972 1071 1045 atque
1085 981 1215 1025 errorem
1232 982 1295 1046 pra·

150 1065 250 1128 vitatis
273 1060 368 1123 omnis
391 1059 604 1123 conciliatorem
628 1060 731 1143 erupit.

234 1163 283 1225 Ab
299 1162 353 1224 boc
368 1161 446 1224 iontc
459 1160 580 1224 derivati
596 1182 630 1224 oc
645 1161 768 1246 pessime
783 1162 812 1223 iu
826 1162 961 1224 mundum
975 1163 1131 1227 introducti
1145 1175 1212 1226 sunt
1224 1164 1291 1227 bae·
1310 1166 1369 1233 θῦε·
1387 1171 1417 1220 ¹¹·

150 1265 233 1327 retici
251 1263 292 1327 illi
308 1262 354 1346 qni
370 1282 432 1325 eam
447 1261 513 1340 sibi,
534 1283 618 1345 quam
636 1263 707 1325 lalso
724 1263 885 1341 nominant,
911 1260 1115 1346 Cognitionem
1130 1265 1289 1345 vindicant,

149 1364 310 1428 cuiusmodi
326 1374 393 1426 snut
409 1359 553 1442 Gnostici,
576 1360 772 1441 Pbibionitae,
798 1373 827 1426 et
843 1365 946 1448 quibus
964 1365 999 1428 ab
1015 1364 1165 1450 Epiplrane
1184 1388 1291 1430 nomeu

149 1478 195 1529 est
219 1466 348 1528 inditum.
392 1461 467 1526 Tum
494 1465 580 1527 ctiam
604 1461 768 1544 Militares,
801 1462 947 1546 Levitici,
982 1467 1086 1550 aliique
1111 1468 1286 1552 complures.

149 1565 277 1649 Quorum
295 1564 413 1650 quilibet
432 1566 567 1628 haeresin
588 1567 731 1649 propriam
754 1567 789 1629 ad
811 1568 898 1630 animi
920 1570 964 1631 sni
984 1567 1154 1632 affectiones
1174 1590 1288 1633 aecum·

149 1670 266 1731 modaus
290 1677 448 1731 sexcentas
470 1666 617 1749 nequitiae
641 1668 706 1731 vias
728 1668 919 1750 excogitavit.
968 1667 1047 1732 Nam
1073 1690 1172 1733 eorum
1199 1671 1286 1754 aliqui

144 1767 335 1833 Barbelouem
355 1769 455 1832 neseio
475 1788 560 1850 quarn
578 1767 743 1846 celebrant,
775 1768 869 1831 cni‘io
888 1781 990 1833 octavo
1009 1772 1091 1833 coelo
1110 1772 1286 1836 domicilium

142 1871 312 1934 attribuunt.
358 1869 442 1933 lianc
460 1889 477 1931 a
493 1866 583 1931 Patre
597 1868 764 1950 productam
783 1871 940 1950 affirmant,
964 1869 1147 1955 Matremque
1164 1872 1212 1936 alii
1228 1871 1285 1936 lal-

141 1971 280 2048 dabaotb,
313 1972 361 2034 alii
386 1968 516 2035 Sabaoth
541 1969 661 2032 iaciunt.
705 1967 745 2031 Er
764 1969 878 2052 quidem
897 1971 992 2049 illius,
1025 1983 1055 2033 ut
1076 1974 1173 2051 aiunt,
1208 1974 1283 2038 fitius

140 2073 253 2158 septimi
268 2074 342 2136 coeli
358 2093 410 2157 per
423 2092 564 2134 summam
578 2069 725 2132 audacium
739 2090 773 2131 ac
790 2072 969 2154 tyrannidem
985 2093 1103 2156 compos
1118 2084 1162 2135 est
1176 2075 1280 2136 lactus.

140 2172 226 2258 isque
246 2174 404 2237 interiores
419 2173 587 2257 alloquens,
609 2168 694 2255 Ego,
716 2171 826 2254 inquit,
851 2172 958 2255 primns
976 2193 1038 2234 snm
1054 2193 1088 2234 ac
1106 2183 1280 2256 postremos,

140 2297 193 2338 nec
209 2275 283 2338 alins
298 2287 415 2359 practer
431 2295 476 2336 me
493 2276 563 2335 deus
582 2282 637 2334 est.
678 2269 762 2354 Quod
777 2272 896 2334 audiens
911 2270 1037 2335 barbelo
1051 2272 1209 2357 lacrymato
1224 2285 1279 2338 εει.

139 2375 268 2440 Eandem
288 2398 375 2461 porro
394 2386 517 2438 venusta
535 2374 631 2458 speeie
646 2371 829 2459 Principibus
847 2394 987 2458 apparere
1005 2373 1113 2450 dicunt,
1137 2374 1172 2435 ab
1187 2374 1280 2459 iisque

138 2498 238 2541 semen
255 2498 308 2562 per
325 2455 502 2561 voluptatem
519 2497 554 2539 ao
571 2475 740 2560 profluvium
759 2474 894 2552 anferre,=
918 2476 1051 2537 nimirum
1072 2486 1104 2538 ut
1121 2476 1179 2539 viru
1199 2497 1280 2540 snam

139 2579 318 2642 indiversus
335 2579 502 2641 distractam
520 2579 624 2640 iterum
643 2588 806 2662 necroperet.
853 2573 944 2640 Cuius
962 2576 1105 2660 dogmatis
1125 2577 1279 2640 occasione

139 2681 284 2744 foeditatis
299 2702 368 2743 suae
387 2680 555 2765 mysterium
574 2678 602 2741 in
619 2678 719 2741 orbem
738 2678 863 2742 invexit.
908 2678 1005 2762 Atque
1019 2699 1118 2742 eorum
1135 2679 1277 2764 plerique,

137 2803 210 2864 quos
227 2782 533 2858 commemoravimus,
557 2803 613 2863 quo
632 2781 747 2843 tandem
766 2791 849 2864 pacto
868 2782 942 2864 quud
962 2802 998 2843 ne
1016 2783 1147 2865 prolerre
1165 2783 1277 2866 quidem

137 2883 207 2945 licet
222 2884 294 2944 miro
312 2883 502 2966 improbitatis
519 2882 642 2944 artificio
658 2881 687 2944 in
704 2881 868 2966 promiscuo
885 2883 1036 2946 mulierum
1054 2884 1207 2947 concubitu
1224 2884 1278 2948 im·

136 2983 272 3066 munique
291 2984 464 3068 turpitudine
481 2985 607 3048 volutari
622 2984 801 3047 docuerunt
823 2985 1058 3068 quemadmodum
1076 2987 1276 3049 sanctissimus

135 3084 246 3149 Paulus
270 3085 337 3149 alibi
360 3085 485 3148 deelaral
507 3085 552 3148 his
575 3084 690 3148 verbisc
725 3089 800 3164 Quae
824 3092 893 3147 ennio
916 3091 1024 3148 occulto
1037 3089 1120 3167 fiunt
1137 3090 1172 3148 od
1193 3092 1271 3167 ipsis,
1288 3099 1412 3156 Equam.

135 3200 217 3268 turpe
234 3200 277 3249 est
291 3191 338 3249 uel
348 3191 448 3249 debere.
496 3185 607 3250 Verum
626 3187 650 3249 si
670 3187 717 3270 qui
734 3189 908 3252 contrariam
929 3188 993 3252 buic
1011 3189 1105 3251 errori
1124 3188 1275 3252 refutatio-

135 3309 201 3353 nem
218 3311 234 3352 a
251 3290 352 3375 spiritu
371 3299 474 3352 sancto
492 3290 651 3372 prolectam
669 3289 769 3353 videre
787 3290 900 3375 cupiat,
932 3312 965 3353 ea
986 3312 1023 3354 ex
1042 3291 1135 3352 sancti
1154 3287 1273 3351 loannis

133 3389 310 3476 Apocalypsi
333 3389 473 3474 cognosci
495 3392 617 3474 poterit,
648 3390 694 3474 qui
718 3391 754 3453 ad
778 3413 862 3454 unam
886 3392 1076 3455 ecclesiarum
1100 3411 1140 3452 ex
1163 3386 1274 3453 Cbristi

134 3492 240 3556 domini
258 3514 381 3577 persona
400 3491 551 3571 scribens,
581 3491 645 3555 sive
663 3493 697 3555 ad
717 3491 883 3577 episcopum
903 3494 950 3577 qui
969 3493 995 3554 ei
1013 3490 1195 3575 praepositus
1213 3490 1274 3552 loe-

133 3604 195 3673 rat,
224 3616 288 3657 cnm
307 3595 402 3678 augeli
420 3593 512 3658 sancti
532 3593 639 3658 virlote
656 3593 704 3678 qni
721 3593 749 3656 in
769 3595 852 3656 altari
871 3605 951 3670 erat,
981 3593 1022 3653 ita
1040 3591 1182 3673 loquitur:
1215 3596 1274 3655 Sed
1284 3609 1407 3665 amano.

132 3697 185 3757 doc
203 3699 288 3758 dobes
309 3699 389 3772 boni,
413 3701 479 3776 quob
501 3700 588 3757 odcbtr'
596 3697 681 3778 sucta
701 3699 923 3768 Nabolna'turum,
948 3713 1019 3774 quoe
1040 3703 1070 3751 et
1087 3713 1139 3771 ego
1161 3697 1215 3755 odi.

216 3797 277 3861 Atii
291 3818 363 3860 vero
377 3794 534 3860 Pruuioam
549 3798 690 3882 quandam
703 3798 804 3862 eodem
819 3819 875 3881 quo
890 3795 936 3857 isti
952 3802 1114 3855 commento
1128 3815 1271 3860 veneran·
1289 3799 1346 3866 cap.
1358 3800 1400 3849 ¹¹¹·

132 3908 194 3979 ιεε,
225 3908 255 3959 ει
276 3916 318 3960 ex
335 3897 385 3971 illo
403 3898 586 3982 turpitudinis
608 3899 740 3981 dogmate
760 3895 963 3982 cupiditatibus
984 3895 1045 3958 suis
1062 3895 1267 3982 obsequentes,

128 3999 288 4078 Prunicae,
312 3996 455 4082 inquiunt,
479 3998 559 4061 vires
574 4020 613 4062 ex
628 4000 798 4085 corporibus
814 3997 1018 4083 probandisque
1032 3998 1204 4084 colligimus,
1229 4022 1269 4064 ex

129 4102 240 4167 semine
257 4100 391 4164 uimirom
407 4119 441 4161 ao
457 4100 625 4180 menstruis,
649 4101 684 4165 de
700 4101 804 4184 quibus
818 4099 902 4184 paulo
917 4110 993 4183 post,
1017 4121 1080 4165 cum
1094 4103 1129 4166 de
1144 4103 1188 4166 bis
1203 4124 1268 4187 par-

128 4257 179 4306 eod.
192 4257 288 4319 ltdtdiq.
304 4260 325 4305 et
341 4256 377 4303 ed.
390 4255 466 4315 princ.
749 4253 772 4302 5.
791 4255 891 4315 Vutquto
904 4255 1017 4305 distinctio
1031 4261 1063 4307 est
1075 4255 1163 4322 λέγειν,
1176 4255 1231 4315 πῶς
1241 4254 1266 4308 ds

161 4321 186 4373 3.
204 4317 284 4389 αὐτῆς
301 4325 368 4373 codd.
387 4324 469 4382 Vultu,
485 4321 581 4383 llbedlq.
595 4325 615 4370 et
629 4322 683 4369 edit.
715 4318 847 4389 πολυμιξιᾳ
862 4327 911 4372 cett

128 4393 211 4440 Potou-
243 4386 326 4443 adreio
340 4393 394 4441 edit.
406 4392 481 4452 padue.
750 4388 808 4437 Car.
824 4390 866 4438 tlt.
879 4417 911 4428 -
929 4389 949 4441 l.
966 4388 1117 4455 Προῦνεικον
1131 4393 1181 4442 cod.
1195 4395 1267 4443 Votis.

161 4452 186 4506 d.
205 4452 337 4526 μυστήριον
357 4453 386 4512 od
406 4455 480 4510 τόσον
497 4450 625 4514 Νικόλαος
645 4453 682 4521 τῷ
748 4454 772 4506 2.
790 4449 858 4509 ἄλλοι
870 4459 935 4508 codd.
949 4461 1021 4509 Vottc.
1035 4466 1055 4509 et
1069 4462 1104 4508 ed.
1120 4462 1199 4509 Petoo.
1222 4454 1266 4511 uit·

33 4550 45 4563 ·
128 4519 220 4591 κόσμῳ
237 4526 286 4575 cod.
300 4528 373 4576 Velio.
715 4523 766 4583 λως
777 4527 826 4575 eod.
836 4527 931 4589 ltltedip.
946 4527 978 4592 (c.
988 4530 1085 4593 rasura)
1098 4532 1119 4576 et
1129 4529 1183 4576 edit.
1190 4530 1266 4589 petae.

179 4604 266 4660 Corpus
278 4607 410 4650 Haereseol.
423 4606 452 4649 ll·
1028 4617 1060 4675 11
