3046 5084
407 285 540 338 Pausutt
559 287 634 341 ADV.
653 286 820 341 natamus
837 289 900 339 stu.
913 290 932 338 l.
951 289 1032 340 TOM.
1045 289 1064 337 1.
1270 275 1302 333 't'l

163 402 245 468 iussu
260 413 289 468 et
303 403 335 468 in
349 424 474 489 anguem
491 422 635 469 conseras
650 407 895 470 resurrectionem
907 405 1101 490 siguilicabat.
1125 403 1206 470 ldem
1219 425 1307 490 porro

163 501 288 592 Moyses
303 503 459 569 liubenitis
474 502 651 569 benedicens
664 504 704 567 ita
722 505 865 589 loquitari
896 512 978 569 Vivat
991 507 1102 579 liabeo,
1126 519 1155 568 at
1170 529 1227 569 non
1249 528 1306 567 ano

163 610 267 669 roano.
314 604 399 690 Quod
417 605 446 668 ci
463 613 601 688 precatur
615 603 663 687 qui
681 603 843 667 iamdudum
859 625 876 667 e
891 605 968 670 nivis
984 617 1168 685 excesserat,
1191 628 1247 691 quo
1263 607 1306 672 vi·
1320 619 1458 674 usuam.

164 717 222 771 tam
238 709 323 772 alium
342 726 410 770 ease
426 713 493 789 post
513 702 623 767 obitum
649 704 785 782 doceret,
818 725 874 767 nec
900 726 958 768 nou
983 716 1013 767 et
1034 705 1170 768 iudiciuin
1194 707 1223 768 io
1249 729 1306 789 qno

163 809 296 872 bomines
312 805 442 870 secunda
460 815 554 869 morte
569 805 754 869 damnantur.
799 807 898 890 Atque
914 806 981 869 ideo
999 805 1139 891 duplicem
1159 807 1199 869 illi
1218 807 1308 870 bene·

162 910 320 974 dictionem
343 906 480 991 impertit.
525 911 621 980 Vrbot,
644 907 754 991 inquit,
786 908 815 970 in
835 907 1053 972 resurreetione
1068 907 1199 985 scilicet,
1220 930 1309 988 neque

163 1016 319 1082 moratrnrr,
352 1006 382 1070 in
403 1007 521 1072 indicio.
567 1004 680 1090 Quibus
699 1008 797 1073 verbis
820 1031 879 1072 non
896 1009 973 1073 illam
992 1019 1115 1072 mortem
1133 1008 1310 1093 significavit

164 1109 287 1196 quaein
303 1108 459 1173 animorum
483 1130 642 1195 acorpore
664 1112 851 1196 reparatione
867 1111 1015 1188 cernitur,
1047 1111 1099 1174 sed
1123 1131 1187 1173 eam
1212 1111 1308 1195 potins

164 1230 240 1294 quae
258 1210 488 1275 indemnatione
512 1212 657 1276 consistit.
701 1210 799 1277 Peuce
823 1212 896 1275 haec
920 1212 956 1275 ad
976 1212 1167 1276 evertendum
1191 1211 1306 1275 illorum

165 1332 294 1375 errorem
312 1310 462 1377 sufficient.
507 1312 626 1378 Habent
647 1323 678 1377 et
694 1314 767 1378 alios
784 1325 902 1378 veteres
925 1315 997 1377 ritus
1016 1336 1082 1377 eum
1100 1325 1235 1379 exuema
1257 1314 1307 1376 de·

165 1413 271 1477 mentia
288 1414 470 1478 coniunctos.
514 1413 592 1480 Nam
616 1427 646 1480 et
672 1416 743 1479 lotio
769 1416 901 1500 perlnndi
926 1417 1023 1479 solent
1043 1415 1158 1499 quoties
1183 1436 1307 1500 peregre

164 1515 277 1579 domum
291 1516 433 1595 redeunt,
456 1527 591 1600 tanquam
613 1518 708 1602 aliqua
726 1518 900 1601 contagione
919 1518 1018 1602 polluti
1038 1527 1067 1580 et
1084 1537 1159 1601 aqua
1173 1537 1240 1580 sose
1256 1538 1308 1579 ve·

163 1626 278 1700 steaqne
291 1637 361 1681 suas
378 1617 511 1695 abluunt,
534 1639 599 1681 oum
616 1619 738 1682 alterius
754 1620 851 1702 gentis
870 1619 1032 1703 quempiam
1048 1618 1209 1702 tetigerint.
1243 1615 1306 1681 Hac

162 1716 238 1782 enim
255 1738 288 1781 re
302 1717 495 1782 constaminsri
515 1737 549 1780 se
566 1729 683 1803 putant,
706 1720 732 1782 si
751 1741 922 1805 quemquam
939 1720 1103 1785 mortalium
1120 1731 1170 1783 aut
1187 1720 1307 1784 alterius

160 1831 258 1882 sectae
279 1819 425 1884 bominem
447 1818 603 1902 attingant.
648 1818 745 1883 'l'auta
768 1831 814 1883 est
836 1821 949 1884 illorum
972 1822 1123 1885 vecordia.

264 1917 325 1984 lam
364 1919 603 2004 quemadmodum
639 1920 724 1984 facile
757 1922 893 2004 redargui
932 1923 1060 2007 ipsorum
1092 1923 1205 1986 insania
1239 1944 1306 2006 pos·
1324 1937 1384 2004 cap.
1401 1938 1443 1986 tv.

158 2024 208 2100 sit,
231 2021 431 2086 animadverte
454 2041 582 2105 quaeso,
606 2042 661 2086 nec
677 2021 736 2085 ullo
759 2023 876 2105 negotio
895 2023 1049 2107 percipies.
1095 2021 1212 2086 Etenim
1230 2046 1307 2085 mor-

159 2125 200 2187 tui
218 2125 345 2189 cadaver
361 2122 582 2202 abominentur,
607 2145 671 2187 cum
692 2123 752 2187 sint
773 2123 835 2187 suis
855 2123 971 2208 ipsimet
991 2124 1074 2187 lactis
1096 2124 1214 2186 mortui.
1250 2125 1306 2186 At-

160 2226 207 2311 qui
231 2247 290 2290 non
324 2247 382 2289 uno
413 2225 562 2306 alterove,
597 2225 650 2288 sed
676 2225 795 2288 infinitis
826 2223 1002 2288 testimoniis
1034 2223 1218 2288 convincitur
1247 2247 1304 2289 non

160 2349 228 2396 esse
243 2336 424 2391 mortuorum
445 2347 569 2411 corpora
585 2326 766 2390 detestanda.
811 2324 889 2390 Nam
908 2326 983 2409 quod
1000 2325 1051 2387 lex
1068 2324 1245 2388 contrarium
1262 2327 1305 2389 ri-

159 2430 246 2495 detur
264 2448 418 2507 asserere,
450 2427 525 2491 alind
549 2427 682 2512 quiddam
706 2428 871 2513 aenigmate
896 2427 1069 2491 adumbrare
1087 2426 1190 2489 voluit.
1235 2425 1305 2489 Non

158 2531 236 2595 enim
254 2533 392 2608 duorum,
416 2540 448 2595 ut
462 2529 540 2609 dixi,
566 2530 690 2595 triumve
706 2529 734 2593 id
752 2530 918 2594 testimonia
935 2527 1141 2615 comprobant,
1166 2527 1218 2591 sed
1236 2549 1306 2591 scs·

158 2644 241 2696 centa
258 2631 361 2715 viginti
380 2632 436 2695 duo
453 2632 541 2695 millia
560 2631 706 2695 bominum
723 2633 752 2695 in
773 2633 908 2711 deserto,
933 2632 1109 2716 totidemque
1125 2630 1195 2707 alia,
1220 2640 1307 2714 atque

159 2732 196 2796 iis
210 2732 300 2797 ctiam
317 2732 409 2818 plura.
454 2731 533 2817 Quin
557 2743 587 2797 et
609 2732 696 2816 longe
719 2733 853 2798 uberiora
876 2745 944 2797 sunt
965 2735 1125 2818 scripturae
1149 2733 1213 2797 loca
1232 2752 1307 2818 quae

161 2834 197 2897 de
211 2833 320 2912 loculo,
340 2833 370 2897 in
387 2856 445 2919 quo
461 2833 578 2920 loscplti
594 2855 662 2898 ossa
679 2836 794 2899 condita
809 2847 887 2913 sunt,
905 2835 1082 2899 mentionem
1098 2836 1221 2899 iaciunt.
1247 2832 1305 2917 Qui

159 2934 272 2999 loculus
291 2936 479 3020 qnadraginta
496 2947 574 3000 totos
594 2958 688 3001 annos
710 2937 740 3000 in
759 2937 864 3001 castris
883 2937 1068 3001 circumlatus
1086 2957 1181 3022 neque
1196 2935 1307 3000 abomi-

159 3037 270 3102 nationi
287 3039 357 3118 tuit,
381 3059 476 3124 neque
491 3037 666 3123 contagione
684 3059 736 3103 sua
755 3038 848 3102 labem
865 3040 951 3103 ullam
971 3040 1108 3125 aspersit.
1145 3035 1305 3101 Caeterum

157 3161 229 3205 vers
246 3140 301 3204 boc
319 3140 494 3225 ascriptura
509 3139 615 3203 dictu·
632 3151 696 3204 est:
728 3145 839 3223 Siquis
855 3154 994 3204 morosam
1013 3146 1156 3221 sategerit,
1178 3140 1305 3218 pollutas
1376 3150 1399 3194 vt

76 3270 84 3284 ·
156 3247 196 3306 ud
210 3265 351 3326 merom
368 3265 456 3325 usqne
470 3245 662 3324 permanebit:
686 3255 744 3306 turn
762 3267 793 3306 re
807 3266 881 3326 aquo
897 3247 1016 3318 lucubri,
1040 3265 1074 3304 nc
1090 3239 1302 3321 repurgantur.

157 3343 271 3429 Quibus
295 3345 396 3410 verbis
420 3343 529 3408 domini
552 3345 646 3410 nostri
667 3343 735 3410 lesu
753 3343 863 3411 Christi
887 3356 1011 3409 mortem
1034 3363 1069 3405 ac
1088 3349 1252 3422 susceptam
1275 3340 1304 3403 in

157 3470 280 3535 corpore
306 3447 472 3534 passionem
497 3446 602 3512 innuit.
646 3445 698 3512 Es
717 3469 753 3512 eo
771 3449 867 3526 enim,
892 3447 967 3531 quod
986 3442 1140 3507 articulum
1159 3442 1303 3527 apposuit,

157 3550 342 3615 distinctione
368 3548 495 3614 nominis
520 3571 593 3635 opus
619 3571 688 3614 csse
705 3551 899 3613 demonstrat.
943 3545 1021 3609 Nam
1047 3542 1219 3628 ubicumque
1234 3545 1302 3607 arti-

158 3650 240 3716 culus
256 3653 438 3737 adiungitur‚
463 3663 545 3717 certa
565 3674 599 3716 ac
621 3651 775 3738 perspicue
791 3649 907 3713 definita
936 3667 984 3710 res
1004 3644 1185 3729 intelligitur.
1230 3644 1304 3712 Sine

158 3750 282 3816 articulo
297 3756 334 3817 dc
351 3754 480 3838 quolibet
493 3755 584 3838 accipi
600 3755 712 3818 infinite
728 3754 816 3818 solet.
850 3749 889 3814 Ut
904 3746 1032 3834 exempli
1048 3767 1150 3813 caussa
1166 3749 1203 3829 si,
1220 3748 1303 3827 Rex,

158 3850 282 3932 dixero,
305 3874 410 3917 nomen
427 3857 542 3940 quidem
562 3856 655 3942 ipsum
674 3856 810 3935 declaro,
841 3851 906 3937 quis
927 3850 977 3914 ille
999 3849 1039 3914 sit
1055 3851 1091 3915 de
1114 3874 1172 3937 quo
1188 3853 1302 3935 loquor,

157 3964 259 4041 aperte
285 3975 344 4019 non
366 3954 510 4039 significo.
554 3956 668 4043 Regem
693 3955 771 4021 enim
796 3967 854 4019 tam
870 3951 1028 4018 Persarum
1046 3975 1131 4038 quam
1147 3952 1303 4018 Medorum

156 4067 245 4144 atquc
261 4055 451 4121 Elamitarum
470 4059 659 4145 appellamus.
696 4055 783 4141 Quod
800 4057 825 4121 si
842 4056 966 4121 articulo
981 4057 1068 4120 etiam
1083 4056 1222 4134 adhibito,
1247 4054 1304 4119 llic

155 4181 231 4240 rex,
255 4159 396 4239 dicimus,
420 4180 505 4224 nemo
520 4180 605 4245 quem
620 4160 746 4226 velimus
761 4160 889 4244 ignorat.
933 4156 989 4223 Hic
1009 4160 1086 4224 enim
1109 4179 1164 4221 rex
1178 4178 1213 4221 eo
1234 4158 1305 4221 arti-

157 4264 222 4326 culo
237 4274 356 4327 notatur
371 4262 406 4325 de
426 4283 483 4347 quo
499 4262 632 4346 quaestio
647 4262 695 4327 vel
710 4282 808 4326 sermo
826 4261 928 4348 aliquis
945 4261 1092 4340 inciderit,
1117 4260 1240 4343 denique
1256 4259 1305 4343 qui

158 4364 196 4429 sit
209 4366 343 4453 cognitus
361 4386 395 4428 ac
411 4374 494 4429 certo
512 4361 636 4449 imperio
653 4363 829 4429 dominetur.
861 4361 1004 4430 Similiter
1021 4385 1098 4441 cum,
1121 4359 1214 4441 Deus,
1236 4362 1305 4425 sim-
