3046 5084
269 303 330 368 362
691 314 811 366 ειιισει
828 314 996 365 ειιειιιαιι

268 430 320 515 τιὶν
336 432 368 497 δὲ
386 436 548 515 δωδεκαετῆ
565 434 717 517 παρθένον
730 434 844 514 ἐκείνην
861 428 916 513 τὴν
933 435 986 497 τοῦ
1001 428 1240 516 ἀρχισυναγώγου
1254 432 1422 519 θυγατέρα,

268 533 306 617 ἣν
328 533 446 610 ἐπιστάς
467 532 484 598 ό
505 532 609 619 κάρτος
631 537 664 599 ἐκ
685 541 796 617 νεκρῶν
816 533 930 618 ἤγειρε,
963 531 1056 599 τόπον
1079 530 1154 598 εἶναι
1174 534 1345 618 διηγοῦνται
1364 541 1423 618 τῆς

268 634 417 720 Ἀχαμοίθ,
433 636 470 719 ἣν
489 633 714 711 Ῑέπεκταθελςό
731 634 857 720 Χριστός
873 632 994 701 θαάτυῖν
1009 634 1173 721 ἐμόρφωσε,
1189 637 1240 701 καὶ
1254 639 1295 713 είς
1309 640 1422 720 αλσθη·

269 760 315 803 σιν
331 737 420 824 ἤγαγε
435 747 488 833 τοῦ
503 737 716 813 καταλιπόντος
734 735 850 821 3αὐτὴν
866 737 974 818 φωτός.
1008 736 1078 802 Ὅτι
1096 738 1129 802 δὲ
1145 734 1219 827 αῦτη
1237 739 1384 820 ἐπέφανεν
1403 736 1423 806 ό

268 839 374 925 Σωτὴρ
389 838 472 915 ἐκτός
488 839 588 931 έοῦση
603 849 656 906 τοῦ
673 838 885 925 Πληροίματος,
903 843 933 905 ἐν
947 838 1133 923 ἐκτράματος
1146 844 1247 928 μοίρμ,
1264 838 1318 906 τόν
1334 847 1421 905 Παῦ-

267 952 317 1008 λον
337 945 470 1028 λέγουσιν
489 945 633 1029 εἰρηκέναι
655 946 687 1007 ἐν
707 950 743 1030 τῇ
762 941 887 1031 οπριάτη
909 941 986 1027 πρός
1004 947 1203 1027 Κορινθίους,
1224 941 1370 1026 Ἕσχατον
1385 943 1421 1009 δέ

267 1044 386 1110 πάντων
403 1042 525 1130 ὦςπερελ
540 1053 580 1133 τῷ
595 1043 757 1130 ἐκτρώματι
773 1043 865 1126 άφθη
881 1042 977 1126 κάμοί.
1025 1043 1086 1127 Τήν
1098 1070 1127 1110 τε
1142 1042 1213 1128 μετά
1227 1051 1287 1111 τῶν
1301 1042 1421 1127 ἦλικιω·

267 1153 326 1211 τῶν
348 1154 402 1211 τοῦ
416 1154 557 1233 Σωτῆρος
574 1152 739 1232 παρουσίαν
759 1144 834 1231 πρός
856 1144 909 1229 τήν
925 1144 1067 1229 Ἀχαμιόθ
1084 1145 1194 1230 ὁμοίως
1211 1150 1418 1232 πεφανερωιιέ-
1470 1198 1472 1202 -

265 1275 315 1312 ναι
337 1247 426 1314 αὐτόν
447 1251 479 1313 ἐν
501 1256 537 1338 τῇ
559 1247 632 1338 αὕτη
657 1252 792 1338 ἐπιστολῇ
814 1247 948 1328 εἰπόντα,
981 1257 1038 1312 Δεῖ
1055 1247 1109 1331 τήν
1130 1258 1256 1334 γυναῖκα
1276 1248 1419 1332 κάλυμμα

267 1353 340 1434 ἐχειν
359 1353 408 1416 ἐπὶ
425 1358 477 1433 τῆς
494 1359 623 1433 κεφαλῆς
641 1351 690 1416 διά
707 1350 777 1428 τοῦς
794 1349 953 1436 Ἀγγέλους
999 1353 1060 1416 Καὶ
1077 1350 1123 1417 ότι
1137 1351 1263 1435 ἥκοντος
1280 1358 1333 1417 τοῦ
1349 1359 1417 1418 Σω-

266 1460 356 1538 τῆρος
368 1450 444 1538 πρός
457 1451 551 1536 αάτην
566 1451 603 1518 δι’
618 1452 692 1518 αλδυί
708 1454 845 1537 κάλυμμα
859 1455 980 1519 ἐπέθετο
999 1451 1042 1537 θη
1057 1451 1213 1537 Ἀχαμοίθ,
1235 1454 1351 1521 Μωσέα
1365 1479 1417 1519 πε·

267 1557 421 1638 ποιηκέυαι
438 1553 583 1640 φανερόν,
605 1554 742 1638 κάλυμμα
762 1558 887 1639 θέμενον
906 1557 956 1621 ἐπὶ
975 1554 1008 1622 τό
1026 1554 1186 1640 πρόςωπον
1205 1553 1307 1622 αὐτοῦ.
1353 1559 1418 1622 Καὶ

266 1656 301 1722 τά
320 1657 406 1742 πάθη
423 1661 455 1723 δὲ
474 1656 580 1740 αὐτῆς,
610 1657 630 1722 ά
647 1661 775 1739 ἐπαθευ,
807 1662 1073 1741 ἐπισεσημειῶσθαι
1091 1658 1141 1724 τόν
1159 1657 1264 1745 κόριον
1280 1656 1417 1741 φάσκου-

266 1783 312 1824 σιν
327 1763 358 1825 ἐν
375 1768 415 1849 τῷ
432 1767 563 1848 σταυρῷ,
591 1763 643 1825 καὶ
659 1764 690 1826 ἐν
705 1762 758 1843 μὲν
773 1768 813 1850 τῷ
829 1764 933 1840 εἰπεῖν,
961 1757 993 1825 Ὁ
1011 1760 1085 1837 θεός
1100 1787 1158 1843 μου
1176 1764 1219 1838 είς
1231 1766 1259 1827 τί
1273 1763 1416 1846 ἐγκατέλι·

266 1864 319 1938 πές
341 1888 390 1943 με,
419 1864 613 1946 μεμηνυκέναι
633 1860 723 1929 αὐτόν
741 1862 785 1928 ότι
804 1861 969 1946 άπελείφθη
992 1861 1050 1929 άπδ
1073 1871 1127 1930 τοῦ
1145 1861 1245 1943 φωτός
1265 1860 1432 1951 ἡΣοφία,

266 1966 316 2030 καί
338 1964 474 2047 ἐκωλύθη
496 1962 555 2030 άπό
574 1972 627 2031 τοῦ
637 1964 735 2050 Ὅρου
752 1971 804 2047 τῆς
823 1969 865 2043 εἰς
880 1964 1090 2051 τοῦμπροσθεν
1108 1963 1215 2050 όρμῆς·
1246 1964 1300 2049 τήν
1317 1966 1350 2031 δέ
1367 1965 1417 2031 λά-

266 2094 326 2151 πην
341 2065 432 2150 αὐτῆς
447 2070 478 2132 ἐν
493 2075 534 2155 τῷ
550 2070 656 2148 εἰπεῖν,
682 2067 850 2154 Περίλυπός
863 2071 940 2134 ἐστιν
955 2065 975 2151 ἦ
993 2068 1075 2151 ψυχή
1091 2094 1150 2152 μου
1167 2070 1247 2145 7έως
1260 2066 1415 2136 θανάτου·

264 2169 316 2235 τόν
332 2171 363 2235 δέ
380 2168 479 2252 φόβον
493 2173 524 2236 ἐν
540 2177 581 2259 τῷ
600 2173 704 2249 εἰπεῖν,
729 2169 844 2252 Πάτερ,
874 2173 901 2235 εί
916 2170 1058 2250 δυνατόν,
1086 2173 1256 2255 παρελθέτω
1272 2167 1323 2237 άπ’
1340 2172 1417 2253 ἐμοῦ

263 2270 296 2338 τό
319 2271 475 2358 ποτήριον·
506 2275 555 2338 καί
579 2271 632 2355 τὴν
655 2269 781 2357 άπορίαν
799 2274 831 2337 δὲ
851 2271 988 2350 ω’ςαάτως
1006 2276 1096 2362 ἐντῷ
1116 2275 1277 2359 εἰρηκέναι,
1307 2274 1369 2337 Καλ
1383 2276 1414 2337 τί

265 2379 338 2440 είπω
352 2372 407 2439 οάκ
421 2372 496 2441 οἶδα.
539 2379 612 2460 Τρία
626 2375 658 2439 δέ
671 2377 741 2460 γένη
757 2372 928 2460 άνθροίπων
943 2375 1039 2452 οὕτως
1053 2378 1210 2460 δεδειχέναι
1222 2373 1413 2441 διδάσκουσιν

265 2475 371 2556 αὐτόν,
393 2475 443 2543 τόν
459 2479 512 2561 μέν
528 2475 630 2543 όλικόν
647 2480 678 2542 ἐν
694 2484 735 2566 τῷ
751 2473 978 2564 8άποκριθῆναι
992 2486 1033 2566 τῷ
1047 2480 1175 2564 λέγοντι,
1196 2474 1413 2559 Ἀκολουθήσω

265 2602 326 2657 σοι,·
359 2577 423 2645 Οάκ
445 2583 502 2664 έγει
523 2577 541 2646 o‘
562 2577 628 2655 υίὸς
648 2586 702 2643 τοῦ
720 2578 885 2664 άνθρυίπου
900 2589 959 2646 ποῦ
976 2580 1031 2664 την
1047 2578 1178 2664 κεφαλὴν
1194 2588 1302 2647 κλῖναι·
1328 2576 1363 2644 τό
1377 2579 1414 2645 δέ

264 2681 393 2765 ψυχικόν
411 2685 499 2770 ἐντῷ
517 2683 720 2770 είρηκέναιτῷ
736 2680 866 2763 εἰπόντι,
894 2681 1104 2767 Ἀκολουθήσω
1121 2705 1183 2763 σοι,
1207 2685 1364 2769 ἐπίτρεψον
1378 2682 1414 2749 δέ

265 2811 315 2867 μοι
334 2791 452 2869 πρῶτον
470 2782 675 2861 άποτάξασθαι
695 2792 782 2861 9τοῖς
798 2787 830 2850 έν
843 2792 884 2874 τῷ
903 2790 975 2876 υίκμ
992 2812 1067 2869 μου,
1101 2783 1209 2861 Οάδελς
1225 2784 1271 2852 ἐπ’
1286 2782 1415 2873 άροτρον

264 2884 318 2970 τὴν
332 2896 411 2972 χεῖρα
427 2885 584 2970 ἐπιβαλών,
605 2889 656 2952 καὶ
672 2889 713 2963 εἰς
725 2885 761 2952 τά
777 2885 871 2953 όπίσω
887 2891 1014 2971 βλέπων,
1035 2886 1158 2965 εὔθετός
1173 2890 1250 2953 ἐστιν
1264 2890 1346 2979 ἐντῇ
1361 2890 1417 2971 βει-

145 3021 195 3064 pag.
210 3009 253 3053 ιεε.
267 2995 357 3078 σιλείμ
372 2997 430 3055 τῶν
445 2987 589 3075 οὐρανῶν.
637 2996 748 3055 Τοῦτον
763 2987 819 3075 γάρ
834 2992 949 3075 λέγουσι
968 2989 1062 3057 ιοτόν
1076 2992 1166 3073 μέσον
1179 2986 1261 3057 εἶναι
1305 2988 1419 3057 Κάκεί-

263 3120 316 3159 νον
337 3093 369 3157 δὲ
387 3089 525 3168 οἱςαάτως
545 3089 595 3157 τόν
617 3090 653 3156 τά
674 3100 792 3157 πλεῖστα
816 3094 890 3178 μέρη
909 3101 964 3177 τῆς
982 3092 1173 3175 δικαιοσύνης
1195 3089 1418 3179 όμολογήσαντυ

264 3196 471 3278 πεποιηκέναι,
500 3197 599 3259 έπειτα
621 3193 661 3278 μὴ
682 3194 848 3278 θελήσαντα
867 3193 1085 3279 άκολουθῆσαι,
1115 3192 1186 3261 άλλά
1204 3190 1264 3261 άπά
1281 3193 1417 3263 πλοῦτον

263 3297 426 3383 ἡττηθέντα
441 3295 518 3383 πρός
531 3295 564 3363 τό
578 3294 619 3379 μή
632 3299 739 3363 τέλειον
751 3300 896 3383 γενέσθαι,
912 3301 963 3364 καὶ
976 3306 1081 3364 τοῦτον
1094 3302 1148 3364 τοῦ
1162 3305 1294 3381 ψυχικοῦ
1307 3300 1418 3384 γένους

265 3405 413 3490 γεγονέναι
430 3404 560 3468 θέλουσι.
608 3399 647 3465 Τό
668 3401 699 3466 δέ
718 3401 916 3484 πνευματικόν
934 3403 964 3467 έν
980 3410 1021 3491 τῷ
1038 3405 1145 3480 εἰπεῖν,
1168 3397 1270 3481 ’Ἄφες
1285 3399 1356 3479 τοῦς
1370 3426 1418 3467 ντ-

265 3505 357 3591 κρυάς
372 3503 475 3587 θάψαι
490 3502 559 3580 τοάς
576 3506 687 3568 έαυτοῖυ
701 3501 835 3590 νεκροός,
859 3502 894 3569 σά
911 3505 942 3569 δέ
959 3506 1118 3588 πορευθεὶς
1134 3501 1278 3588 διάγγελλε
1291 3501 1348 3587 τήν
1360 3507 1417 3587 βα-

265 3614 372 3674 σιλείαν
387 3616 440 3675 τοῦ
455 3615 544 3675 θεοῦ·
567 3608 618 3672 καὶ
633 3607 684 3672 έπὶ
701 3611 849 3688 Ζακγαίυυ
865 3613 918 3673 τοῦ
935 3605 1061 3673 πελάνου
1081 3604 1187 3686 είποίν,
1210 3604 1349 3683 Σπεάσας
1361 3632 1417 3672 ιτα-

264 3710 392 3797 τάβηθι,
424 3711 470 3776 ὅτι
489 3708 615 3797 σήμερον
632 3712 720 3797 ἐντῷ
739 3712 811 3798 οίκιμ
833 3730 888 3774 σου
908 3714 955 3775 δεῖ
974 3734 1010 3793 με
1027 3718 1136 3793 μεῖναι·
1172 3706 1338 3787 ιιτοιίτοιις
1358 3705 1417 3795 γάρ

266 3821 466 3895 πνευματικοῦ
480 3815 582 3898 γένους
594 3814 816 3898 καταγγέλλουσι
826 3814 983 3897 γεγονέναι.
1012 3813 1074 3877 Καὶ
1086 3811 1139 3896 τὴν
1151 3818 1202 3897 τῆς
1212 3810 1306 3896 ζάμης
1318 3838 1417 3899 παρα-

266 3913 373 4002 βολὴν,
400 3916 439 3997 ἣν
459 3913 522 3997 1έῆ
539 3913 613 4003 γυνη
630 3916 840 4001 ἐγκεκρυφέυαι
853 3917 965 4000 λέγεται
981 3918 1023 3993 είς
1038 3912 1162 4002 άλεάρου
1181 3914 1256 3982 σάτα
1268 3918 1348 3998 τρία,
1379 3912 1419 3981 τά

266 4025 332 4106 τρία
349 4019 418 4103 γένη
436 4021 544 4099 δηλοῦν
562 4019 685 4103 λέγουσι.
730 4024 859 4083 Γυναῖκα
875 4017 928 4099 μέν
943 4016 999 4105 γάρ
1015 4016 1070 4103 τήν
1084 4023 1204 4100 Σοφίαν
1218 4019 1356 4107 λέγεσθαι
1371 4021 1416 4083 δι·

267 4121 442 4198 δάσκουσιν,
465 4116 588 4205 άλεάρου
606 4119 679 4184 σάτα
698 4121 774 4185 18δὲ
790 4118 826 4185 τά
839 4125 905 4207 τρία
921 4123 988 4206 γένη
1003 4128 1062 4189 τῶν
1080 4118 1264 4207 άνθριόπωυ,
1284 4143 1417 4205 πνευμα-

302 4258 361 4310 Cn.
378 4259 485 4309 xxvn.
506 4286 536 4296 -
558 4260 578 4309 1.
596 4255 757 4320 ἐπεκτανθελς
772 4263 823 4311 ωδ.
857 4264 995 4313 canicorum.
1029 4263 1101 4326 θαῦμα
1119 4253 1205 4327 οῦσης.

268 4330 323 4379 Ven-
890 4330 914 4381 5.
930 4328 1018 4397 πρώτη
1032 4330 1300 4393 ammam-Vm,
1315 4344 1418 4395 ηιιοτει
1480 4376 1486 4383 .

300 4396 324 4446 2.
342 4397 378 4446 lta
395 4399 445 4447 cod.
462 4401 530 4458 Vm,
551 4397 690 4445 οοιιειυλίιιιε
705 4410 758 4447 ιαοι
776 4398 825 4447 Vei.
856 4402 965 4450 comeum
984 4394 1030 4449 Vet'.
1046 4400 1143 4461 Ιπλιιμι.

268 4466 398 4543 ίιιλιιμτιμ.
434 4467 505 4528 Vulgo
523 4456 607 4514 αὐτόν.
890 4465 914 4518 6.
932 4461 946 4518 ὁ
962 4462 1074 4536 α’χαμυλθ
1091 4468 1128 4518 ιδ.
1143 4480 1182 4529 με.

301 4532 325 4581 3.
342 4528 422 4595 αυτὴν
442 4535 478 4582 αλ.
490 4535 566 4595 princ.
890 4532 914 4585 7.
932 4532 981 4595 ἕως
1004 4530 1111 4588 θανάτου
1132 4536 1204 4585 verbo
1225 4546 1269 4587 ατε
1288 4536 1343 4589 τοῦ.
1359 4538 1417 4589 Vn.

301 4595 326 4651 4.
342 4600 379 4649 λλσ
392 4601 442 4650 ωιλ
452 4602 517 4662 Vm,
534 4603 555 4649 ιλ
568 4600 652 4650 Dillius
664 4601 714 4650 λσιυ
726 4602 782 4652 olim
794 4602 824 4651 σε
856 4606 961 4664 aarum
976 4616 1018 4655 πει
1035 4604 1083 4655 m
1098 4604 1197 4666 ίιιλαμτ.
