3046 5084
664 350 784 403 SANCTI
802 350 968 402 EPIPHANH

133 609 230 663 pam.
539 616 694 685 ΚΑΤΑ
731 612 1093 684 ΝΑΖΑΡΑΙΩΝ.

266 731 349 806 Ἀπὸ
368 729 574 826 Ἰουδαϊσμοῦ
595 737 746 825 πέμπτη,
773 736 817 824 τῇ
836 732 873 802 δὲ
892 727 1068 827 ἀκολουθίᾳ
1085 723 1366 823 ὀκτωκαιδεκάτη.

106 865 171 934 Κεφ·
189 863 223 930 “2
324 876 417 962 Ἑξῆς
434 879 466 944 δέ
485 881 683 962 έπιβαλοῦμαι
699 881 866 961 διηγεῖσθαι
885 872 922 938 τά
937 872 1014 938 κατά
1033 872 1087 956 τῖγν
1109 877 1222 959 αἵρεσιν
1241 872 1296 955 τὴν
1317 901 1392 957 μετα

239 981 311 1058 τούς
326 978 596 1065 Ἡμεροβαπτιστάς
617 978 802 1058 καλουμένην
822 983 882 1039 τοῖν
900 979 1095 1059 Νασαραίοον,
1119 979 1225 1052 οἵτινες
1242 974 1393 1043 Ἰουδαῖοί

143 1148 150 1163 ι
242 1087 298 1149 είσι
315 1081 347 1147 τύ
366 1083 466 1167 γένος,
489 1078 548 1144 άπδ
569 1088 623 1160 τῆς
639 1081 849 1152 Γαλααδίτιδος
870 1077 922 1140 καὶ
942 1080 1151 1157 Βασανίτιδος,
1173 1079 1226 1142 καί
1240 1085 1301 1142 τοῖν
1322 1080 1391 1144 έπέ·

240 1210 322 1250 ιιεινα
336 1190 390 1247 τοῦ
404 1179 556 1267 Ἰορδάνου
576 1178 758 1263 ύρμάμενοι,
782 1176 822 1253 οἷς
839 1175 856 1243 ά
876 1180 918 1252 είς
932 1174 1011 1259 η’μοῖς
1029 1176 1126 1243 έλθοίν
1146 1180 1270 1264 περιέχει
1290 1178 1390 1265 λύγος,

241 1288 271 1363 ἐξ
285 1282 377 1348 αύτού
395 1285 427 1347 δέ
442 1288 495 1347 τοῦ
514 1279 626 1364 Ἰσραὴλ
641 1273 733 1359 οὖσα,
754 1280 819 1362 ἥτις
834 1277 870 1342 τά
888 1277 985 1343 πάντα
1004 1281 1159 1360 ίουδαῖζει,
1182 1282 1273 1365 μηδὲν
1288 1306 1391 1369 περαι-

240 1387 314 1470 τέρω
335 1390 489 1469 φρονοῦσα
508 1381 610 1465 σχεδδν
629 1388 688 1446 τοῖν
710 1382 936 1466 προειρημένων.
982 1380 1152 1466 Περιτομήν
1172 1381 1228 1469 γάρ
1251 1380 1391 1461 οῖςαύτοις

241 1489 395 1568 ἐκέκτητο,
417 1483 567 1568 σάββατον
581 1481 614 1549 ιδ
634 1480 705 1548 αύτύ
723 1481 891 1563 ἐφύλαττεν,
913 1484 1027 1566 ἑορταῖς
1039 1492 1104 1560 ταῖς
1119 1483 1222 1562 αύταῖς
1236 1493 1391 1571 προςανεῖ-

240 1615 303 1673 χεν·
326 1586 362 1653 ού
379 1584 437 1669 μὴν
453 1588 630 1672 εἱμαρμένην
646 1592 832 1671 παρειςῆγεν,
854 1581 922 1649 ούιε
939 1582 1142 1670 ἀστρονομίαν,
1186 1590 1247 1653 Καί
1261 1591 1392 1675 πατέρας

244 1692 297 1773 μέν
319 1691 428 1772 ἐδέχετο
451 1686 521 1763 τούς
538 1691 569 1753 έν
587 1695 624 1777 τῇ
646 1685 836 1775 Πεντατεύχφ
859 1683 918 1750 άπδ
938 1694 991 1752 τοῦ
1008 1684 1101 1770 Ἀδάμ
1124 1689 1206 1774 μέχρι
1221 1693 1389 1773 Μωϋσέοος,

243 1790 314 1869 τούς
336 1792 369 1856 έν
387 1788 517 1878 άριστείρι
537 1794 707 1871 θεοσεβείας
729 1793 884 1868 διαφανεῖς
907 1784 1109 1874 ύπάρξαντας,
1132 1793 1211 1873 φημί
1234 1793 1266 1857 δέ
1283 1790 1389 1876 Ἀδάμ,

241 1895 293 1959 καί
308 1891 397 1976 Σήθ,
418 1895 468 1957 καί
484 1889 592 1975 Ἐνοδχ,
614 1893 665 1956 καί
685 1889 895 1969 Μαθουσάλα,
917 1891 967 1955 καὶ
993 1897 1078 1968 Νῶε,
1099 1894 1151 1956 καί
1168 1890 1316 1978 Ἀβραάμ,
1338 1896 1390 1960 καί

242 1993 359 2075 Ἰσαάκ,
382 1995 433 2058 καί
444 1991 565 2076 Ἰακοάβ,
587 1998 681 2058 Λευίν
696 2018 726 2057 τε
740 1995 792 2058 καὶ
804 1990 929 2077 Ἀαροδν,
951 1994 1001 2057 καί
1015 1990 1136 2074 Ἰησοῦν
1149 1993 1201 2059 τάν
1216 2002 1270 2060 τοῦ
1287 2001 1389 2078 Ναυῆ,

242 2095 334 2179 αύτήν
361 2097 393 2162 δὲ
418 2093 455 2162 ού
481 2097 652 2181 παρεδέχετο
677 2093 731 2177 τὴν
756 2093 975 2176 Πενιάιευχον,
1004 2092 1075 2158 άλλά
1100 2093 1241 2181 ύμολάγει
1262 2097 1316 2178 μέν
1336 2094 1389 2163 τδν

242 2201 386 2278 Μωῦσέα,
408 2201 458 2264 καί
480 2207 490 2244 ¹
502 2198 547 2263 ὅτι
560 2200 675 2274 ἐδέξατο
692 2201 872 2278 νομοθεσίαν
888 2197 1045 2275 ἐπίστευεν,
1067 2193 1105 2261 ού
1118 2196 1227 2280 ταύτην
1241 2200 1274 2263 δέ
1287 2220 1389 2282 φησιν,

242 2298 301 2365 ἄλλ’
318 2302 425 2386 έτέραν.
460 2299 558 2364 Ὅθεν
574 2298 610 2364 τά
629 2300 682 2381 μὲν
698 2297 794 2363 πάντα
811 2295 989 2377 φυλάττουσι
1003 2303 1062 2361 τῶν
1076 2294 1233 2364 Ἰουδαίων
1246 2298 1390 2368 Ἰουδαῖοι

243 2401 340 2482 ὅντες,
361 2408 473 2468 θυσίαν
493 2402 525 2467 δέ
544 2401 599 2468 ούιι
616 2404 725 2479 έθνον,
748 2397 816 2463 ούτε
832 2396 975 2480 ἐμψύχων
993 2408 1137 2481 μετεῖχον,
1160 2396 1232 2464 άλλά
1248 2400 1390 2485 α’θέμιτον

241 2497 280 2588 ἦν
300 2503 368 2588 παρ’
386 2502 486 2579 αὐτοῖς
502 2501 535 2568 τά
551 2508 646 2586 κρεοῖν
663 2499 908 2582 μεταλαμβάνειν,
929 2499 950 2583 ἢ
965 2499 1118 2579 θυσιάζειν
1134 2499 1250 2578 αύτούς.
1284 2502 1388 2585 Ἐφα·
1455 2532 1459 2547 ⁴

241 2628 315 2671 σκον
329 2605 385 2692 γάρ
402 2604 571 2670 πεπλάσθαι
588 2611 680 2667 ταῦτα
697 2600 732 2666 τά
748 2605 861 2684 βιβλία,
883 2603 935 2666 καί
949 2603 1040 2686 μηδὲν
1053 2600 1167 2668 τούτων
1180 2602 1239 2669 ύπά
1256 2612 1317 2671 τοῖν
1332 2633 1388 2672 πα-

242 2709 334 2788 τέρων
359 2713 542 2790 γεγενῆσθαι.
585 2703 670 2785 Αύτη
694 2696 732 2786 ἦν
755 2701 774 2785 ἦ
798 2712 857 2768 τοῖν
881 2709 1061 2790 Νασαραίων
1087 2705 1218 2792 διαφορά
1241 2706 1317 2794 πρύς
1337 2708 1391 2787 τάς

242 2807 338 2883 άλλας.
380 2805 432 2882 Ὡς
446 2807 497 2870 καὶ
513 2803 589 2891 πρδς
604 2803 714 2881 αύτούς
729 2803 747 2870 ύ
762 2807 875 2891 έλεγχος
890 2804 944 2872 ούκ
961 2809 993 2872 έν
1009 2808 1052 2871 ένλ
1067 2806 1165 2897 τόπῳ,
1188 2805 1258 2874 άλλά
1273 2812 1305 2875 έν
1321 2819 1391 2877 πολ-

241 2918 303 2984 λοῖς
323 2911 383 2974 ἔστι
404 2906 542 2992 φανερόν.

108 3017 174 3086 Κεφ.
193 3014 225 3088 β’.
329 3017 457 3093 Προῖτον
482 3011 534 3091 μέν
557 3009 590 3074 τύ
610 3006 762 3096 ύμολογεῖν
781 3008 891 3086 αύτούς
911 3009 982 3087 τούς
999 3011 1127 3095 πατέρας
1143 3014 1194 3076 καί
1211 3013 1393 3099 πατριάρχας

243 3115 293 3181 καί
315 3113 458 3176 Μαύσέα.
494 3111 602 3193 ’Ἁλλης
623 3119 740 3197 γραφῆς
761 3110 816 3196 γάρ
841 3115 908 3197 περὶ
931 3111 1044 3178 τούτων
1067 3111 1108 3195 μὴ
1129 3112 1270 3199 λεγούσης
1293 3115 1392 3181 πόθεν

243 3216 345 3292 αύτοΐς
364 3213 506 3299 ἡγνοῖσις
522 3221 574 3296 τῆς
592 3221 649 3278 τῶν
667 3215 802 3298 πατέρων
819 3211 979 3297 ὀνομασίας
994 3217 1044 3279 καί
1062 3211 1221 3299 άριστείας,
1251 3219 1280 3280 εί
1297 3214 1339 3299 μὴ
1360 3219 1391 3293 έξ

243 3319 340 3386 αύτοῖν
357 3327 415 3384 τοῖν
430 3323 554 3404 γραφῶν
569 3324 622 3398 τῆς
638 3314 855 3398 Πεντατεύχους
877 3318 929 3380 καί
946 3324 1011 3392 πῶς
1026 3313 1091 3382 οίύν
1106 3341 1136 3381 τε
1156 3320 1188 3382 έν
1204 3315 1300 3404 τούτῷ
1316 3314 1390 3381 είναι

243 3421 353 3505 άληθές
367 3423 419 3487 καί
435 3423 564 3503 ψεῦδος,
594 3421 645 3483 καί
662 3420 694 3485 έν
710 3419 789 3502 μέρει
807 3417 862 3501 την
878 3417 997 3503 γραφήν
1014 3416 1188 3499 άληθεύειν,
1218 3421 1250 3484 έν
1264 3419 1345 3504 μέρει
1359 3418 1390 3482 δέ

242 3526 423 3603 ψεύδεσθαις
452 3530 507 3588 τοῦ
527 3527 659 3605 σωτῆρος
677 3521 824 3606 λέγοντος,
848 3518 892 3584 Ἢ
905 3519 1046 3603 ποιήσατε
1069 3520 1102 3586 τύ
1121 3522 1245 3607 δένδρον
1263 3517 1391 3606 άγαθδν,

242 3624 293 3686 καί
307 3625 378 3701 τούς
393 3624 529 3710 καρπούς
545 3622 697 3711 άγαθούς,
725 3620 747 3704 ἢ
761 3620 794 3687 τά
810 3623 935 3707 δένδρον
950 3621 1079 3707 σαπρδν,
1107 3624 1158 3689 καί
1172 3621 1244 3699 τούς
1257 3620 1393 3708 καρπούς

243 3723 388 3808 σαπρούς·
422 3727 458 3794 ού
478 3728 601 3794 δύναται
622 3725 677 3812 γάρ
699 3726 823 3810 δένδρον
845 3721 963 3811 άγαθδν
985 3723 1100 3811 καρπδν
1123 3723 1238 3811 σαπράν
1258 3732 1392 3810 ποιῆσαι,

134 3854 185 3899 μς.
197 3845 229 3889 σο.
244 3822 313 3891 ούδέ
328 3827 449 3911 δένδρον
464 3831 580 3914 σαπρδν
595 3826 731 3915 καρπούς
747 3825 882 3913 άγαθούς
898 3834 1028 3909 ποιῆσαι.
1072 3825 1213 3904 Μάταιος
1227 3833 1327 3894 τοίνυν
1342 3825 1394 3894 αύ-

242 3935 304 3993 τοῖν
319 3924 340 4011 ἡ
356 3926 490 4008 διάνοια,
511 3934 562 3996 καί
578 3930 600 4015 ἦ
617 3932 763 4018 είςήγησις
779 3933 812 3996 έκ
827 3936 945 3995 πολλῶν
960 3930 1065 4011 έχοοσα
1080 3927 1135 4011 τὴν
1149 3927 1331 4015 άνατροπην,
1354 3928 1395 4006 οῖς

243 4028 310 4115 ύχρι
323 4036 377 4113 τῆς
394 4032 482 4111 δεῦρο
496 4029 534 4094 ού
550 4032 641 4113 μόνον
652 4031 689 4097 τά
706 4035 739 4099 έν
756 4041 821 4107 ταῖς
834 4039 964 4115 γραφαῖς
979 4028 1090 4118 ᾄδεται,
1112 4028 1183 4113 άλλά
1197 4035 1249 4097 καί
1265 4030 1350 4097 αύτολ
1365 4032 1398 4095 οί

242 4130 331 4197 τύποι
352 4137 410 4196 τῶν
427 4134 685 4214 παραδοξοποιϊοῖν
702 4139 983 4217 σαματοποιοῦνται.
1029 4138 1157 4215 Προῖτον
1175 4132 1254 4199 ὅπου
1270 4130 1303 4198 τύ
1320 4128 1392 4214 πρύ-

243 4233 333 4316 βατον
349 4232 368 4300 ύ
382 4231 517 4317 Ἀβραάμ
534 4237 694 4319 προςέφερε
711 4243 753 4324 τρῖ
768 4241 848 4322 θεῷ,
877 4232 947 4317 ὅρος
963 4232 1046 4299 Σιύν
1062 4232 1128 4320 άχρι
1143 4242 1198 4301 τοῦ
1213 4238 1301 4319 δεῦρο
1315 4230 1394 4298 οὕτω

243 4333 440 4418 καλούμενον,
463 4330 534 4398 άλλά
548 4336 598 4399 καί
614 4333 691 4399 ὅπου
707 4334 727 4420 ἦ
742 4339 815 4418 δρῦς
835 4342 908 4419 ιτῆς
922 4339 1075 4423 Μαμβρῆ,
1097 4339 1173 4403 ἔνθα
1187 4344 1250 4411 τοῖς
1264 4333 1396 4421 άγγέλοις

279 4489 415 4540 (λλπλ-
443 4492 466 4542 1.
484 4483 696 4552 δεισιδίλλιδλρ.
721 4493 803 4543 ίίλνο-
871 4490 1032 4542 cn.11.-
1052 4490 1397 4561 λήνιλτοῦμσντῆςευ·

244 4561 288 4629 m
300 4560 371 4610 m
386 4558 431 4610 λοι.
440 4560 555 4623 Sauum
588 4550 633 4613 ὅτι
646 4558 703 4609 odiu
717 4560 778 4611 ῐίοτί
836 4560 942 4621 mm·
957 4566 991 4612 ια
1006 4564 1126 4615 Ραονλιιε.
