3046 5084
287 329 348 391 616
710 334 831 387 ειαστι
847 334 1016 386 οειοσιαιι

286 453 450 519 ἀπολέσθαι
466 455 519 528 ἔξω
533 450 732 537 Ἰερουσαλήμ·
754 453 805 516 καὶ
823 449 867 531 τό,
887 449 1085 536 Ἰερουσαλήμ,
1105 446 1310 536 Ἰερουσαλήμ,
1332 450 1442 536 ήάπσ-

287 562 440 621 κτείνουσα
456 553 525 631 τοῦς
541 558 712 638 προφήτας,
741 555 793 618 καὶ
809 558 1008 636 λιθοβολοῦσα
1025 551 1096 630 τοῦς
1112 550 1365 637 ἀπεσταλμένους·
1392 558 1442 621 καλ

287 659 337 737 τό,
369 657 515 733 Πολλάκις
536 655 667 740 ήθέλησα
693 656 864 733 ἐπισυνάξαι
885 654 926 731 οῖς
950 653 1032 742 όρνις
1051 653 1087 720 τά
1112 658 1200 722 τέκνα
1217 678 1289 723 σου·
1321 660 1373 723 καῖ
1397 656 1441 737 τδ,

286 760 415 841 Ἀφίεται
439 759 510 842 ῦμῖν
536 759 657 835 όοῖκος
678 757 775 841 όμοῖν·
804 760 855 823 καὶ
880 756 930 837 τό,
963 756 1007 823 Οά
1029 755 1071 841 μή
1091 760 1173 840 ίδητέ
1194 784 1245 841 με,
1278 762 1381 837 ιιέως
1405 752 1442 827 οῦ

288 868 403 945 εῖπητε,
426 862 641 948 Εὐλογημένος.

363 964 479 1050 Ἔλεγγ.
495 964 551 1047 μα’.
574 965 653 1048 Ὅρα
667 963 720 1046 τήν
733 962 878 1044 τοσαύτην
891 962 1011 1045 τόλμαν,
1034 962 1131 1046 πόσην
1144 971 1272 1030 ποιεῖται
1285 962 1443 1051 ἀφαίρεσιν

286 1076 339 1133 τοῦ
355 1065 535 1153 εὐαγγελίου·
569 1066 609 1143 οῖς
630 1070 659 1131 εἰ’
677 1094 720 1142 τις
740 1064 817 1154 λάβη
836 1073 910 1143 ζῶον
925 1068 975 1131 καῖ
993 1068 1098 1155 έκτέμη
1118 1064 1191 1133 αῦτδ
1214 1066 1335 1133 ηιιτττά
1351 1066 1442 1151 ἥμισυ

286 1179 339 1235 τοῦ
362 1170 512 1252 στόματος,
543 1173 594 1234 καὶ
617 1172 648 1235 έν
670 1175 710 1255 τηῖ
731 1165 826 1250 ήμίσει
848 1166 919 1244 τοῦς
936 1166 1115 1254 ἀγνοοῦντας
1132 1167 1304 1253 πειράσεται
1325 1176 1443 1237 πείθειν

287 1280 403 1337 τοιοῦτο
427 1269 499 1336 είυιιι
521 1271 554 1337 τό
577 1279 651 1349 ζῶον
673 1273 778 1356 λέγων,
800 1272 851 1335 καὶ
873 1272 964 1352 μηδὲν
986 1269 1036 1335 ἀπ’
1058 1269 1151 1336 αάτοῦ
1174 1269 1384 1357 ἀφαιρεῖσθαι.

169 1396 273 1453 mm.
372 1374 457 1457 Σχόλ.
473 1373 529 1456 μβ.
564 1373 658 1438 Πάλιν
673 1375 826 1455 παρέκυψε
841 1380 940 1437 πᾶσαν
953 1371 1008 1457 τήν
1022 1372 1192 1459 παραβολήν
1207 1381 1268 1439 τῶν
1282 1373 1339 1441 δόο
1358 1380 1442 1454 υῖοῖν,

288 1485 341 1541 τοῦ
359 1476 513 1558 είληφότος
527 1475 559 1541 τό
578 1478 666 1561 μέρος
680 1482 738 1539 τιῦν
753 1472 945 1559 ὑπαρχόντων
964 1479 1057 1541 13καί
1071 1474 1191 1552 άσοίτως
1202 1476 1443 1561 δαπανήσαντος,

288 1583 337 1643 καὶ
359 1588 412 1644 τοῦ
434 1577 529 1642 άλλου.

362 1679 479 1765 Ἔλεγχ.
499 1680 555 1764 μίί.
592 1678 687 1745 Οῦδὲν
712 1683 813 1745 διοίσει
836 1678 867 1746 τό
895 1678 1065 1746 ἀκόλουθον
1088 1687 1141 1763 τῆς
1162 1685 1359 1769 ῥᾳδιουργίας
1384 1680 1443 1749 άπό

289 1792 346 1849 τῶν
361 1782 505 1869 πρότερον
519 1785 613 1870 ἑαυτῷ
625 1785 851 1865 τετολμημένων.
895 1780 1014 1872 Ἑαυτηῦ
1029 1774 1061 1849 δέ
1075 1783 1106 1849 τό
1122 1783 1278 1868 ἐπιζήμιον
1293 1784 1442 1875 ἐπάγεται,

288 1885 432 1969 μενούσης
453 1894 506 1968 τῆς
526 1884 600 1951 κατά
622 1884 696 1951 θεόν
718 1883 866 1967 ἀληθείας.

370 2094 455 2174 Σηόλ.
474 2089 529 2176 μγ’.
559 2089 592 2154 ‘0
614 2089 704 2173 νόμος
721 2092 772 2154 καί
790 2093 822 2156 οί
833 2097 983 2176 προφῆται
1003 2093 1059 2168 ἕως
1072 2089 1226 2173 Ἰωάννου,
1253 2096 1308 2159 ιιαλ
1325 2100 1387 2172 πῦς
1401 2098 1442 2173 τίς

288 2193 380 2278 αὐτήν
401 2193 537 2276 βιάζεται.

362 2295 478 2381 Ἔλεγγ.
495 2294 550 2381 μγ’.
583 2299 625 2359 Et
638 2294 732 2378 νόμον
745 2293 858 2375 τάσσει,
887 2299 938 2361 καλ
954 2294 1109 2383 προφήτας
1126 2293 1284 2377 ἀποκαλεῖ,
1313 2302 1366 2367 καλ
1385 2298 1440 2367 ουίι

288 2397 411 2481 ἀνομίαν
424 2404 509 2482 δηλοῖ
520 2398 570 2463 τόν
583 2397 685 2481 νόμον,
711 2396 780 2463 οῦδὲ
793 2398 1049 2483 ψευδοπροφήτας
1062 2398 1169 2481 φάσκει
1183 2398 1255 2478 τοῦς
1271 2402 1439 2489 προφήτας,

288 2510 392 2583 σαφῶς
413 2499 593 2587 ὁμολογεῖται
615 2503 864 2586 μεμαρτυρηκέναι
886 2499 939 2567 τόν
959 2510 1078 2589 σωτῆρα
1095 2512 1157 2580 τοῖς
1175 2502 1362 2589 προφήταις,
1391 2508 1439 2573 παλ

288 2608 431 2671 δέδεικται
453 2601 493 2680 οῖς
513 2605 580 2689 περὶ
603 2601 694 2669 αότοῦ
715 2606 948 2689 προεφήτευσαν.

372 2808 457 2892 Σηόλ.
476 2808 531 2891 μδ.
567 2811 641 2893 Περλ
663 2816 717 2874 τοῦ
739 2814 882 2875 πλουσίου
908 2813 959 2875 καλ
980 2808 1123 2895 Λαζάρου
1145 2816 1200 2877 τοῦ
1224 2820 1363 2897 πτωχοῦ,
1394 2812 1440 2881 ι’ίτι

289 2911 442 2995 ἀπηνέχθη
463 2909 523 2976 όπό
546 2919 605 2976 τῶν
626 2909 754 2997 ἀγγέλων
775 2914 816 2989 είς
836 2912 888 2977 τδν
908 2911 1021 2979 κόλπον
1039 2910 1182 2999 Ἁβραάμ.

364 3014 480 3097 Ἔλεγγ.
497 3013 553 3095 μδ.
584 3012 680 3092 Ἰδοό,
703 3017 753 3080 καὶ
769 3018 800 3080 έν
814 3022 883 3093 ζῶσι
896 3018 947 3080 καὶ
960 3016 1203 3099 μακαριζομίνοις
1217 3018 1270 3083 καλ
1287 3020 1322 3085 έν
1335 3026 1437 3107 τληρο·

289 3122 377 3205 νομίᾳ
393 3114 584 3191 ἀναπαύσεως
599 3113 616 3181 ό
631 3114 765 3202 Ἁβραάμ
780 3114 839 3183 ῦπό
855 3124 908 3182 τοῦ
925 3122 1031 3203 κυρίου
1048 3120 1250 3204 έγιιατελέχθη,
1273 3122 1327 3187 καλ
1340 3122 1437 3203 Λάζα·

288 3247 341 3303 ρος
366 3222 398 3286 έν
419 3217 540 3294 κόλποις
564 3216 657 3284 αότοῦ
681 3223 863 3302 κατηξίωται.
907 3222 1025 3302 Μηκέτι
1047 3224 1162 3301 τοίνυν,
1192 3227 1361 3309 Μαρκίων,
1387 3222 1454 3303 τάν,

286 3320 419 3406 Ἀβραάμ
435 3321 616 3403 βλασφήμει,
639 3320 690 3387 τόν
707 3323 862 3407 ἐπιγνόντα
876 3320 928 3389 τόν
944 3324 1050 3389 ἑαυτοῦ
1068 3325 1230 3409 δεσπότην,
1251 3328 1304 3391 καλ
1320 3326 1439 3393 εἰπόντα

289 3423 383 3514 αὐτῷ,
416 3424 522 3510 Κόριε,
553 3422 697 3508 όκρίνων
711 3432 810 3490 πᾶσαν
825 3423 880 3508 τήν
895 3429 959 3510 γῆν.
1001 3424 1084 3492 Ἰδοό
1101 3424 1174 3512 γάρ,
1203 3424 1255 3493 ἀπ’
1273 3426 1370 3497 miro&
1386 3438 1439 3497 τσῦ

291 3531 398 3612 κυρίου
412 3526 603 3613 ἐμαρτυρήθη
619 3524 693 3592 είναι
709 3531 832 3605 δίκαιος,
854 3530 905 3593 καλ
919 3525 973 3593 οῦκ
989 3526 1138 3614 ἀλλότριος
1150 3536 1206 3615 τῆς
1218 3530 1303 3617 παρά
1315 3540 1373 3599 τοῦ
1384 3554 1439 3599 σι-

289 3637 378 3715 τήρος
400 3632 613 3712 ἐπαινουμένης
633 3637 716 3712 ζωῆς.

374 3730 459 3814 Σγόλ.
478 3731 528 3814 με’.
567 3740 632 3798 Νῦν
653 3733 685 3798 δέ
707 3724 765 3797 οῖδε
786 3741 995 3818 παρακαλεῖται
1017 3729 1035 3799 ό
1056 3730 1146 3811 αάτδς
1166 3732 1316 3823 Λάζαρος.

365 3831 487 3919 Ἕλεγχ.
504 3834 555 3917 με’.
588 3838 630 3899 El
643 3843 850 3923 παρακαλεῖται
866 3835 1005 3921 Λάζαρος
1025 3839 1058 3903 έν
1070 3834 1192 3915 κόλποις
1210 3835 1366 3925 Ἀβραάμ,
1386 3836 1440 3907 οδε

290 3935 373 4012 έκτδς
393 3943 446 4017 τῆς
466 3940 676 4021 παρακλήσεως
697 3946 750 4020 τῆς
770 3946 847 4023 ζωῆς
868 3936 992 4023 ἀπάρχει
1013 3937 1033 4005 ό
1052 3936 1194 4025 Ἁβραάμ.

373 4037 458 4121 Σγόλ.
477 4038 531 4121 μς’.
559 4037 654 4105 Εἶπεν
666 4038 814 4128 Ἁβραάμ,
828 4040 959 4125 ’Ἕησυσι
972 4043 1107 4109 Μωῦσία
1123 4046 1175 4109 καὶ
1188 4042 1260 4121 τοῖς
1271 4044 1442 4131 προφήτας,

290 4139 502 4207 ἀκουσάτωσαν
519 4140 630 4221 αάτοῖν,
653 4145 717 4209 ἐπεὶ
733 4141 803 4210 οῦδὲ
818 4151 872 4210 τοῦ
890 4146 1077 4231 έγειρομένου
1093 4142 1153 4213 ἀπό
1170 4154 1285 4235 νεκριῖν
1307 4146 1443 4217 ι*αἰετοῦ

289 4266 398 4310 σουσιν.

364 4345 481 4433 ”Eum
500 4345 555 4431 λς’
592 4344 653 4431 Οόχ
677 4345 718 4425 τός
740 4350 782 4415 έτι
805 4351 838 4414 έν
858 4356 899 4438 τῷ
925 4348 1027 4441 κόσμφ
1052 4350 1095 4419 οῦν
1115 4354 1168 4419 καλ
1189 4349 1232 4431 οῖς
1252 4350 1443 4441 'implut

325 4505 363 4555 11.
382 4508 461 4567 snpra
478 4504 528 4564 ἕως
545 4506 602 4571 είπη
603 4523 639 4559 τε.

326 4574 362 4625 12.
380 4570 446 4627 κατὰ
461 4577 569 4643 τιτιωγιτλ
583 4589 628 4637 pro
644 4572 733 4629 καλ
706 4592 749 4639 το,
766 4578 829 4639 quoa
844 4580 915 4641 νσλρο
929 4581 956 4629 λιι
971 4580 1037 4631 lum
1053 4584 1124 4631 ττλσλ.
