3046 5084
191 342 253 403 570
610 352 731 403 SANCTI
748 352 920 403 ΕΡῙΡΗΑΝΙῙ

195 468 247 534 τόν
260 468 380 555 τρόπον.
425 467 534 545 Ειίθός
548 469 600 551 μὲν
614 467 668 553 γάρ
685 471 717 534 ἐν
731 477 767 558 τή
782 467 856 559 dm}
871 466 967 533 πάντα
982 465 1020 534 τά
1033 465 1085 534 τίκτ’
1101 465 1192 555 άργής
1206 476 1249 559 τῷ
1265 480 1343 537 Λου-

191 579 230 659 ut}
244 574 539 657 πεπραγματευμένα,
562 573 709 635 τουτέστιν
725 569 766 646 ω’ς
779 573 869 655 λέγει,
890 569 1065 655 Ἐπειδήπερ
1081 574 1186 638 πολλοὶ
1200 574 1342 657 ἐπεχείρη-

192 697 261 752 σαν,
282 676 334 738 καί
351 673 386 737 τά
404 676 486 756 ἑξῆς,
509 675 560 738 καί
575 672 611 737 τά
625 675 691 757 περὶ
707 681 759 755 τῆς
773 672 934 755 Ἑλισάβετ,
956 676 1074 739 καὶτοῦ
1089 672 1216 759 άγγὲλου
1230 672 1343 761 ειίιιγγε-

190 779 340 858 λιζομίνου
355 775 409 858 τήν
426 780 550 861 Μαρίαν
565 777 733 859 παρθένον,
761 774 901 841 Ἰωάννου
917 779 1011 841 τεκαὶ
1028 782 1196 861 Ζαχαρίου,
1227 781 1278 843 καί
1293 786 1344 859 τῆς

70 907 120 950 ,τις
132 896 176 939 ³1².
191 880 222 943 ἕν
239 879 375 960 Βηθλεὲμ
392 876 552 962 γεννήσεως
570 882 765 963 γενεαλογίας,
796 881 846 942 καί
867 885 920 961 τής
940 886 994 944 τοῦ
1010 883 1215 962 βαπτίσματος
1232 877 1341 947 όποθί-

190 1002 277 1059 σεως,
304 988 397 1044 ταῦτα
414 978 510 1045 πάντα
527 979 696 1065 περικόψας
712 978 898 1062 άπεττήδησε,
926 984 978 1046 καί
995 979 1088 1067 άρχήν
1103 990 1158 1047 τοῦ
1176 980 1343 1069 εόαγγελίου

190 1086 270 1159 ίταξε
288 1081 411 1163 ταύτην·
432 1080 482 1146 Ἐν
499 1090 539 1170 τῷ
556 1081 804 1171 πεντεκαιδεκάτῳ
822 1086 877 1147 ίτει
899 1088 1036 1168 Τιβερίου
1051 1088 1221 1168 Καίσαρος,
1243 1080 1293 1149 καί
1308 1082 1342 1149 τά

190 1187 265 1266 ἑξῆς.
307 1181 464 1249 Ἐντεῦθεν
482 1178 537 1250 οὖν
554 1178 641 1260 οὗτος
656 1183 768 1268 άρχεται
777 1236 785 1263 ,
816 1188 867 1250 καί
882 1183 919 1250 06
934 1184 1004 1250 καθ’
1020 1184 1122 1269 είρμόν
1138 1185 1230 1252 πάλιν
1245 1188 1341 1267 ίπιμί·

190 1312 249 1364 νει,
282 1283 351 1349 άλλά
372 1285 408 1348 τά
428 1288 481 1367 μὲν
503 1284 543 1363 τός
564 1296 707 1370 προεῖπον
727 1286 926 1371 παρακόπτει,
957 1286 992 1353 τά
1013 1289 1045 1354 δὲ
1063 1293 1259 1373 προςτίθησιν
1281 1286 1341 1357 άνιι

190 1386 285 1463 κάτω,
319 1385 374 1453 οιίκ
398 1386 500 1472 ὀρθῶς
522 1392 664 1471 βαδίζων,
697 1387 768 1454 άλλά
792 1392 1082 1478 ἒρρςιδιουργημίνως
1103 1391 1202 1457 πάντα
1226 1418 1340 1477 περινο-

189 1491 314 1569 στειίων,
336 1492 385 1555 καί
408 1494 492 1556 ίστιν.

273 1694 307 1758 α’.
340 1693 491 1761 Ἀπελθοίν
512 1699 607 1773 δεῖξον
625 1697 748 1763 σεαυτόν
768 1704 809 1785 τῷ
828 1699 915 1782 ίερεῑ,
937 1700 988 1763 καί
1007 1700 1183 1783 προςίνεγκε
1204 1702 1342 1786 περὶτοῦ

189 1806 380 1882 καθαρισμοῦ
397 1821 466 1877 σου,
497 1798 601 1875 καθοίς
616 1802 771 1883 προςέταξε
787 1808 941 1883 Μωῦσῆς,
969 1804 1020 1865 ίνα
1035 1792 1057 1890 6
1074 1800 1242 1885 μαρτύριον
1257 1810 1341 1869 τοῦτο

188 1897 272 1981 άμῖν·
297 1898 366 1965 άυθ’
388 1894 424 1966 οὗ
446 1898 526 1965 είπεν
548 1899 565 1965 6
586 1899 698 1986 σωτήρ,
721 1905 778 1978 Εἰς
799 1901 959 1986 μαρτόριον
980 1899 1091 1978 αιίτοῖς.

272 2002 307 2085 β.
331 2004 398 2069 ”ίνα
413 2005 444 2068 δὲ
460 2007 553 2086 εἰδῆτε
568 2003 614 2069 ότι
631 2006 765 2081 ἐξουσίαν
780 2007 836 2087 ἔχει
854 2002 872 2068 ό
888 2003 954 2080 υίός
969 2012 1022 2071 τοῦ
1038 2004 1208 2090 άνθροόπου
1225 2004 1341 2088 άφιίνιιι

189 2102 333 2190 άμαρτίας
355 2109 400 2171 ε’πί
424 2112 476 2189 τής
497 2114 559 2192 γῆς.

273 2208 307 2293 γ’.
343 2209 456 2293 Κύριός
478 2212 554 2275 ἐστιν
576 2205 594 2273 6
616 2206 681 2283 υἱός
701 2215 755 2273 τοῦ
777 2208 945 2296 άνθριόπου
965 2211 1017 2275 καί
1037 2218 1093 2275 τοῦ
1112 2210 1279 2295 σαββάτου.

272 2308 305 2375 δ’.
337 2309 452 2376 Ἰοόδαν
463 2309 632 2396 Ἰσκαριώθ,
655 2311 689 2386 δς
707 2313 818 2396 ἐγένετο
833 2311 995 2397 προδότης·
1018 2310 1082 2379 άντί
1099 2318 1200 2393 τοῦδε,
1224 2316 1340 2399 Κατίβη

188 2410 247 2493 μετ’
269 2410 382 2491 αιίτοίν,
403 2416 474 2497 ἔχει,
498 2416 617 2499 Κατίβη
641 2416 671 2479 ἒν
694 2411 801 2489 αιίτοῖς.

271 2514 300 2579 ε’.
332 2518 393 2580 Καί
415 2524 475 2592 πᾶς
496 2514 514 2581 6
535 2515 618 2599 όχλος
640 2514 731 2599 ἐζήτει
748 2515 896 2581 ἅπτεσθαι
913 2513 1015 2583 αότοῦ.
1061 2518 1144 2583 7Καί
1164 2516 1259 2597 αιίτός
1274 2516 1341 2587 ίτιά·

189 2644 244 2701 ρας
264 2616 336 2694 τοιίς
357 2616 533 2701 όφθαλμοιίς
555 2618 655 2684 αὐτοῦ.

270 2718 303 2794 ς’.
335 2720 419 2785 Κατά
440 2721 477 2785 τά
498 2719 573 2786 αάτά
596 2724 718 2787 ἐποίουν
738 2730 799 2796 τοῖς
821 2720 990 2804 προφήταις
1011 2724 1043 2787 οί
1061 2722 1186 2806 πατέρες
1206 2720 1301 2807 ὑμῶν.

270 2822 301 2900 ζ’.
334 2825 422 2907 Λέγω
444 2824 476 2888 δί
500 2822 611 2906 8άμῖν,
632 2822 779 2907 τοσαύτην
797 2828 894 2889 πίστιν
910 2821 981 2890 οὐδὲ
1002 2826 1034 2891 ἐν
1055 2828 1096 2913 τῷ
1111 2820 1230 2909 ’ίσραήλ
1248 2818 1340 2911 εὗραν.

268 2924 304 3006 ιγ’.
338 2928 587 3010 Παρηλλαγμίνον
608 2924 657 3002 τό,
681 2923 841 3010 Μακάριος
866 2925 925 3003 ⁹63
944 2924 996 2993 ἐάν
1018 2926 1059 3011 μή
1080 2930 1288 3019 σκανδαλισθῇ
1310 2930 1341 2997 ίε

188 3032 267 3111 ίμοί·
296 3025 393 3110 1(ἐῖχε
415 3027 470 3114 γάρ
493 3024 534 3103 οίς
555 3026 631 3112 πρός
650 3025 798 3110 Ἰωάννην.

269 3130 310 3195 θ’.
340 3128 441 3205 Αὐτός
459 3133 518 3194 ἔστι
535 3132 601 3213 περὶ
620 3122 656 3195 οὗ
674 3132 849 3217 γέγραπται,
869 3128 946 3196 Ἰδοό
963 3128 1019 3217 ίγοί
1038 3128 1205 3199 άποστίλλω
1224 3132 1277 3199 τόν
1293 3130 1342 3219 6⁹1-

185 3232 270 3320 γελόν
292 3260 349 3317 μου
371 3232 430 3319 πρό
454 3230 614 3317 προςοίπου
636 3255 701 3298 σου.

271 3337 297 3402 ι’.
328 3339 390 3402 Καὶ
405 3335 543 3412 είςελθοίν
561 3337 602 3410 είς
619 3334 670 3400 τόν
687 3332 773 3402 οίκον
791 3343 845 3402 τοῦ
862 3340 1030 3420 Φαρισαίου
1046 3340 1217 3421 κατεκλίθη.
1261 3336 1341 3405 mi

186 3439 259 3523 γυνή
273 3448 365 3505 στᾶσα
380 3438 475 3506 όττίσω
489 3437 510 3521 ή
523 3436 704 3523 άμαρτωλός,
726 3438 807 3523 παρά
819 3437 888 3515 τοιίς
900 3438 1006 3518 πόδας,
1028 3442 1126 3523 ἔβρεξε
1137 3450 1203 3519 τοῖς
1216 3440 1342 3529 δάκρυσι

185 3540 255 3618 τοός
276 3542 387 3621 πόδας,
410 3545 458 3607 καί
482 3540 602 3623 ήλειψε,
624 3544 675 3605 καί
696 3546 850 3622 κατεφίλει.

270 3642 316 3709 ια’.
348 3648 408 3711 Καὶ
423 3644 527 3723 πάλιν,
550 3644 635 3727 Αίίτη
650 3652 713 3719 τοῖς
729 3644 873 3730 δάκρυσιν
888 3646 988 3730 ἓβρεξί
1001 3670 1060 3728 μου
1074 3642 1146 3723 τοιίς
1160 3646 1271 3729 πόδας,
1291 3648 1341 3715 καί

185 3744 303 3828 ήλειψε,
326 3751 375 3812 καί
398 3752 554 3829 κατεφίλει.

270 3849 317 3931 ιβ.
352 3847 417 3915 Οιίκ
433 3848 523 3933 εἶχεν,
545 3847 582 3913 Ἠ
594 3848 688 3932 μήτηρ
708 3846 802 3915 αιίτοῦ
818 3852 870 3916 καί
885 3853 917 3916 οί
929 3847 1054 3932 ἀδελφοί
1068 3848 1181 3931 αιίτσῦ,
1202 3848 1277 3919 α’λλιί
1291 3850 1340 3937 μό-

186 3979 251 4030 νον,
272 3950 310 4017 Ἡ
328 3951 422 4037 μήτηρ
445 3974 499 4018 σου
520 3956 571 4018 καί
594 3979 623 4019 οι
615 3950 766 4033 άδελφοί
787 3974 850 4018 σου.

272 4054 316 4139 ιγ’.
348 4053 507 4120 Πλεόντων
530 4053 629 4122 αιίτῶν
649 4054 844 4137 άφιίπνοοσεν·
876 4053 947 4121 666
970 4058 1103 4143 ίγερθιίς
1123 4058 1340 4143 ianime*
1300 4084 1340 4149 οφ

186 4152 284 4242 άνίμῳ
305 4183 357 4220 και
377 4166 412 4246 τῇ
434 4155 579 4247 θαλάσση.

64 4285 114 4329 pag.
128 4275 174 4318 ιιι.
274 4257 320 4322 ιδ’.
352 4256 480 4345 Ἐγίνετο
499 4261 531 4323 δὲ
546 4262 634 4325 ἒν
593 4289 634 4327 τω
646 4287 770 4347 υπαγειν
784 4259 885 4341 αιίτόν,
907 4258 1139 4348 συνίπνιγον’
1099 4260 1194 4329 αυτόν
1208 4266 1243 4331 σί
1254 4262 1339 4349 ὄχλοι

219 4446 413 4511 Ἥίίαιοιιτοο,
425 4444 570 4509 Καίαιίτδς
580 4450 676 4519 ἐπάρας
685 4450 744 4511 τούς
810 4450 868 4505 8.
854 4458 920 4520 υμῖν,
937 4456 1001 4517 quod
1013 4456 1341 4523 διιίιίιιιιλιττυιίςμᾘ

186 4510 335 4583 όφαλμσιίς
352 4512 445 4575 αιίοῡ,
469 4521 539 4581 vulgo
560 4526 614 4570 εαιιί
636 4523 748 4571 molend
781 4536 810 4573 επ
825 4504 880 4605 cong
896 4525 1017 4573 Vaticano.

183 4600 280 4649 ιτςιιιιιτ
294 4589 396 4637 τιίιολίωι
411 4592 495 4637 tracta.
531 4590 557 4637 V
574 4590 645 4651 infra.
814 4586 840 4641 9.
857 4560 895 4651 τίς
910 4592 1037 4653 τιλγιείιισ.
