3046 5084
261 320 322 382 374
689 331 812 383 οιαστι
828 331 997 383 Εειειιιωιι

262 444 365 529 ἀκλινῆ
382 450 413 512 έν
430 451 525 536 ἑαυτῷ
539 449 683 532 κατέχων,
713 449 749 513 δν
765 447 814 514 διά
831 456 884 515 τοῦ
898 451 1101 531 βαπτίσματος
1117 449 1236 531 εἴληφε,
1265 446 1301 513 τό
1317 448 1373 531 μέν
1386 450 1425 515 ἐκ

262 556 320 614 τῶν
340 557 464 635 γραφῶν
485 548 616 633 όνόματα
638 554 686 616 καλ
710 550 762 628 τάς
781 552 868 628 λέξεις
885 553 936 617 καί
956 549 1009 627 τάς
1026 548 1198 635 παραβολάς
1217 549 1422 636 ἐπιγνώσεται,

262 651 316 734 τήν
332 653 363 716 δέ
379 650 554 736 βλάσφημον
569 650 716 719 όπόθεσιν
732 652 841 736 ταύτην
858 651 914 720 οάκ
929 653 1129 740 ἐπιγνώσεται.
1174 655 1235 719 Καὶ
1251 652 1307 739 γάρ
1324 656 1352 719 εί
1366 652 1424 730 τάς

263 759 401 837 ψηφῖδας
422 760 569 840 γνωρίσει,
601 754 672 821 ἀλλά
693 755 746 839 τήν
767 754 903 822 ἀλώπεκα
923 754 989 822 ἀντὶ
1006 763 1058 839 τῆς
1075 761 1230 839 βασιλικῆς
1247 753 1364 832 εέκόνος
1381 753 1423 821 οῦ

263 859 466 942 παραδέξεται·
489 862 523 922 έν
542 861 665 924 ἕκαστον
682 859 714 923 δέ
730 865 790 924 τῶν
808 861 970 943 εἰρημένων
986 856 1122 934 ἀποδοῦς
1138 867 1175 948 τη
1192 861 1252 947 ἐδίρ
1271 856 1348 935 τάξει
1366 859 1421 923 καλ

263 959 472 1044 προςαρμόσας
488 967 527 1048 τῷ
541 968 593 1043 τῆς
609 959 751 1044 ἀληθείας
771 965 950 1051 11σωματίρι
966 958 1126 1047 γυμνώσει,
1149 963 1200 1026 καλ
1215 957 1422 1026 ἀνυπόστατον

264 1065 399 1139 ἐπιδείξει
420 1061 452 1127 τό
476 1061 593 1146 πλάσμα
615 1061 721 1128 αὐτῶν.

112 1164 178 1231 Κεφ·
200 1161 245 1235 δί’·
353 1162 493 1246 ιἘπειδή
508 1172 543 1253 τῇ
560 1173 653 1255 σκηνή
670 1163 761 1254 ταῦτη
782 1168 895 1230 αλείπει
913 1164 933 1248 ή
949 1163 1161 1249 ἀπολύτρωσις,
1182 1168 1233 1230 ίνα
1247 1190 1290 1241 τις
1306 1161 1359 1229 τόν
1373 1171 1422 1247 μῖ-

264 1294 319 1350 μον
343 1264 464 1331 3αάτῶν
482 1266 648 1350 περαιώσας
669 1265 722 1333 τόν
744 1264 978 1346 ἀναοκευάζοντα
996 1266 1084 1354 λόγον
1109 1269 1294 1357 4έπενέγκη,
1321 1273 1423 1343 καλῶς

264 1372 338 1451 ἐχειν
352 1366 537 1451 ὑπελάβομεν
553 1372 695 1446 ἐπιδεῖξαι
711 1369 855 1456 πρότερον
871 1373 902 1435 έν
917 1368 964 1446 οίς
979 1374 1011 1436 οί
1024 1372 1146 1451 πατέρες
1162 1367 1247 1435 αάιοί
1262 1372 1350 1435 τοῦδε
1365 1375 1421 1435 τοῦ

267 1469 395 1553 ίμόθου
414 1473 606 1555 διαφέρονται
620 1470 696 1555 πρός
712 1469 866 1554 ἀλλήλους,
897 1470 938 1547 ῶς
954 1476 987 1538 ἐκ
1003 1471 1159 1558 διαφόρων
1174 1470 1351 1555 πνευμάτων
1366 1479 1421 1554 τῆς

264 1572 377 1655 πλάνης
396 1571 485 1648 όντες.
531 1576 591 1638 Καί
609 1577 643 1639 ἐκ
661 1573 769 1639 τούτου
787 1573 843 1659 γάρ
863 1572 1081 1660 θάκριβέστατα
1095 1579 1225 1641 συνιδεῖν
1241 1577 1338 1654 ἔσται,
1367 1576 1421 1640 καλ

265 1673 323 1760 πρό
345 1683 398 1759 τής
419 1673 609 1754 ἀποδείξεως,
643 1681 765 1760 βεβαίαν
787 1675 840 1760 τήν
863 1674 922 1742 όπό
946 1685 999 1760 τῆς
1021 1681 1175 1761 ἐκκλησίας
1195 1678 1422 1762 κηρυσσομίνην

265 1776 419 1861 ἀλήθειαν,
441 1779 491 1842 καὶ
507 1776 562 1860 τήν
573 1776 633 1844 ἀπό
648 1777 759 1845 τούτων
773 1781 1057 1863 παραπεποιημένην
1071 1783 1281 1865 ψευδηγορίαν.
1318 1775 1422 1863 Ὴμλν

265 1878 320 1966 γάρ
336 1883 485 1963 ἐκκλησία,
516 1885 620 1965 καίπερ
637 1879 708 1946 καθ’
725 1880 795 1963 όλης
809 1890 862 1964 τῆς
879 1884 1053 1966 οἰκουμένης
1070 1884 1127 1959 ἕως
1143 1880 1279 1969 περάτων
1294 1887 1349 1965 τῆς
1366 1886 1423 1968 γῆς

265 1985 471 2066 διεσπαρμένη,
492 1982 574 2068 παρά
590 1984 622 2049 δέ
636 1991 696 2049 τῶν
711 1982 882 2050 ἀποστόλων
897 1986 947 2050 καί
962 1992 1022 2050 τῶν
1034 1987 1153 2051 ἐκείνων
1166 1990 1313 2068 μαθητῶν
1325 2010 1422 2070 παρα-

264 2090 396 2168 λαβοῦσα
415 2084 467 2168 τήν
486 2089 527 2161 είς
545 2089 597 2152 ένα
615 2085 690 2152 θεόν
707 2089 819 2171 πατέρα
837 2085 1077 2173 παντοκράτορα,
1098 2086 1151 2153 τόν
1169 2084 1353 2169 πεποιηκότα
1370 2084 1423 2155 τόν

265 2186 393 2274 οὐρανόν
409 2191 459 2254 καί
474 2187 528 2271 τήν
541 2196 596 2274 γῆν
610 2192 661 2254 καὶ
673 2187 726 2265 τάς
739 2189 892 2265 θαλάσσας
905 2192 956 2255 καλ
969 2187 1066 2255 πάντα
1079 2187 1115 2254 τά
1130 2191 1162 2257 έν
1177 2186 1289 2268 αότοῖς,
1311 2192 1421 2270 πίστιν,

265 2293 315 2356 καί
333 2294 374 2367 είς
391 2294 442 2356 ένα
460 2289 590 2376 Χριστόν
604 2290 719 2375 Ἰησοῦν
733 2292 785 2357 τόν
803 2291 871 2358 υίόν
886 2300 938 2358 τοῦ
954 2299 1046 2371 θεοῦ,
1068 2292 1120 2358 τόν
1137 2292 1331 2377 σαρκωθέντα
1345 2287 1422 2378 όπέρ

266 2401 318 2476 τῆς
334 2391 475 2481 ήμετέρας
490 2398 650 2478 σωτηρίας,
681 2395 731 2459 καί
748 2397 789 2471 είς
804 2402 920 2478 πνεῦμα
936 2394 1035 2480 όίγιον,
1066 2392 1100 2460 τό
1117 2393 1167 2460 διά
1183 2400 1241 2461 τῶν
1256 2401 1422 2480 προφητῶν

266 2495 428 2580 κεκηρυχός
443 2497 496 2572 τάς
510 2499 681 2579 οἰκονομίας
696 2499 746 2561 καί
764 2495 840 2580 7τήν
853 2499 965 2562 ἐλευσιν
979 2499 1030 2562 καλ
1046 2496 1100 2581 τήν
1119 2499 1173 2563 θέκ
1188 2498 1344 2582 παρθένου
1358 2498 1422 2583 γέν*

268 2622 353 2681 νησιν
374 2602 425 2664 καί
448 2597 480 2663 τό
506 2598 608 2674 πάθος
626 2600 676 2665 καὶ
695 2597 747 2682 τήν
765 2601 880 2683 ἐγερσιν
899 2603 933 2666 ἐκ
951 2606 1063 2684 νεκρῶν
1080 2601 1130 2664 καί
1147 2597 1202 2681 τήν
1217 2600 1361 2684 ένσαρκον
1377 2600 1421 2675 τίς

268 2699 337 2776 τοῦς
357 2698 503 2786 οάρανοάς
526 2699 675 2783 ἀνάληψιν
696 2708 749 2767 τοῦ
769 2699 962 2786 ἠγαπημένον
983 2708 1116 2787 Χριστοῦ
1130 2699 1227 2784 Ἰησοῦ
1246 2709 1299 2768 τοῦ
1315 2704 1421 2789 κυρίου

267 2800 367 2884 ήμῶν,
400 2805 451 2867 καί
474 2801 528 2885 τήν
551 2806 583 2870 ἐκ
604 2811 663 2868 τῶν
688 2801 822 2890 οὐρανῶν
843 2807 875 2870 έν
896 2813 932 2895 τῇ
952 2803 1025 2895 δόξη
1047 2812 1102 2871 τοῦ
1123 2802 1235 2889 πατρός
1256 2808 1424 2887 παρουσίαν

270 2903 376 2984 αότοῦ,
409 2907 482 2969 θέπί
502 2903 534 2971 τό
558 2904 875 2987 ἀνακεφαλαιώσασθαι
897 2906 934 2973 τά
955 2905 1052 2973 πάντα
1073 2910 1125 2974 καί
1146 2904 1308 2991 ἀναστῆσαι
1323 2912 1425 2973 πᾶσαν

270 3006 366 3092 σάρκα
387 3008 484 3091 πάσης
501 3006 748 3094 ἀνθρωπότητος,
777 3012 828 3075 ίνα
849 3016 967 3100 Χριστῷ
983 3007 1081 3094 Ἰησοῦ
1099 3017 1141 3099 τῷ
1158 3013 1252 3098 κυρίην
1267 3005 1356 3092 ήμῶν
1371 3010 1424 3075 καί

269 3117 331 3200 θεῷ
344 3113 395 3176 καί
410 3118 520 3196 σωτῆρι
531 3113 582 3177 καί
596 3116 711 3194 βασιλεῖ
720 3111 795 3177 κατά
809 3111 863 3197 τήν
878 3110 1016 3179 ειίδοκίαν
1029 3119 1084 3179 τοῦ
1098 3109 1211 3197 πατρός
1224 3118 1277 3178 τοῦ
1291 3108 1425 3197 ἀοράτου

147 3246 198 3293 τις.
210 3234 255 3281 2⁰2
270 3221 330 3279 πῦν
341 3212 414 3299 γόνυ
428 3213 536 3304 κάμφη
551 3217 735 3299 ἐπουρανίων
752 3218 803 3280 καί
818 3219 953 3301 ἐπιγείων
970 3216 1022 3282 καί
1038 3219 1254 3300 καταχθονίων,
1275 3216 1326 3280 καί
1340 3221 1426 3282 πᾶσα
1490 3272 1497 3283 .

269 3325 386 3403 γλῶσσα
402 3315 648 3402 ἐξομολογήσηται
664 3315 761 3406 αάτῷ,
783 3320 831 3384 καί
846 3322 942 3405 κρίσιν
956 3322 1074 3384 δικαίαν
1090 3320 1198 3394 ἐντοῖς
1212 3321 1284 3382 πάσι
1298 3315 1425 3401 ποιήση-

271 3447 333 3499 ται,
364 3418 400 3485 τά
418 3421 471 3503 μέν
489 3419 671 3503 πνευματικά
687 3425 739 3503 τής
755 3425 900 3505 πονηρίας
917 3423 968 3487 καί
985 3418 1139 3508 ἀγγέλους,
1167 3418 1237 3496 τοῦς
1253 3424 1425 3505 παραβεβη·

272 3523 360 3599 κότος
377 3526 428 3589 καὶ
446 3526 476 3589 ἐν
493 3521 657 3613 ἀποστασίρι
674 3521 845 3609 γεγονότας,
877 3525 926 3590 καλ
944 3522 1014 3601 τοῦς
1032 3521 1147 3606 ἀσεβεῖς
1162 3524 1213 3588 κοιλ
1232 3518 1357 3601 ἀδίκους
1372 3524 1425 3589 καλ

272 3622 405 3709 ἀνόμους
425 3629 476 3693 καί
492 3625 687 3710 βλασφήμους
706 3631 765 3693 τῶν
784 3623 956 3711 ἀνθρώπων
977 3629 1020 3703 είς
1039 3625 1072 3692 τό
1091 3623 1213 3692 αἰώνιον
1229 3628 1291 3711 πῦρ
1306 3626 1426 3717 πέμψῃ,

271 3736 335 3804 τοῖς
355 3729 387 3793 δέ
408 3733 531 3806 δικαίοις
552 3732 603 3795 καλ
625 3727 732 3808 όσίοις,
761 3731 812 3793 καλ
834 3726 886 3806 τάς
907 3728 1025 3806 ἐντολάς
1046 3726 1141 3795 αότοῦ
1156 3724 1346 3813 τετηρηκόσι,
1372 3728 1427 3793 καλ

272 3830 305 3896 ἐν
320 3832 356 3917 τῇ
372 3828 473 3921 ἀγάπη
489 3829 583 3899 αάτοῦ
596 3830 831 3916 διαμεμενηκόσι,
852 3841 914 3909 τοῖς
928 3828 979 3898 ἀπ’
995 3829 1097 3917 ἀρχῆς,
1117 3839 1181 3908 τοῖς
1200 3829 1277 3897 ιοδέ
1291 3830 1326 3897 ἐκ
1339 3852 1427 3913 μετει-

274 3935 364 4012 νοίας,
383 3932 460 4016 ζωήν
473 3934 665 4020 χαρισάμενος
678 3933 853 4020 ἀφθαρσίαν
865 3933 1031 4021 δωρήσητιιι
1043 3936 1095 4001 καί
1108 3933 1198 4014 δόξαν
1207 3936 1334 4001 αλωνίαν
1344 3956 1428 4021 περι·

273 4057 394 4125 ποιηση.

306 4227 346 4280 ll.
363 4226 484 4297 σωματίῳ
497 4233 580 4293 scripsi
589 4244 643 4281 οαω
652 4233 746 4282 Grabio.
765 4233 830 4282 Lam
895 4230 920 4283 2
937 4230 1011 4298 λιίτη
1028 4233 1080 4283 οοδ.
1095 4234 1149 4283 Vm.
1205 4228 1211 4237 “

273 4299 357 4347 ουσιαι
375 4296 518 4365 οωματείῳ.
899 4298 924 4352 3.
941 4300 977 4351 λα
995 4302 1046 4351 κοιλ.
1064 4303 1134 4363 θαι,
1154 4302 1292 4363 ιοιιιρθσκι
1306 4314 1363 4353 αισι
1379 4302 1431 4355 Ν.

308 4366 366 4414 cuv.
380 4365 490 4416 xxxn.
504 4394 537 4405 -
553 4367 574 4416 1.
588 4361 697 4434 Ἐπειδὴ
713 4365 743 4422 δέ
757 4372 832 4420 conie-
864 4373 989 4433 ἐπλιιγττιι
1002 4373 1044 4433 ηκι·
1056 4370 1124 4421 ham
1137 4367 1255 4437 ἱμεοιιιω.
1277 4368 1354 4435 Υιιέρο
1365 4372 1431 4423 ab

273 4437 304 4484 αλ
318 4433 416 4497 δειλίαι,
435 4427 511 4486 Ἐπεὶ
527 4430 561 4496 δή
579 4438 616 4485 νιλ
632 4429 708 4488 Ἐπελ
724 4433 753 4490 δέ
771 4440 832 4487 Gra·
866 4444 931 4488 ικιολ
947 4430 1031 4492 αάτδν.

273 4505 324 4552 hius
340 4507 362 4551 ιλ
378 4505 515 4554 masuetus.
559 4506 604 4555 Υιλ
621 4506 734 4567 interpres
750 4506 833 4554 λοοιιι
899 4502 925 4557 4.
940 4508 977 4558 λλο
992 4508 1155 4569 conivendum
1169 4509 1220 4557 ιτσλ
1234 4506 1365 4559 man
1379 4506 1431 4559 m

274 4569 397 4633 Quoniam
413 4580 496 4625 nutem
512 4586 601 4622 ισειιασ
616 4570 674 4622 huic
691 4570 762 4623 dent
782 4579 833 4623 ωλι.
864 4574 971 4638 ἐπίστια,
984 4576 1069 4626 deod.
1080 4574 1145 4639 Vm,
1157 4574 1200 4639 συί
1211 4572 1280 4627 ΜΗ
1291 4568 1434 4643 ἐπείγῃ.
