<?xml version="1.0" encoding="UTF-8"?>
<!DOCTYPE html PUBLIC "-//W3C//DTD XHTML 1.0 Transitional//EN"
    "http://www.w3.org/TR/xhtml1/DTD/xhtml1-transitional.dtd">
<html xmlns="http://www.w3.org/1999/xhtml" xml:lang="en" lang="en">
 <head>
  <title>
</title>
<meta http-equiv="Content-Type" content="text/html;charset=utf-8" />
  <meta name='ocr-system' content='tesseract 3.04.00' />
  <meta name='ocr-capabilities' content='ocr_page ocr_carea ocr_par ocr_line ocrx_word'/>
</head>
<body>
  <div class='ocr_page' id='page_1' title='image "./corporishaerese01unkngoog_0663.png"; bbox 0 0 3046 5084; ppageno 0'>
   <div class='ocr_carea' id='block_1_1' title="bbox 338 345 1218 426">
    <p class='ocr_par' dir='ltr' id='par_1_1' title="bbox 338 345 1218 426">
     <span class='ocr_line' id='line_1_1' title="bbox 338 345 1218 426; baseline 0.005 -4"><span class='ocrx_word' id='word_1_1' title='bbox 338 345 948 425; x_wconf 61' lang='lat' dir='ltr'>runsanommnoruur.mannaan.</span> <span class='ocrx_word' id='word_1_2' title='bbox 1157 362 1218 426; x_wconf 83' lang='lat'>659</span> 
     </span>
    </p>
   </div>
   <div class='ocr_carea' id='block_1_2' title="bbox 7 490 1379 4174">
    <p class='ocr_par' dir='ltr' id='par_1_2' title="bbox 7 490 1379 4174">
     <span class='ocr_line' id='line_1_2' title="bbox 67 490 1216 579; baseline 0 -22"><span class='ocrx_word' id='word_1_3' title='bbox 67 502 98 557; x_wconf 91' lang='lat' dir='ltr'>ot</span> <span class='ocrx_word' id='word_1_4' title='bbox 117 491 287 556; x_wconf 74' lang='lat' dir='ltr'>ostenderet</span> <span class='ocrx_word' id='word_1_5' title='bbox 302 490 358 555; x_wconf 90' lang='lat' dir='ltr'>sibi</span> <span class='ocrx_word' id='word_1_6' title='bbox 376 491 449 555; x_wconf 89' lang='lat' dir='ltr'>haec</span> <span class='ocrx_word' id='word_1_7' title='bbox 465 491 560 556; x_wconf 84' lang='lat' dir='ltr'>oblate</span> <span class='ocrx_word' id='word_1_8' title='bbox 579 491 763 571; x_wconf 83' lang='lat' dir='ltr'>coaluisse,</span> <span class='ocrx_word' id='word_1_9' title='bbox 797 492 913 556; x_wconf 87' lang='lat' dir='ltr'>tametsi</span> <span class='ocrx_word' id='word_1_10' title='bbox 931 501 961 555; x_wconf 91' lang='lat' dir='ltr'>et</span> <span class='ocrx_word' id='word_1_11' title='bbox 978 492 1124 577; x_wconf 89' lang='lat' dir='ltr'>acciperet</span> <span class='ocrx_word' id='word_1_12' title='bbox 1141 492 1216 579; x_wconf 89' lang='lat' dir='ltr'>ipse,</span> 
     </span>
     <span class='ocr_line' id='line_1_3' title="bbox 67 591 1340 679; baseline 0 -21"><span class='ocrx_word' id='word_1_13' title='bbox 67 606 97 658; x_wconf 91' lang='lat' dir='ltr'>et</span> <span class='ocrx_word' id='word_1_14' title='bbox 112 595 142 658; x_wconf 93' lang='lat' dir='ltr'>in</span> <span class='ocrx_word' id='word_1_15' title='bbox 159 594 275 658; x_wconf 89' lang='lat' dir='ltr'>nomine</span> <span class='ocrx_word' id='word_1_16' title='bbox 289 593 354 658; x_wconf 90' lang='lat' dir='ltr'>eius</span> <span class='ocrx_word' id='word_1_17' title='bbox 369 594 521 658; x_wconf 83' lang='lat' dir='ltr'>offerrent.</span> <span class='ocrx_word' id='word_1_18' title='bbox 561 591 648 678; x_wconf 74' lang='lat' dir='ltr'>Quod</span> <span class='ocrx_word' id='word_1_19' title='bbox 664 593 779 679; x_wconf 92' lang='lat' dir='ltr'>quidem</span> <span class='ocrx_word' id='word_1_20' title='bbox 795 593 832 657; x_wconf 95' lang='lat' dir='ltr'>ob</span> <span class='ocrx_word' id='word_1_21' title='bbox 846 593 1040 657; x_wconf 83' lang='lat' dir='ltr'>irrueteratam</span> <span class='ocrx_word' id='word_1_22' title='bbox 1055 595 1218 660; x_wconf 73' lang='lat' dir='ltr'><strong>istiusmodi</strong></span> <span class='ocrx_word' id='word_1_23' title='bbox 1335 610 1340 616; x_wconf 83' lang='lat'><em>·</em></span> 
     </span>
     <span class='ocr_line' id='line_1_4' title="bbox 67 696 1218 782; baseline -0.001 -20"><span class='ocrx_word' id='word_1_24' title='bbox 67 696 97 762; x_wconf 94' lang='lat' dir='ltr'>in</span> <span class='ocrx_word' id='word_1_25' title='bbox 113 698 201 760; x_wconf 90' lang='lat' dir='ltr'>rebus</span> <span class='ocrx_word' id='word_1_26' title='bbox 216 696 331 760; x_wconf 91' lang='lat' dir='ltr'>illorum</span> <span class='ocrx_word' id='word_1_27' title='bbox 351 696 592 761; x_wconf 87' lang='lat' dir='ltr'>consuetudinem</span> <span class='ocrx_word' id='word_1_28' title='bbox 610 707 656 760; x_wconf 87' lang='lat' dir='ltr'>est</span> <span class='ocrx_word' id='word_1_29' title='bbox 670 698 794 775; x_wconf 87' lang='lat' dir='ltr'>lactum,</span> <span class='ocrx_word' id='word_1_30' title='bbox 818 697 911 760; x_wconf 92' lang='lat' dir='ltr'>donec</span> <span class='ocrx_word' id='word_1_31' title='bbox 925 719 943 759; x_wconf 89' lang='lat' dir='ltr'>a</span> <span class='ocrx_word' id='word_1_32' title='bbox 958 697 1080 782; x_wconf 90' lang='lat' dir='ltr'>plurium</span> <span class='ocrx_word' id='word_1_33' title='bbox 1099 698 1218 762; x_wconf 89' lang='lat' dir='ltr'>deorum</span> 
     </span>
     <span class='ocr_line' id='line_1_5' title="bbox 67 798 1220 885; baseline -0.003 -20"><span class='ocrx_word' id='word_1_34' title='bbox 67 821 123 865; x_wconf 92' lang='lat' dir='ltr'>oso</span> <span class='ocrx_word' id='word_1_35' title='bbox 139 799 275 883; x_wconf 87' lang='lat' dir='ltr'>paulatim</span> <span class='ocrx_word' id='word_1_36' title='bbox 294 798 323 862; x_wconf 94' lang='lat' dir='ltr'>in</span> <span class='ocrx_word' id='word_1_37' title='bbox 341 799 428 864; x_wconf 87' lang='lat' dir='ltr'>unios</span> <span class='ocrx_word' id='word_1_38' title='bbox 444 799 538 863; x_wconf 89' lang='lat' dir='ltr'>cultos</span> <span class='ocrx_word' id='word_1_39' title='bbox 556 800 735 864; x_wconf 78' lang='lat' dir='ltr'>reformatos</span> <span class='ocrx_word' id='word_1_40' title='bbox 750 799 941 885; x_wconf 86' lang='lat' dir='ltr'>perduceret,</span> <span class='ocrx_word' id='word_1_41' title='bbox 975 809 1005 862; x_wconf 91' lang='lat' dir='ltr'>et</span> <span class='ocrx_word' id='word_1_42' title='bbox 1020 799 1055 862; x_wconf 93' lang='lat' dir='ltr'>ab</span> <span class='ocrx_word' id='word_1_43' title='bbox 1071 800 1121 864; x_wconf 95' lang='lat' dir='ltr'>illo</span> <span class='ocrx_word' id='word_1_44' title='bbox 1138 801 1220 864; x_wconf 89' lang='lat' dir='ltr'>dein·</span> 
     </span>
     <span class='ocr_line' id='line_1_6' title="bbox 68 900 1220 988; baseline -0.001 -21"><span class='ocrx_word' id='word_1_45' title='bbox 68 924 137 988; x_wconf 91' lang='lat' dir='ltr'>ceps</span> <span class='ocrx_word' id='word_1_46' title='bbox 157 902 356 986; x_wconf 73' lang='lat' dir='ltr'>intelligerent</span> <span class='ocrx_word' id='word_1_47' title='bbox 371 901 441 965; x_wconf 93' lang='lat' dir='ltr'>nihil</span> <span class='ocrx_word' id='word_1_48' title='bbox 455 902 532 965; x_wconf 91' lang='lat' dir='ltr'>hunc</span> <span class='ocrx_word' id='word_1_49' title='bbox 548 901 689 965; x_wconf 90' lang='lat' dir='ltr'>eiusmodi</span> <span class='ocrx_word' id='word_1_50' title='bbox 708 901 811 965; x_wconf 88' lang='lat' dir='ltr'>ritibus</span> <span class='ocrx_word' id='word_1_51' title='bbox 831 922 904 987; x_wconf 89' lang='lat' dir='ltr'>opos</span> <span class='ocrx_word' id='word_1_52' title='bbox 921 900 1075 981; x_wconf 86' lang='lat' dir='ltr'>habuisse,</span> <span class='ocrx_word' id='word_1_53' title='bbox 1100 924 1154 966; x_wconf 93' lang='lat' dir='ltr'>nec</span> <span class='ocrx_word' id='word_1_54' title='bbox 1172 903 1220 968; x_wconf 92' lang='lat' dir='ltr'>ha·</span> 
     </span>
     <span class='ocr_line' id='line_1_7' title="bbox 68 1001 1222 1089; baseline 0 -20"><span class='ocrx_word' id='word_1_55' title='bbox 68 1006 157 1085; x_wconf 87' lang='lat' dir='ltr'>bere,</span> <span class='ocrx_word' id='word_1_56' title='bbox 189 1016 276 1089; x_wconf 89' lang='lat' dir='ltr'>atque</span> <span class='ocrx_word' id='word_1_57' title='bbox 297 1005 339 1068; x_wconf 87' lang='lat' dir='ltr'>ita</span> <span class='ocrx_word' id='word_1_58' title='bbox 354 1005 468 1068; x_wconf 89' lang='lat' dir='ltr'>demum</span> <span class='ocrx_word' id='word_1_59' title='bbox 491 1025 544 1089; x_wconf 92' lang='lat' dir='ltr'>per</span> <span class='ocrx_word' id='word_1_60' title='bbox 558 1001 669 1068; x_wconf 81' lang='lat' dir='ltr'>Christi</span> <span class='ocrx_word' id='word_1_61' title='bbox 685 1003 731 1068; x_wconf 87' lang='lat' dir='ltr'>sui</span> <span class='ocrx_word' id='word_1_62' title='bbox 745 1005 902 1068; x_wconf 86' lang='lat' dir='ltr'>adventum</span> <span class='ocrx_word' id='word_1_63' title='bbox 920 1015 1009 1067; x_wconf 90' lang='lat' dir='ltr'>totum</span> <span class='ocrx_word' id='word_1_64' title='bbox 1028 1004 1097 1068; x_wconf 92' lang='lat' dir='ltr'>illud</span> <span class='ocrx_word' id='word_1_65' title='bbox 1111 1006 1222 1069; x_wconf 84' lang='lat' dir='ltr'>sacrifi-</span> 
     </span>
     <span class='ocr_line' id='line_1_8' title="bbox 68 1106 1221 1192; baseline -0.002 -20"><span class='ocrx_word' id='word_1_66' title='bbox 68 1108 180 1172; x_wconf 81' lang='lat' dir='ltr'><strong>ciorum</strong></span> <span class='ocrx_word' id='word_1_67' title='bbox 199 1107 348 1190; x_wconf 83' lang='lat' dir='ltr'>negotium</span> <span class='ocrx_word' id='word_1_68' title='bbox 364 1106 636 1186; x_wconf 78' lang='lat' dir='ltr'>circumscriberet,</span> <span class='ocrx_word' id='word_1_69' title='bbox 660 1116 812 1192; x_wconf 88' lang='lat' dir='ltr'>postqoam</span> <span class='ocrx_word' id='word_1_70' title='bbox 830 1107 945 1170; x_wconf 88' lang='lat' dir='ltr'>unicum</span> <span class='ocrx_word' id='word_1_71' title='bbox 962 1129 996 1170; x_wconf 92' lang='lat' dir='ltr'>ac</span> <span class='ocrx_word' id='word_1_72' title='bbox 1010 1107 1158 1192; x_wconf 87' lang='lat' dir='ltr'>singulare</span> <span class='ocrx_word' id='word_1_73' title='bbox 1176 1130 1221 1172; x_wconf 88' lang='lat' dir='ltr'>so-</span> 
     </span>
     <span class='ocr_line' id='line_1_9' title="bbox 70 1205 1222 1288; baseline -0.001 -14"><span class='ocrx_word' id='word_1_74' title='bbox 70 1209 209 1274; x_wconf 88' lang='lat' dir='ltr'>crilicium</span> <span class='ocrx_word' id='word_1_75' title='bbox 227 1209 431 1272; x_wconf 81' lang='lat' dir='ltr'>antecedentia</span> <span class='ocrx_word' id='word_1_76' title='bbox 450 1208 546 1273; x_wconf 88' lang='lat' dir='ltr'>omnia</span> <span class='ocrx_word' id='word_1_77' title='bbox 567 1221 818 1288; x_wconf 81' lang='lat' dir='ltr'>consummasset,</span> <span class='ocrx_word' id='word_1_78' title='bbox 850 1209 984 1272; x_wconf 89' lang='lat' dir='ltr'>nimirum</span> <span class='ocrx_word' id='word_1_79' title='bbox 1003 1205 1113 1275; x_wconf 85' lang='lat' dir='ltr'>Christi</span> <span class='ocrx_word' id='word_1_80' title='bbox 1131 1213 1222 1275; x_wconf 90' lang='lat' dir='ltr'>sacri-</span> 
     </span>
     <span class='ocr_line' id='line_1_10' title="bbox 69 1311 1373 1398; baseline -0.003 -22"><span class='ocrx_word' id='word_1_81' title='bbox 69 1313 178 1377; x_wconf 89' lang='lat' dir='ltr'>lioinm.</span> <span class='ocrx_word' id='word_1_82' title='bbox 226 1311 390 1395; x_wconf 83' lang='lat' dir='ltr'>Quoniam,</span> <span class='ocrx_word' id='word_1_83' title='bbox 422 1321 454 1374; x_wconf 90' lang='lat' dir='ltr'>ut</span> <span class='ocrx_word' id='word_1_84' title='bbox 475 1313 616 1398; x_wconf 81' lang='lat' dir='ltr'>scriptum</span> <span class='ocrx_word' id='word_1_85' title='bbox 638 1323 699 1391; x_wconf 85' lang='lat' dir='ltr'>est,</span> <span class='ocrx_word' id='word_1_86' title='bbox 729 1317 839 1375; x_wconf 84' lang='lat' dir='ltr'>Pascha</span> <span class='ocrx_word' id='word_1_87' title='bbox 857 1325 983 1375; x_wconf 83' lang='lat' dir='ltr'>nostrum</span> <span class='ocrx_word' id='word_1_88' title='bbox 1001 1317 1159 1375; x_wconf 83' lang='lat' dir='ltr'>riamolotos</span> <span class='ocrx_word' id='word_1_89' title='bbox 1180 1326 1373 1380; x_wconf 68' lang='lat' dir='ltr'>oenomao.</span> 
     </span>
     <span class='ocr_line' id='line_1_11' title="bbox 71 1413 1223 1500; baseline 0.001 -20"><span class='ocrx_word' id='word_1_90' title='bbox 71 1419 213 1480; x_wconf 79' lang='lat' dir='ltr'>Chn&#39;stus.</span> <span class='ocrx_word' id='word_1_91' title='bbox 260 1413 355 1479; x_wconf 82' lang='lat' dir='ltr'>liuius</span> <span class='ocrx_word' id='word_1_92' title='bbox 373 1436 460 1499; x_wconf 90' lang='lat' dir='ltr'>porro</span> <span class='ocrx_word' id='word_1_93' title='bbox 474 1415 609 1480; x_wconf 85' lang='lat' dir='ltr'>sacribcii</span> <span class='ocrx_word' id='word_1_94' title='bbox 625 1426 655 1478; x_wconf 90' lang='lat' dir='ltr'>et</span> <span class='ocrx_word' id='word_1_95' title='bbox 670 1415 816 1500; x_wconf 88' lang='lat' dir='ltr'>paschatis</span> <span class='ocrx_word' id='word_1_96' title='bbox 832 1427 861 1478; x_wconf 90' lang='lat' dir='ltr'>et</span> <span class='ocrx_word' id='word_1_97' title='bbox 875 1415 1025 1480; x_wconf 90' lang='lat' dir='ltr'>doctrinae</span> <span class='ocrx_word' id='word_1_98' title='bbox 1038 1418 1223 1500; x_wconf 86' lang='lat' dir='ltr'>paedagogus</span> 
     </span>
     <span class='ocr_line' id='line_1_12' title="bbox 70 1517 1224 1602; baseline 0.002 -20"><span class='ocrx_word' id='word_1_99' title='bbox 70 1518 121 1582; x_wconf 79' lang='lat' dir='ltr'>lea</span> <span class='ocrx_word' id='word_1_100' title='bbox 142 1518 212 1598; x_wconf 89' lang='lat' dir='ltr'>luit,</span> <span class='ocrx_word' id='word_1_101' title='bbox 243 1538 316 1600; x_wconf 91' lang='lat' dir='ltr'>quae</span> <span class='ocrx_word' id='word_1_102' title='bbox 334 1538 387 1602; x_wconf 92' lang='lat' dir='ltr'>per</span> <span class='ocrx_word' id='word_1_103' title='bbox 406 1517 566 1601; x_wconf 85' lang='lat' dir='ltr'>ligorarnm</span> <span class='ocrx_word' id='word_1_104' title='bbox 584 1518 822 1582; x_wconf 89' lang='lat' dir='ltr'>adumbrationes</span> <span class='ocrx_word' id='word_1_105' title='bbox 840 1519 1012 1599; x_wconf 83' lang='lat' dir='ltr'>deduceret,</span> <span class='ocrx_word' id='word_1_106' title='bbox 1048 1521 1130 1584; x_wconf 90' lang='lat' dir='ltr'>etad</span> <span class='ocrx_word' id='word_1_107' title='bbox 1148 1521 1224 1584; x_wconf 88' lang='lat' dir='ltr'>aliud</span> 
     </span>
     <span class='ocr_line' id='line_1_13' title="bbox 72 1621 542 1706; baseline -0.002 -21"><span class='ocrx_word' id='word_1_108' title='bbox 72 1621 243 1706; x_wconf 90' lang='lat' dir='ltr'>discipliuae</span> <span class='ocrx_word' id='word_1_109' title='bbox 265 1641 359 1703; x_wconf 87' lang='lat' dir='ltr'>genos</span> <span class='ocrx_word' id='word_1_110' title='bbox 381 1621 542 1684; x_wconf 84' lang='lat' dir='ltr'>conterret.</span> 
     </span>
     <span class='ocr_line' id='line_1_14' title="bbox 155 1719 1376 1808; baseline 0.003 -21"><span class='ocrx_word' id='word_1_111' title='bbox 155 1720 258 1788; x_wconf 86' lang='lat' dir='ltr'>Schol.</span> <span class='ocrx_word' id='word_1_112' title='bbox 273 1719 321 1786; x_wconf 86' lang='lat' dir='ltr'>Xl</span> <span class='ocrx_word' id='word_1_113' title='bbox 338 1732 369 1786; x_wconf 90' lang='grc' dir='ltr'>ει</span> <span class='ocrx_word' id='word_1_114' title='bbox 383 1719 475 1785; x_wconf 82' lang='lat' dir='ltr'>xlx.</span> <span class='ocrx_word' id='word_1_115' title='bbox 510 1727 561 1785; x_wconf 78' lang='lat' dir='ltr'>Ver</span> <span class='ocrx_word' id='word_1_116' title='bbox 581 1744 686 1786; x_wconf 84' lang='lat' dir='ltr'>comam</span> <span class='ocrx_word' id='word_1_117' title='bbox 706 1746 762 1786; x_wconf 85' lang='lat' dir='ltr'>noo</span> <span class='ocrx_word' id='word_1_118' title='bbox 780 1728 890 1786; x_wconf 69' lang='lat' dir='ltr'>nebrot</span> <span class='ocrx_word' id='word_1_119' title='bbox 908 1729 1004 1804; x_wconf 81' lang='lat' dir='ltr'>glorio</span> <span class='ocrx_word' id='word_1_120' title='bbox 1026 1737 1054 1788; x_wconf 89' lang='lat' dir='ltr'>et</span> <span class='ocrx_word' id='word_1_121' title='bbox 1071 1729 1163 1808; x_wconf 78' lang='lat' dir='ltr'>imago</span> <span class='ocrx_word' id='word_1_122' title='bbox 1181 1731 1229 1788; x_wconf 78' lang='lat' dir='ltr'>dei</span> <span class='ocrx_word' id='word_1_123' title='bbox 1239 1747 1294 1803; x_wconf 75' lang='lat' dir='ltr'>cop.</span> <span class='ocrx_word' id='word_1_124' title='bbox 1303 1749 1335 1802; x_wconf 84' lang='grc' dir='ltr'>ιι,</span> <span class='ocrx_word' id='word_1_125' title='bbox 1344 1750 1376 1794; x_wconf 75' lang='lat'>14.</span> 
     </span>
     <span class='ocr_line' id='line_1_15' title="bbox 73 1832 204 1890; baseline -0.031 0"><span class='ocrx_word' id='word_1_126' title='bbox 73 1850 135 1890; x_wconf 85' lang='lat' dir='ltr'>eom</span> <span class='ocrx_word' id='word_1_127' title='bbox 156 1832 204 1889; x_wconf 87' lang='lat' dir='ltr'>sit.</span> 
     </span>
     <span class='ocr_line' id='line_1_16' title="bbox 156 1923 1226 2014; baseline 0.001 -21"><span class='ocrx_word' id='word_1_128' title='bbox 156 1928 258 1993; x_wconf 80' lang='lat' dir='ltr'>Relut.</span> <span class='ocrx_word' id='word_1_129' title='bbox 276 1924 323 1991; x_wconf 86' lang='lat' dir='ltr'>Xl</span> <span class='ocrx_word' id='word_1_130' title='bbox 340 1937 370 1990; x_wconf 90' lang='lat' dir='ltr'>et</span> <span class='ocrx_word' id='word_1_131' title='bbox 384 1923 475 1991; x_wconf 79' lang='lat' dir='ltr'>xlx.</span> <span class='ocrx_word' id='word_1_132' title='bbox 510 1926 581 1991; x_wconf 92' lang='lat' dir='ltr'>Non</span> <span class='ocrx_word' id='word_1_133' title='bbox 601 1927 694 1992; x_wconf 92' lang='lat' dir='ltr'>solnm</span> <span class='ocrx_word' id='word_1_134' title='bbox 714 1926 761 1990; x_wconf 91' lang='lat' dir='ltr'>dei</span> <span class='ocrx_word' id='word_1_135' title='bbox 779 1926 952 2011; x_wconf 85' lang='lat' dir='ltr'>imaginem,</span> <span class='ocrx_word' id='word_1_136' title='bbox 986 1929 1036 1992; x_wconf 92' lang='lat' dir='ltr'>sed</span> <span class='ocrx_word' id='word_1_137' title='bbox 1057 1939 1086 1992; x_wconf 88' lang='lat' dir='ltr'>et</span> <span class='ocrx_word' id='word_1_138' title='bbox 1103 1930 1226 2014; x_wconf 80' lang='lat' dir='ltr'>gloriam</span> 
     </span>
     <span class='ocr_line' id='line_1_17' title="bbox 71 2025 1224 2118; baseline -0.003 -20"><span class='ocrx_word' id='word_1_139' title='bbox 71 2033 220 2118; x_wconf 86' lang='lat' dir='ltr'>apostolus</span> <span class='ocrx_word' id='word_1_140' title='bbox 243 2030 389 2094; x_wconf 90' lang='lat' dir='ltr'>hominem</span> <span class='ocrx_word' id='word_1_141' title='bbox 413 2050 480 2094; x_wconf 91' lang='lat' dir='ltr'>esse</span> <span class='ocrx_word' id='word_1_142' title='bbox 505 2029 619 2094; x_wconf 88' lang='lat' dir='ltr'>delinit.</span> <span class='ocrx_word' id='word_1_143' title='bbox 672 2025 794 2093; x_wconf 86' lang='lat' dir='ltr'>Comam</span> <span class='ocrx_word' id='word_1_144' title='bbox 820 2050 891 2092; x_wconf 88' lang='lat' dir='ltr'>vero</span> <span class='ocrx_word' id='word_1_145' title='bbox 917 2029 1016 2114; x_wconf 89' lang='lat' dir='ltr'>otique</span> <span class='ocrx_word' id='word_1_146' title='bbox 1041 2052 1224 2117; x_wconf 89' lang='lat' dir='ltr'>corpoream,</span> 
     </span>
     <span class='ocr_line' id='line_1_18' title="bbox 72 2131 1226 2219; baseline -0.002 -19"><span class='ocrx_word' id='word_1_147' title='bbox 72 2157 130 2200; x_wconf 89' lang='lat' dir='ltr'>uon</span> <span class='ocrx_word' id='word_1_148' title='bbox 148 2135 263 2199; x_wconf 88' lang='lat' dir='ltr'>animae</span> <span class='ocrx_word' id='word_1_149' title='bbox 282 2133 427 2218; x_wconf 89' lang='lat' dir='ltr'>propriam</span> <span class='ocrx_word' id='word_1_150' title='bbox 451 2153 516 2196; x_wconf 91' lang='lat' dir='ltr'>oum</span> <span class='ocrx_word' id='word_1_151' title='bbox 537 2132 683 2212; x_wconf 90' lang='lat' dir='ltr'>nominat,</span> <span class='ocrx_word' id='word_1_152' title='bbox 716 2154 773 2195; x_wconf 92' lang='lat' dir='ltr'>oon</span> <span class='ocrx_word' id='word_1_153' title='bbox 795 2131 920 2196; x_wconf 90' lang='lat' dir='ltr'>alienum</span> <span class='ocrx_word' id='word_1_154' title='bbox 944 2133 1058 2197; x_wconf 90' lang='lat' dir='ltr'>abono</span> <span class='ocrx_word' id='word_1_155' title='bbox 1081 2134 1136 2197; x_wconf 92' lang='lat' dir='ltr'>deo</span> <span class='ocrx_word' id='word_1_156' title='bbox 1153 2155 1226 2219; x_wconf 88' lang='lat' dir='ltr'>opos</span> 
     </span>
     <span class='ocr_line' id='line_1_19' title="bbox 70 2233 1226 2319; baseline -0.001 -18"><span class='ocrx_word' id='word_1_157' title='bbox 70 2237 140 2302; x_wconf 89' lang='lat' dir='ltr'>illud</span> <span class='ocrx_word' id='word_1_158' title='bbox 158 2257 225 2300; x_wconf 90' lang='lat' dir='ltr'>esse</span> <span class='ocrx_word' id='word_1_159' title='bbox 242 2235 406 2319; x_wconf 78' lang='lat' dir='ltr'>siguificat,</span> <span class='ocrx_word' id='word_1_160' title='bbox 438 2256 474 2299; x_wconf 90' lang='lat' dir='ltr'>eo</span> <span class='ocrx_word' id='word_1_161' title='bbox 492 2236 568 2319; x_wconf 92' lang='lat' dir='ltr'>qood</span> <span class='ocrx_word' id='word_1_162' title='bbox 588 2256 663 2319; x_wconf 88' lang='lat' dir='ltr'>qoae</span> <span class='ocrx_word' id='word_1_163' title='bbox 679 2233 709 2297; x_wconf 91' lang='lat' dir='ltr'>in</span> <span class='ocrx_word' id='word_1_164' title='bbox 724 2245 826 2298; x_wconf 84' lang='lat' dir='ltr'>vetere</span> <span class='ocrx_word' id='word_1_165' title='bbox 843 2245 1019 2300; x_wconf 88' lang='lat' dir='ltr'>testamento</span> <span class='ocrx_word' id='word_1_166' title='bbox 1035 2236 1226 2301; x_wconf 87' lang='lat' dir='ltr'>contineban-</span> 
     </span>
     <span class='ocr_line' id='line_1_20' title="bbox 73 2337 660 2422; baseline -0.005 -19"><span class='ocrx_word' id='word_1_167' title='bbox 73 2350 120 2403; x_wconf 90' lang='lat' dir='ltr'>tur</span> <span class='ocrx_word' id='word_1_168' title='bbox 141 2341 170 2403; x_wconf 90' lang='lat' dir='ltr'>iu</span> <span class='ocrx_word' id='word_1_169' title='bbox 194 2360 271 2402; x_wconf 86' lang='lat' dir='ltr'>novo</span> <span class='ocrx_word' id='word_1_170' title='bbox 294 2337 411 2422; x_wconf 89' lang='lat' dir='ltr'>impleta</span> <span class='ocrx_word' id='word_1_171' title='bbox 434 2357 501 2401; x_wconf 91' lang='lat' dir='ltr'>esse</span> <span class='ocrx_word' id='word_1_172' title='bbox 523 2339 660 2401; x_wconf 89' lang='lat' dir='ltr'>lateator.</span> 
     </span>
     <span class='ocr_line' id='line_1_21' title="bbox 157 2437 1376 2522; baseline 0.001 -16"><span class='ocrx_word' id='word_1_173' title='bbox 157 2440 258 2506; x_wconf 88' lang='lat' dir='ltr'>Schol.</span> <span class='ocrx_word' id='word_1_174' title='bbox 275 2437 337 2504; x_wconf 91' lang='lat' dir='ltr'>Xll</span> <span class='ocrx_word' id='word_1_175' title='bbox 356 2450 386 2503; x_wconf 90' lang='grc' dir='ltr'>ει</span> <span class='ocrx_word' id='word_1_176' title='bbox 401 2437 478 2503; x_wconf 84' lang='lat' dir='ltr'>XX.</span> <span class='ocrx_word' id='word_1_177' title='bbox 514 2444 573 2502; x_wconf 88' lang='lat' dir='ltr'>Sed</span> <span class='ocrx_word' id='word_1_178' title='bbox 592 2445 660 2502; x_wconf 84' lang='lat' dir='ltr'>deus</span> <span class='ocrx_word' id='word_1_179' title='bbox 682 2446 845 2522; x_wconf 80' lang='lat' dir='ltr'>temperavit</span> <span class='ocrx_word' id='word_1_180' title='bbox 866 2463 977 2521; x_wconf 78' lang='lat' dir='ltr'>corpus.</span> <span class='ocrx_word' id='word_1_181' title='bbox 1243 2451 1376 2507; x_wconf 67' lang='lat' dir='ltr'>cop-mas.</span> 
     </span>
     <span class='ocr_line' id='line_1_22' title="bbox 155 2538 1226 2629; baseline 0.002 -23"><span class='ocrx_word' id='word_1_182' title='bbox 155 2542 258 2608; x_wconf 84' lang='lat' dir='ltr'>llelut.</span> <span class='ocrx_word' id='word_1_183' title='bbox 274 2539 336 2606; x_wconf 87' lang='lat' dir='ltr'>Xll</span> <span class='ocrx_word' id='word_1_184' title='bbox 354 2553 384 2605; x_wconf 92' lang='lat' dir='ltr'>et</span> <span class='ocrx_word' id='word_1_185' title='bbox 396 2538 474 2605; x_wconf 87' lang='lat' dir='ltr'>XX.</span> <span class='ocrx_word' id='word_1_186' title='bbox 509 2539 542 2606; x_wconf 94' lang='lat' dir='ltr'>Si</span> <span class='ocrx_word' id='word_1_187' title='bbox 559 2563 666 2629; x_wconf 87' lang='lat' dir='ltr'>corpus</span> <span class='ocrx_word' id='word_1_188' title='bbox 681 2566 699 2606; x_wconf 89' lang='lat' dir='ltr'>a</span> <span class='ocrx_word' id='word_1_189' title='bbox 713 2544 768 2607; x_wconf 92' lang='lat' dir='ltr'>deo</span> <span class='ocrx_word' id='word_1_190' title='bbox 784 2553 973 2628; x_wconf 88' lang='lat' dir='ltr'>temperatum</span> <span class='ocrx_word' id='word_1_191' title='bbox 990 2552 1047 2621; x_wconf 90' lang='lat' dir='ltr'>est,</span> <span class='ocrx_word' id='word_1_192' title='bbox 1070 2565 1125 2606; x_wconf 91' lang='lat' dir='ltr'>nec</span> <span class='ocrx_word' id='word_1_193' title='bbox 1139 2544 1226 2608; x_wconf 87' lang='lat' dir='ltr'>alium</span> 
     </span>
     <span class='ocr_line' id='line_1_23' title="bbox 73 2644 1227 2731; baseline 0.001 -22"><span class='ocrx_word' id='word_1_194' title='bbox 73 2667 278 2731; x_wconf 86' lang='lat' dir='ltr'>quamverum</span> <span class='ocrx_word' id='word_1_195' title='bbox 297 2646 381 2709; x_wconf 93' lang='lat' dir='ltr'>deum</span> <span class='ocrx_word' id='word_1_196' title='bbox 399 2644 548 2729; x_wconf 86' lang='lat' dir='ltr'>apostolus</span> <span class='ocrx_word' id='word_1_197' title='bbox 566 2645 726 2731; x_wconf 85' lang='lat' dir='ltr'>praedicat,</span> <span class='ocrx_word' id='word_1_198' title='bbox 750 2647 874 2710; x_wconf 91' lang='lat' dir='ltr'>eundem</span> <span class='ocrx_word' id='word_1_199' title='bbox 890 2666 978 2731; x_wconf 89' lang='lat' dir='ltr'>porro</span> <span class='ocrx_word' id='word_1_200' title='bbox 994 2646 1078 2708; x_wconf 92' lang='lat' dir='ltr'>deum</span> <span class='ocrx_word' id='word_1_201' title='bbox 1095 2646 1227 2731; x_wconf 91' lang='lat' dir='ltr'>eorporis</span> 
     </span>
     <span class='ocr_line' id='line_1_24' title="bbox 72 2745 1295 2833; baseline 0.001 -21"><span class='ocrx_word' id='word_1_202' title='bbox 72 2748 201 2812; x_wconf 92' lang='lat' dir='ltr'>membra</span> <span class='ocrx_word' id='word_1_203' title='bbox 219 2759 399 2833; x_wconf 85' lang='lat' dir='ltr'>temperasse</span> <span class='ocrx_word' id='word_1_204' title='bbox 415 2768 449 2810; x_wconf 93' lang='lat' dir='ltr'>ac</span> <span class='ocrx_word' id='word_1_205' title='bbox 465 2748 612 2812; x_wconf 83' lang='lat' dir='ltr'>formasse</span> <span class='ocrx_word' id='word_1_206' title='bbox 627 2748 798 2828; x_wconf 89' lang='lat' dir='ltr'>conlitetnr,</span> <span class='ocrx_word' id='word_1_207' title='bbox 818 2768 880 2813; x_wconf 91' lang='lat' dir='ltr'>uon</span> <span class='ocrx_word' id='word_1_208' title='bbox 891 2748 978 2812; x_wconf 89' lang='lat' dir='ltr'>alium</span> <span class='ocrx_word' id='word_1_209' title='bbox 994 2749 1126 2833; x_wconf 90' lang='lat' dir='ltr'>prolecto</span> <span class='ocrx_word' id='word_1_210' title='bbox 1142 2750 1227 2813; x_wconf 91' lang='lat' dir='ltr'>deum</span> <span class='ocrx_word' id='word_1_211' title='bbox 1292 2745 1295 2748; x_wconf 70' lang='grc'><strong>’</strong></span> 
     </span>
     <span class='ocr_line' id='line_1_25' title="bbox 73 2849 1230 2935; baseline 0 -21"><span class='ocrx_word' id='word_1_212' title='bbox 73 2872 158 2935; x_wconf 89' lang='lat' dir='ltr'>qnam</span> <span class='ocrx_word' id='word_1_213' title='bbox 175 2851 355 2913; x_wconf 91' lang='lat' dir='ltr'>conditorem</span> <span class='ocrx_word' id='word_1_214' title='bbox 373 2849 480 2934; x_wconf 92' lang='lat' dir='ltr'>ipsum,</span> <span class='ocrx_word' id='word_1_215' title='bbox 504 2861 534 2913; x_wconf 91' lang='lat' dir='ltr'>et</span> <span class='ocrx_word' id='word_1_216' title='bbox 551 2850 666 2935; x_wconf 91' lang='lat' dir='ltr'>quidem</span> <span class='ocrx_word' id='word_1_217' title='bbox 680 2850 788 2916; x_wconf 92' lang='lat' dir='ltr'>bonum</span> <span class='ocrx_word' id='word_1_218' title='bbox 807 2862 837 2915; x_wconf 87' lang='lat' dir='ltr'>et</span> <span class='ocrx_word' id='word_1_219' title='bbox 853 2863 1018 2916; x_wconf 90' lang='lat' dir='ltr'>creatorem</span> <span class='ocrx_word' id='word_1_220' title='bbox 1033 2863 1064 2917; x_wconf 92' lang='lat' dir='ltr'>et</span> <span class='ocrx_word' id='word_1_221' title='bbox 1077 2851 1184 2916; x_wconf 87' lang='lat' dir='ltr'>iustum</span> <span class='ocrx_word' id='word_1_222' title='bbox 1200 2863 1230 2915; x_wconf 91' lang='lat' dir='ltr'>ct</span> 
     </span>
     <span class='ocr_line' id='line_1_26' title="bbox 73 2950 1229 3037; baseline 0.002 -21"><span class='ocrx_word' id='word_1_223' title='bbox 73 2953 255 3018; x_wconf 87' lang='lat' dir='ltr'>conditorem</span> <span class='ocrx_word' id='word_1_224' title='bbox 274 2952 402 3016; x_wconf 89' lang='lat' dir='ltr'>omnium</span> <span class='ocrx_word' id='word_1_225' title='bbox 421 2953 565 3036; x_wconf 90' lang='lat' dir='ltr'>agnoscit.</span> <span class='ocrx_word' id='word_1_226' title='bbox 611 2950 726 3037; x_wconf 73' lang='lat' dir='ltr'>Quibus</span> <span class='ocrx_word' id='word_1_227' title='bbox 746 2974 786 3018; x_wconf 83' lang='lat' dir='ltr'>ex</span> <span class='ocrx_word' id='word_1_228' title='bbox 804 2955 939 3020; x_wconf 91' lang='lat' dir='ltr'>omnibus</span> <span class='ocrx_word' id='word_1_229' title='bbox 959 2955 1045 3020; x_wconf 95' lang='lat' dir='ltr'>homo</span> <span class='ocrx_word' id='word_1_230' title='bbox 1065 2955 1229 3020; x_wconf 90' lang='lat' dir='ltr'>censendus</span> 
     </span>
     <span class='ocr_line' id='line_1_27' title="bbox 74 3055 1061 3144; baseline 0 -23"><span class='ocrx_word' id='word_1_231' title='bbox 74 3067 120 3121; x_wconf 89' lang='lat' dir='ltr'>est</span> <span class='ocrx_word' id='word_1_232' title='bbox 141 3055 302 3120; x_wconf 86' lang='lat' dir='ltr'>abeodem</span> <span class='ocrx_word' id='word_1_233' title='bbox 326 3066 393 3141; x_wconf 91' lang='lat' dir='ltr'>apte</span> <span class='ocrx_word' id='word_1_234' title='bbox 415 3055 477 3119; x_wconf 91' lang='lat' dir='ltr'>sois</span> <span class='ocrx_word' id='word_1_235' title='bbox 500 3055 631 3142; x_wconf 86' lang='lat' dir='ltr'>partibus</span> <span class='ocrx_word' id='word_1_236' title='bbox 653 3056 849 3141; x_wconf 86' lang='lat' dir='ltr'>membrisque</span> <span class='ocrx_word' id='word_1_237' title='bbox 872 3069 1061 3144; x_wconf 83' lang='lat' dir='ltr'>temperatus.</span> 
     </span>
     <span class='ocr_line' id='line_1_28' title="bbox 158 3154 1379 3247; baseline -0.006 -25"><span class='ocrx_word' id='word_1_238' title='bbox 158 3154 261 3222; x_wconf 90' lang='lat' dir='ltr'>Sebol.</span> <span class='ocrx_word' id='word_1_239' title='bbox 278 3155 355 3222; x_wconf 88' lang='lat' dir='ltr'>Xlll</span> <span class='ocrx_word' id='word_1_240' title='bbox 373 3168 403 3222; x_wconf 88' lang='lat' dir='ltr'>et</span> <span class='ocrx_word' id='word_1_241' title='bbox 421 3155 513 3222; x_wconf 83' lang='lat' dir='ltr'><strong>XXI.</strong></span> <span class='ocrx_word' id='word_1_242' title='bbox 546 3156 706 3244; x_wconf 90' lang='lat' dir='ltr'>Perperom</span> <span class='ocrx_word' id='word_1_243' title='bbox 726 3158 783 3225; x_wconf 90' lang='lat' dir='ltr'>ista</span> <span class='ocrx_word' id='word_1_244' title='bbox 802 3160 954 3247; x_wconf 82' lang='lat' dir='ltr'>concepit:</span> <span class='ocrx_word' id='word_1_245' title='bbox 987 3165 1046 3224; x_wconf 87' lang='lat' dir='ltr'>Sed</span> <span class='ocrx_word' id='word_1_246' title='bbox 1063 3165 1092 3222; x_wconf 78' lang='lat' dir='ltr'>in</span> <span class='ocrx_word' id='word_1_247' title='bbox 1111 3165 1228 3223; x_wconf 78' lang='lat' dir='ltr'>eeelesr&#39;o</span> <span class='ocrx_word' id='word_1_248' title='bbox 1242 3171 1379 3229; x_wconf 67' lang='lat' dir='ltr'>capiere.</span> 
     </span>
     <span class='ocr_line' id='line_1_29' title="bbox 73 3261 1226 3350; baseline 0.002 -25"><span class='ocrx_word' id='word_1_249' title='bbox 73 3265 135 3326; x_wconf 85' lang='lat' dir='ltr'>uolo</span> <span class='ocrx_word' id='word_1_250' title='bbox 151 3266 274 3344; x_wconf 72' lang='lat' dir='ltr'>queisque</span> <span class='ocrx_word' id='word_1_251' title='bbox 288 3264 373 3324; x_wconf 82' lang='lat' dir='ltr'>uerbo</span> <span class='ocrx_word' id='word_1_252' title='bbox 386 3284 471 3324; x_wconf 83' lang='lat' dir='ltr'>sensu</span> <span class='ocrx_word' id='word_1_253' title='bbox 488 3284 546 3324; x_wconf 87' lang='lat' dir='ltr'>meo</span> <span class='ocrx_word' id='word_1_254' title='bbox 561 3265 654 3344; x_wconf 80' lang='lat' dir='ltr'>loqui:</span> <span class='ocrx_word' id='word_1_255' title='bbox 679 3261 766 3327; x_wconf 86' lang='lat' dir='ltr'>aliter</span> <span class='ocrx_word' id='word_1_256' title='bbox 782 3263 858 3327; x_wconf 88' lang='lat' dir='ltr'>enirn</span> <span class='ocrx_word' id='word_1_257' title='bbox 879 3262 1008 3350; x_wconf 85' lang='lat' dir='ltr'>scripsit,</span> <span class='ocrx_word' id='word_1_258' title='bbox 1033 3275 1063 3327; x_wconf 88' lang='lat' dir='ltr'>et</span> <span class='ocrx_word' id='word_1_259' title='bbox 1078 3266 1112 3325; x_wconf 82' lang='lat' dir='ltr'>od</span> <span class='ocrx_word' id='word_1_260' title='bbox 1128 3268 1226 3345; x_wconf 86' lang='lat' dir='ltr'>legem,</span> 
     </span>
     <span class='ocr_line' id='line_1_30' title="bbox 72 3365 191 3430; baseline -0.025 0"><span class='ocrx_word' id='word_1_261' title='bbox 72 3365 191 3430; x_wconf 85' lang='lat' dir='ltr'>adiecit.</span> 
     </span>
     <span class='ocr_line' id='line_1_31' title="bbox 158 3465 1230 3555; baseline 0.003 -25"><span class='ocrx_word' id='word_1_262' title='bbox 158 3466 260 3531; x_wconf 84' lang='lat' dir='ltr'>Relut.</span> <span class='ocrx_word' id='word_1_263' title='bbox 276 3465 353 3532; x_wconf 89' lang='lat' dir='ltr'>Xlll</span> <span class='ocrx_word' id='word_1_264' title='bbox 371 3477 401 3531; x_wconf 92' lang='lat' dir='ltr'>et</span> <span class='ocrx_word' id='word_1_265' title='bbox 414 3465 506 3532; x_wconf 85' lang='lat' dir='ltr'>XXl.</span> <span class='ocrx_word' id='word_1_266' title='bbox 540 3466 675 3554; x_wconf 87' lang='lat' dir='ltr'>Linguae</span> <span class='ocrx_word' id='word_1_267' title='bbox 689 3469 809 3554; x_wconf 86' lang='lat' dir='ltr'>igitora</span> <span class='ocrx_word' id='word_1_268' title='bbox 826 3470 945 3555; x_wconf 86' lang='lat' dir='ltr'>spiritus</span> <span class='ocrx_word' id='word_1_269' title='bbox 963 3469 1057 3534; x_wconf 87' lang='lat' dir='ltr'>sancti</span> <span class='ocrx_word' id='word_1_270' title='bbox 1073 3470 1167 3554; x_wconf 88' lang='lat' dir='ltr'>gratia</span> <span class='ocrx_word' id='word_1_271' title='bbox 1180 3470 1230 3533; x_wconf 91' lang='lat' dir='ltr'>de-</span> 
     </span>
     <span class='ocr_line' id='line_1_32' title="bbox 7 3568 1230 3658; baseline 0.005 -27"><span class='ocrx_word' id='word_1_272' title='bbox 7 3616 11 3631; x_wconf 89' lang='lat'><em>.</em></span> <span class='ocrx_word' id='word_1_273' title='bbox 74 3571 220 3638; x_wconf 89' lang='lat' dir='ltr'>rivantur.</span> <span class='ocrx_word' id='word_1_274' title='bbox 265 3568 419 3635; x_wconf 87' lang='lat' dir='ltr'>Eiusmodi</span> <span class='ocrx_word' id='word_1_275' title='bbox 443 3593 549 3657; x_wconf 92' lang='lat' dir='ltr'>porro,</span> <span class='ocrx_word' id='word_1_276' title='bbox 582 3573 617 3637; x_wconf 91' lang='lat' dir='ltr'>de</span> <span class='ocrx_word' id='word_1_277' title='bbox 641 3571 745 3657; x_wconf 90' lang='lat' dir='ltr'>quibos</span> <span class='ocrx_word' id='word_1_278' title='bbox 768 3572 916 3658; x_wconf 90' lang='lat' dir='ltr'>apostolus</span> <span class='ocrx_word' id='word_1_279' title='bbox 938 3572 1082 3657; x_wconf 90' lang='lat' dir='ltr'>loquitur,</span> <span class='ocrx_word' id='word_1_280' title='bbox 1114 3572 1230 3657; x_wconf 88' lang='lat' dir='ltr'>liuguae</span> 
     </span>
     <span class='ocr_line' id='line_1_33' title="bbox 74 3673 1230 3761; baseline -0.001 -22"><span class='ocrx_word' id='word_1_281' title='bbox 74 3685 159 3755; x_wconf 90' lang='lat' dir='ltr'>sunt,</span> <span class='ocrx_word' id='word_1_282' title='bbox 184 3684 217 3737; x_wconf 91' lang='lat' dir='ltr'>nt</span> <span class='ocrx_word' id='word_1_283' title='bbox 231 3695 291 3738; x_wconf 90' lang='lat' dir='ltr'>ooo</span> <span class='ocrx_word' id='word_1_284' title='bbox 310 3673 474 3738; x_wconf 84' lang='lat' dir='ltr'>Hebraicas</span> <span class='ocrx_word' id='word_1_285' title='bbox 490 3675 577 3738; x_wconf 88' lang='lat' dir='ltr'>modo</span> <span class='ocrx_word' id='word_1_286' title='bbox 595 3696 686 3740; x_wconf 89' lang='lat' dir='ltr'>voces</span> <span class='ocrx_word' id='word_1_287' title='bbox 703 3675 968 3761; x_wconf 85' lang='lat' dir='ltr'>comprehendant,</span> <span class='ocrx_word' id='word_1_288' title='bbox 994 3696 1069 3761; x_wconf 88' lang='lat' dir='ltr'>quae</span> <span class='ocrx_word' id='word_1_289' title='bbox 1083 3674 1114 3739; x_wconf 92' lang='lat' dir='ltr'>in</span> <span class='ocrx_word' id='word_1_290' title='bbox 1130 3675 1230 3761; x_wconf 87' lang='lat' dir='ltr'>siugu-</span> 
     </span>
     <span class='ocr_line' id='line_1_34' title="bbox 72 3777 1228 3863; baseline -0.002 -19"><span class='ocrx_word' id='word_1_291' title='bbox 72 3779 110 3844; x_wconf 94' lang='lat' dir='ltr'>lis</span> <span class='ocrx_word' id='word_1_292' title='bbox 126 3777 277 3845; x_wconf 86' lang='lat' dir='ltr'>vocabolis</span> <span class='ocrx_word' id='word_1_293' title='bbox 295 3777 473 3862; x_wconf 91' lang='lat' dir='ltr'>praeclarem</span> <span class='ocrx_word' id='word_1_294' title='bbox 491 3779 634 3862; x_wconf 90' lang='lat' dir='ltr'>quandam</span> <span class='ocrx_word' id='word_1_295' title='bbox 652 3799 686 3842; x_wconf 89' lang='lat' dir='ltr'>ec</span> <span class='ocrx_word' id='word_1_296' title='bbox 705 3781 868 3863; x_wconf 91' lang='lat' dir='ltr'>sapientem</span> <span class='ocrx_word' id='word_1_297' title='bbox 885 3778 1057 3843; x_wconf 85' lang='lat' dir='ltr'>varietatem</span> <span class='ocrx_word' id='word_1_298' title='bbox 1076 3778 1228 3859; x_wconf 84' lang='lat' dir='ltr'>exhibent,</span> 
     </span>
     <span class='ocr_line' id='line_1_35' title="bbox 74 3879 1231 3966; baseline -0.001 -20"><span class='ocrx_word' id='word_1_299' title='bbox 74 3881 125 3946; x_wconf 91' lang='lat' dir='ltr'>sed</span> <span class='ocrx_word' id='word_1_300' title='bbox 155 3891 186 3945; x_wconf 89' lang='lat' dir='ltr'>et</span> <span class='ocrx_word' id='word_1_301' title='bbox 212 3879 270 3944; x_wconf 91' lang='lat' dir='ltr'>alia</span> <span class='ocrx_word' id='word_1_302' title='bbox 292 3900 408 3964; x_wconf 91' lang='lat' dir='ltr'>quoque</span> <span class='ocrx_word' id='word_1_303' title='bbox 432 3881 600 3945; x_wconf 88' lang='lat' dir='ltr'>idiomatum</span> <span class='ocrx_word' id='word_1_304' title='bbox 625 3881 808 3961; x_wconf 90' lang='lat' dir='ltr'>discrimina,</span> <span class='ocrx_word' id='word_1_305' title='bbox 843 3902 917 3966; x_wconf 90' lang='lat' dir='ltr'>quae</span> <span class='ocrx_word' id='word_1_306' title='bbox 942 3882 1072 3947; x_wconf 92' lang='lat' dir='ltr'>nonnulli</span> <span class='ocrx_word' id='word_1_307' title='bbox 1097 3881 1231 3948; x_wconf 87' lang='lat' dir='ltr'>Graecae</span> 
     </span>
     <span class='ocr_line' id='line_1_36' title="bbox 75 3981 1233 4069; baseline 0.001 -22"><span class='ocrx_word' id='word_1_308' title='bbox 75 3984 193 4068; x_wconf 90' lang='lat' dir='ltr'>linguae</span> <span class='ocrx_word' id='word_1_309' title='bbox 218 3981 320 4068; x_wconf 89' lang='lat' dir='ltr'>periti,</span> <span class='ocrx_word' id='word_1_310' title='bbox 353 3983 400 4046; x_wconf 91' lang='lat' dir='ltr'>cui</span> <span class='ocrx_word' id='word_1_311' title='bbox 422 3982 527 4047; x_wconf 90' lang='lat' dir='ltr'>insitus</span> <span class='ocrx_word' id='word_1_312' title='bbox 550 3984 664 4069; x_wconf 92' lang='lat' dir='ltr'>quidam</span> <span class='ocrx_word' id='word_1_313' title='bbox 690 3986 781 4049; x_wconf 86' lang='lat' dir='ltr'>iustos</span> <span class='ocrx_word' id='word_1_314' title='bbox 807 4006 841 4049; x_wconf 89' lang='lat' dir='ltr'>ac</span> <span class='ocrx_word' id='word_1_315' title='bbox 869 3984 984 4048; x_wconf 87' lang='lat' dir='ltr'>vanitas</span> <span class='ocrx_word' id='word_1_316' title='bbox 1009 3996 1070 4065; x_wconf 91' lang='lat' dir='ltr'>est,</span> <span class='ocrx_word' id='word_1_317' title='bbox 1103 3985 1233 4069; x_wconf 88' lang='lat' dir='ltr'>gloriose</span> 
     </span>
     <span class='ocr_line' id='line_1_37' title="bbox 74 4084 1232 4174; baseline -0.002 -23"><span class='ocrx_word' id='word_1_318' title='bbox 74 4086 238 4164; x_wconf 85' lang='lat' dir='ltr'>iactabant,</span> <span class='ocrx_word' id='word_1_319' title='bbox 264 4084 356 4168; x_wconf 86' lang='lat' dir='ltr'>qualis</span> <span class='ocrx_word' id='word_1_320' title='bbox 374 4096 421 4149; x_wconf 91' lang='lat' dir='ltr'>est</span> <span class='ocrx_word' id='word_1_321' title='bbox 438 4086 556 4166; x_wconf 82' lang='lat' dir='ltr'>Attica,</span> <span class='ocrx_word' id='word_1_322' title='bbox 582 4086 705 4151; x_wconf 81' lang='lat' dir='ltr'>Aeolica</span> <span class='ocrx_word' id='word_1_323' title='bbox 725 4107 760 4150; x_wconf 89' lang='lat' dir='ltr'>ae</span> <span class='ocrx_word' id='word_1_324' title='bbox 778 4085 889 4151; x_wconf 87' lang='lat' dir='ltr'>Dorica</span> <span class='ocrx_word' id='word_1_325' title='bbox 907 4088 1087 4174; x_wconf 90' lang='lat' dir='ltr'>proprietas,</span> <span class='ocrx_word' id='word_1_326' title='bbox 1113 4109 1232 4172; x_wconf 89' lang='lat' dir='ltr'>quarum</span> 
     </span>
    </p>
   </div>
   <div class='ocr_carea' id='block_1_3' title="bbox 75 4181 1233 4688">
    <p class='ocr_par' dir='ltr' id='par_1_3' title="bbox 77 4181 1230 4271">
     <span class='ocr_line' id='line_1_38' title="bbox 77 4181 1230 4271; baseline 0.001 -17"><span class='ocrx_word' id='word_1_327' title='bbox 77 4181 143 4254; x_wconf 78' lang='lat' dir='ltr'>lreti</span> <span class='ocrx_word' id='word_1_328' title='bbox 166 4187 290 4267; x_wconf 83' lang='lat' dir='ltr'>scientia</span> <span class='ocrx_word' id='word_1_329' title='bbox 312 4188 443 4252; x_wconf 86' lang='lat' dir='ltr'>nonnulli</span> <span class='ocrx_word' id='word_1_330' title='bbox 464 4187 564 4254; x_wconf 89' lang='lat' dir='ltr'>turbas</span> <span class='ocrx_word' id='word_1_331' title='bbox 583 4188 649 4254; x_wconf 93' lang='lat' dir='ltr'>illas</span> <span class='ocrx_word' id='word_1_332' title='bbox 670 4185 804 4255; x_wconf 87' lang='lat' dir='ltr'>Corinthi</span> <span class='ocrx_word' id='word_1_333' title='bbox 823 4211 858 4254; x_wconf 91' lang='lat' dir='ltr'>ac</span> <span class='ocrx_word' id='word_1_334' title='bbox 875 4190 1036 4256; x_wconf 90' lang='lat' dir='ltr'>seditiones</span> <span class='ocrx_word' id='word_1_335' title='bbox 1052 4190 1230 4271; x_wconf 84' lang='lat' dir='ltr'>excitarant,</span> 
     </span>
    </p>

    <p class='ocr_par' dir='ltr' id='par_1_4' title="bbox 75 4291 1233 4688">
     <span class='ocr_line' id='line_1_39' title="bbox 109 4291 1232 4414; baseline -0.002 -16"><span class='ocrx_word' id='word_1_336' title='bbox 109 4291 284 4406; x_wconf 48' lang='lat' dir='ltr'>itinerans</span> <span class='ocrx_word' id='word_1_337' title='bbox 296 4335 389 4412; x_wconf 70' lang='grc' dir='ltr'><strong>ηὔχουν</strong></span> <span class='ocrx_word' id='word_1_338' title='bbox 403 4337 520 4405; x_wconf 75' lang='lat' dir='ltr'>rarlepro</span> <span class='ocrx_word' id='word_1_339' title='bbox 532 4336 637 4413; x_wconf 74' lang='lat' dir='ltr'>ndqerio·</span> <span class='ocrx_word' id='word_1_340' title='bbox 671 4343 838 4396; x_wconf 81' lang='lat' dir='ltr'>locutionibus</span> <span class='ocrx_word' id='word_1_341' title='bbox 854 4355 922 4398; x_wconf 85' lang='lat' dir='ltr'>recte</span> <span class='ocrx_word' id='word_1_342' title='bbox 940 4364 995 4398; x_wconf 89' lang='lat' dir='ltr'>eum</span> <span class='ocrx_word' id='word_1_343' title='bbox 1011 4345 1132 4414; x_wconf 84' lang='lat' dir='ltr'>sapientia</span> <span class='ocrx_word' id='word_1_344' title='bbox 1148 4344 1232 4396; x_wconf 80' lang='lat' dir='ltr'>v&#39;nrie-</span> 
     </span>
     <span class='ocr_line' id='line_1_40' title="bbox 75 4413 1232 4480; baseline 0 -17"><span class='ocrx_word' id='word_1_345' title='bbox 75 4429 118 4473; x_wconf 83' lang='grc' dir='ltr'>τες</span> <span class='ocrx_word' id='word_1_346' title='bbox 136 4427 182 4478; x_wconf 82' lang='lat' dir='ltr'>quo</span> <span class='ocrx_word' id='word_1_347' title='bbox 201 4415 257 4464; x_wconf 82' lang='lat' dir='ltr'>oitr&#39;o</span> <span class='ocrx_word' id='word_1_348' title='bbox 273 4415 328 4463; x_wconf 68' lang='lat' dir='ltr'>tort</span> <span class='ocrx_word' id='word_1_349' title='bbox 343 4414 413 4476; x_wconf 76' lang='lat' dir='ltr'>culpo</span> <span class='ocrx_word' id='word_1_350' title='bbox 430 4414 544 4463; x_wconf 84' lang='lat' dir='ltr'>laborent</span> <span class='ocrx_word' id='word_1_351' title='bbox 580 4415 637 4464; x_wconf 80' lang='lat' dir='ltr'>Cor·</span> <span class='ocrx_word' id='word_1_352' title='bbox 671 4424 757 4480; x_wconf 83' lang='lat' dir='ltr'>gotes,</span> <span class='ocrx_word' id='word_1_353' title='bbox 773 4413 819 4464; x_wconf 87' lang='lat' dir='ltr'>sed</span> <span class='ocrx_word' id='word_1_354' title='bbox 836 4415 911 4465; x_wconf 85' lang='lat' dir='ltr'>etiem</span> <span class='ocrx_word' id='word_1_355' title='bbox 929 4416 1064 4467; x_wconf 77' lang='lat' dir='ltr'>fastuosam</span> <span class='ocrx_word' id='word_1_356' title='bbox 1081 4416 1232 4465; x_wconf 81' lang='lat' dir='ltr'>Graecorum</span> 
     </span>
     <span class='ocr_line' id='line_1_41' title="bbox 75 4478 1233 4550; baseline -0.002 -16"><span class='ocrx_word' id='word_1_357' title='bbox 75 4483 159 4534; x_wconf 56' lang='lat' dir='ltr'>nodus</span> <span class='ocrx_word' id='word_1_358' title='bbox 175 4485 257 4533; x_wconf 72' lang='lat' dir='ltr'>omit:</span> <span class='ocrx_word' id='word_1_359' title='bbox 275 4478 382 4546; x_wconf 83' lang='lat' dir='ltr'>Linguae</span> <span class='ocrx_word' id='word_1_360' title='bbox 396 4489 481 4530; x_wconf 79' lang='lat' dir='ltr'>eutem</span> <span class='ocrx_word' id='word_1_361' title='bbox 495 4480 580 4547; x_wconf 83' lang='lat' dir='ltr'>quales</span> <span class='ocrx_word' id='word_1_362' title='bbox 595 4479 637 4531; x_wconf 88' lang='lat' dir='ltr'>di·</span> <span class='ocrx_word' id='word_1_363' title='bbox 670 4482 780 4549; x_wconf 86' lang='lat' dir='ltr'>linguam</span> <span class='ocrx_word' id='word_1_364' title='bbox 795 4482 914 4533; x_wconf 84' lang='lat' dir='ltr'>iactantes</span> <span class='ocrx_word' id='word_1_365' title='bbox 930 4483 1039 4546; x_wconf 85' lang='lat' dir='ltr'>indicat,</span> <span class='ocrx_word' id='word_1_366' title='bbox 1058 4494 1083 4536; x_wconf 87' lang='lat' dir='ltr'>et</span> <span class='ocrx_word' id='word_1_367' title='bbox 1101 4483 1168 4550; x_wconf 90' lang='lat' dir='ltr'>qnod</span> <span class='ocrx_word' id='word_1_368' title='bbox 1185 4487 1233 4532; x_wconf 80' lang='lat' dir='ltr'>At-</span> 
     </span>
     <span class='ocr_line' id='line_1_42' title="bbox 77 4546 1233 4622; baseline -0.001 -21"><span class='ocrx_word' id='word_1_369' title='bbox 77 4549 112 4601; x_wconf 88' lang='lat' dir='ltr'>cit</span> <span class='ocrx_word' id='word_1_370' title='bbox 126 4546 281 4617; x_wconf 76' lang='lat' dir='ltr'>Apostolus?</span> <span class='ocrx_word' id='word_1_371' title='bbox 315 4549 375 4599; x_wconf 90' lang='lat' dir='ltr'>Non</span> <span class='ocrx_word' id='word_1_372' title='bbox 393 4547 474 4600; x_wconf 87' lang='lat' dir='ltr'>solnm</span> <span class='ocrx_word' id='word_1_373' title='bbox 489 4566 564 4600; x_wconf 85' lang='lat' dir='ltr'>voces</span> <span class='ocrx_word' id='word_1_374' title='bbox 581 4550 636 4599; x_wconf 84' lang='lat' dir='ltr'>He·</span> <span class='ocrx_word' id='word_1_375' title='bbox 670 4549 720 4600; x_wconf 85' lang='lat' dir='ltr'>tice</span> <span class='ocrx_word' id='word_1_376' title='bbox 737 4567 768 4601; x_wconf 79' lang='lat' dir='ltr'>ee</span> <span class='ocrx_word' id='word_1_377' title='bbox 785 4551 884 4603; x_wconf 84' lang='lat' dir='ltr'>Aeolice</span> <span class='ocrx_word' id='word_1_378' title='bbox 901 4561 927 4602; x_wconf 88' lang='lat' dir='ltr'>et</span> <span class='ocrx_word' id='word_1_379' title='bbox 941 4553 1034 4603; x_wconf 88' lang='lat' dir='ltr'>Dorice</span> <span class='ocrx_word' id='word_1_380' title='bbox 1051 4551 1151 4622; x_wconf 80' lang='lat' dir='ltr'>quidam</span> <span class='ocrx_word' id='word_1_381' title='bbox 1167 4550 1233 4619; x_wconf 88' lang='lat' dir='ltr'>opud</span> 
     </span>
     <span class='ocr_line' id='line_1_43' title="bbox 75 4615 1113 4688; baseline 0.005 -19"><span class='ocrx_word' id='word_1_382' title='bbox 75 4616 172 4671; x_wconf 84' lang='lat' dir='ltr'>braicos</span> <span class='ocrx_word' id='word_1_383' title='bbox 187 4615 354 4671; x_wconf 78' lang='lat' dir='ltr'>diversimode</span> <span class='ocrx_word' id='word_1_384' title='bbox 369 4634 399 4669; x_wconf 88' lang='lat' dir='ltr'>ac</span> <span class='ocrx_word' id='word_1_385' title='bbox 413 4616 481 4669; x_wconf 83' lang='lat' dir='ltr'>varie</span> <span class='ocrx_word' id='word_1_386' title='bbox 495 4616 521 4669; x_wconf 87' lang='lat' dir='ltr'>iu</span> <span class='ocrx_word' id='word_1_387' title='bbox 535 4617 636 4686; x_wconf 85' lang='lat' dir='ltr'>singulis</span> <span class='ocrx_word' id='word_1_388' title='bbox 673 4618 815 4672; x_wconf 80' lang='lat' dir='ltr'>Corinthios</span> <span class='ocrx_word' id='word_1_389' title='bbox 833 4619 994 4688; x_wconf 86' lang='lat' dir='ltr'>loquerentur</span> <span class='ocrx_word' id='word_1_390' title='bbox 1010 4628 1062 4674; x_wconf 87' lang='lat' dir='ltr'>cett.</span> <span class='ocrx_word' id='word_1_391' title='bbox 1111 4640 1113 4645; x_wconf 73' lang='grc'>’</span> 
     </span>
    </p>
   </div>
   <div class='ocr_carea' id='block_1_4' title="bbox 958 4708 1029 4775">
    <p class='ocr_par' dir='ltr' id='par_1_5' title="bbox 958 4708 1029 4775">
     <span class='ocr_line' id='line_1_44' title="bbox 958 4708 1029 4775; baseline -0.028 0"><span class='ocrx_word' id='word_1_392' title='bbox 958 4708 1029 4775; x_wconf 80' lang='lat'>42*</span> 
     </span>
    </p>
   </div>
   <div class='ocr_carea' id='block_1_5' title="bbox 0 0 1536 5084">
    <p class='ocr_par' dir='ltr' id='par_1_6' title="bbox 0 0 1536 5084">
     <span class='ocr_line' id='line_1_45' title="bbox 0 0 1536 5084; baseline 0 0"><span class='ocrx_word' id='word_1_393' title='bbox 0 0 1536 5084; x_wconf 95' lang='lat' dir='ltr'> </span> 
     </span>
    </p>
   </div>
  </div>
 </body>
</html>
