3046 5084
384 318 443 382 168
800 326 919 377 ειαατι
939 325 1105 377 εειιειιυιι

382 445 636 528 κατεξηραμμένην
653 444 685 508 ἐν
701 440 779 530 άγρρῖ
796 440 916 523 πληθῦν
931 440 1023 518 ξάλων
1038 466 1068 504 τε
1084 443 1134 504 καί
1150 443 1311 524 φρυγάνων
1325 444 1366 516 είς
1381 440 1516 507 κατάκαυ

383 567 430 612 σιν
449 547 670 628 έταιμαζαμένην
688 541 845 621 ὑποδείξω,
875 542 924 608 διά
942 543 974 607 τό
993 551 1028 630 τῇ
1045 540 1119 630 αῦτή
1137 543 1243 625 αἱρέσει
1259 551 1313 607 τοῦ
1330 546 1455 608 ἕλεεινοῦ
1473 552 1510 608 Ν

382 645 507 724 καλάαυ,
540 647 634 730 α’ίςπερ
657 643 693 710 δι’
712 649 913 730 ἕγκεντρισμαῦ
935 643 956 724 ἢ
977 643 1083 728 ψώρας
1098 642 1200 728 άγρίας
1219 643 1360 727 ήλέπρας
1376 647 1406 721 ἐξ
1422 647 1510 729 ἑτέρω

382 747 523 831 σωμάτων
539 750 620 830 ἕτερα
635 746 762 828 σώματα,
784 750 1051 830 παραφθείρεσθαι.
1091 745 1176 811 Οῦτω
1192 744 1250 810 άπό
1266 748 1373 830 μέρους
1387 749 1442 810 είσί
1459 768 1515 810 συν

380 852 527 932 ηνωμέναι
542 852 572 913 οἱ
584 849 731 933 λεγόμενοι
749 851 778 924 ἐξ
794 846 886 912 αάταῦ
901 850 952 910 καί
968 853 1025 910 τοῖν
1042 845 1100 931 πρό
1119 844 1223 926 αῦτοῦ,
1252 852 1388 928 Σίμωνος
1403 849 1436 912 δέ
1450 873 1523 930 φημ

381 953 505 1016 καὶτῶν
522 948 629 1028 άλλων,
651 948 789 1032 λαβόντες
803 946 855 1024 τάς
867 947 1031 1031 προφάσεις
1047 950 1210 1012 Γνωστικοί
1227 948 1415 1032 καλούμενοι,
1439 949 1513 1014 κατά

380 1074 501 1138 γνωσται
522 1052 553 1114 δὲ
575 1049 607 1114 τό
629 1056 689 1114 πᾶν
705 1049 754 1114 διά
770 1048 823 1130 τήν
841 1052 872 1113 ἒν
890 1058 953 1124 τοῖς
967 1049 1119 1135 πράγμασι
1135 1055 1186 1130 της
1203 1047 1376 1132 άκαθάρταν
1393 1053 1523 1135 ἐργασία

380 1152 479 1218 αῦτοῖν
495 1155 659 1234 μοχθηρίαν
674 1152 724 1214 καί
741 1153 953 1233 αἰσχρουργίαν.
995 1147 1047 1225 Ὡς
1062 1148 1182 1232 άληθῶς
1196 1149 1250 1235 γάρ
1266 1155 1315 1215 καλ
1331 1159 1436 1216 τοῦτον
1450 1150 1523 1237 πρδ

379 1251 475 1338 ὀλίγον
492 1250 771 1336 ἕγκρατευσάμενον,
794 1248 855 1313 εἶτα
872 1248 1039 1314 ἀποστάντα
1054 1259 1107 1333 τῆς
1125 1255 1304 1336 ἐγκρατείας,
1327 1257 1413 1335 δίκην
1428 1252 1512 1339 ῦδρω

380 1379 437 1428 πας
450 1361 503 1418 τοῦ
517 1355 638 1437 ἑρπετοῦ
651 1353 832 1434 καλουμένου
846 1354 875 1427 ἐξ
887 1349 1004 1416 ῦδάτων
1016 1356 1058 1428 είς
1069 1362 1123 1437 γῆν
1137 1351 1312 1430 άνελθόντος
1325 1357 1374 1419 καί
1388 1358 1429 1430 είς
1442 1353 1519 1420 ῦδω

382 1447 474 1530 αὖθις
488 1452 739 1537 άναστρέιμαντος,
762 1450 882 1540 καλάμῳ
900 1459 940 1540 τῷ
956 1456 987 1517 ἒν
1001 1457 1073 1537 χειρί
1087 1456 1205 1520 δοθέντι
1225 1462 1355 1542 Χριστοῦ
1371 1459 1523 1521 παίσαντε

380 1559 431 1621 καὶ
453 1554 601 1632 ὀλέσαντες
623 1557 671 1621 ἐπλ
696 1553 749 1630 τάς
770 1556 835 1637 έξής
856 1556 979 1640 αἱρέσεις
1000 1559 1173 1638 βαδίσωμεν.

280 1937 375 1995 met
468 1905 606 1973 ΚΑΤΑ
632 1904 740 1972 ΤΩΝ
766 1904 1096 1974 ΛΕΓΟΜΕΝΩΝ
1122 1906 1148 1973 Γ
1156 1905 1450 1993 ΝΩΣΤΙΚΩΝ,

705 2023 803 2111 ἕκτη,
829 2017 850 2111 ἠ
877 2021 935 2091 καὶ
961 2018 1092 2112 εἰκοστή
1119 2025 1208 2112 ἕκτη.

252 2195 317 2263 Κεφ.
335 2193 367 2247 α’.

471 2165 565 2230 Πάλιν
579 2157 660 2231 αὗται
675 2169 705 2230 αί
718 2166 877 2230 Γνωστικαλ
895 2163 1047 2249 διαφόρως
1060 2165 1119 2231 άπό
1135 2164 1242 2231 τοῦτον
1258 2165 1402 2249 φυόμενοι
1416 2164 1513 2251 ήπατη

385 2271 467 2352 μέυαι
485 2268 657 2352 άνθρωποι,
680 2267 774 2351 άίςπερ
791 2264 849 2331 άπό
866 2272 984 2351 πικρίας
1000 2270 1124 2349 καρποὶ,
1148 2265 1188 2343 οῖς
1203 2272 1290 2332 παντί
1305 2295 1346 2358 τφ
1361 2268 1450 2351 δῆλόν
1468 2273 1523 2334 ἔστ

383 2374 433 2438 καῖ
452 2368 589 2456 φωρατόν
604 2368 679 2454 πρός
694 2367 819 2450 δοκιμήν
837 2365 989 2449 άληθείας,
1012 2367 1048 2432 ου’
1064 2368 1155 2449 μόνον
1171 2372 1282 2451 είποιμι
1297 2379 1411 2446 πιστοῖς
1418 2421 1427 2449 ,
1456 2378 1523 2434 οιλλε

383 2473 455 2556 τάχα
476 2475 526 2537 καί
546 2470 693 2548 άπίστοις,
724 2473 756 2534 ἒν
776 2477 816 2556 τῷ
837 2471 938 2558 κόσμῳ
957 2468 1140 2551 ἐβλάστησαν.
1189 2469 1228 2536 Τό
1247 2469 1301 2556 γάρ
1322 2471 1433 2555 μήτραν
1455 2473 1522 2535 ικα

384 2574 554 2660 αἰσχρότητα
572 2574 676 2657 λέγειν,
706 2573 756 2635 καί
772 2569 808 2634 τά
826 2569 910 2649 άλλα,
940 2575 1002 2646 πῶς
1020 2568 1084 2652 οὐχί
1101 2574 1296 2658 καταγέλαστα
1315 2577 1418 2654 φανείη
1437 2579 1508 2636 πᾶσι

382 2675 571 2761 άνθριόποις,
582 2673 703 2754 Ἕλλησί
716 2697 746 2736 τε
762 2673 809 2736 καί
827 2670 1000 2756 βαρβάροις,
1024 2682 1128 2752 σοφοῖς
1142 2676 1237 2738 τεκαὶ
1253 2671 1400 2757 άνοήτοις;
1424 2672 1521 2738 Παλλί

383 2780 415 2843 δὲ
429 2773 566 2860 συμφορά
582 2777 632 2838 καί
648 2778 781 2858 μεγίστη,
810 2771 850 2848 αῖς
865 2776 970 2855 εἰπεῖν,
999 2779 1193 2858 ταλαιπωρία,
1219 2774 1290 2850 τοῦς
1305 2779 1336 2842 ἒν
1350 2774 1523 2862 καταγνάσε

382 2881 434 2944 καί
455 2881 485 2943 ἐν
506 2878 602 2963 πλάνη
624 2879 804 2940 ἔπισείεσθαι
824 2872 896 2957 ήμῖν
917 2881 975 2939 τοῖν
991 2878 1128 2960 αίρέσεων
1146 2874 1291 2962 άρχηγαδς
1308 2880 1359 2942 καί
1375 2880 1513 2943 έπανίστα

383 2990 457 3046 σθαι
476 2977 570 3062 όίςπερ
587 2977 743 3041 κνωδάλων
761 2982 892 3059 πλῆθος,
923 2975 1053 3059 ὀχλήσεις
1069 3003 1098 3041 τε
1114 2980 1165 3042 καί
1184 2982 1359 3060 δνςαδμίας,
1387 2978 1523 3063 κνισμαά

382 3108 413 3148 τε
433 3082 484 3146 καί
504 3077 675 3164 έπεντριβάς
693 3076 762 3160 ήμῖν
784 3081 976 3159 ἐμποιοῦντας
997 3079 1046 3143 διά
1067 3087 1119 3161 τῆς
1139 3087 1193 3145 τοῦ
1214 3086 1387 3162 μυθοποιοῦ
1407 3081 1519 3163 πλάνης

386 3177 477 3250 Οῦται
500 3183 531 3246 δὲ
554 3185 585 3246 οί
602 3179 697 3266 τούτῳ
717 3187 758 3268 τῷ
778 3181 915 3267 Νικολάῳ
937 3184 1171 3266 συνεζευγμέναι,
1199 3183 1286 3247 πάλιν
1307 3179 1358 3246 εἶπ’
1375 3181 1468 3249 αῦταῦ
1487 3211 1523 3247 ω·

383 3285 440 3352 άπό
458 3290 559 3371 αυρίον
576 3280 636 3348 ωὀῦ
651 3280 748 3362 όφεως
761 3281 928 3366 σκορπίοιή
945 3285 974 3359 ἐξ
989 3280 1120 3349 άσπίδων
1136 3285 1351 3370 γεγεννημέναι,
1373 3280 1439 3346 τινά
1454 3280 1511 3364 ήμῖ

383 3390 608 3472 παρειςφέρουσι
630 3388 813 3465 κενοφωνίας
836 3381 964 3467 ὀνόματα
986 3389 1035 3450 καί
1058 3390 1178 3468 βίβλους
1200 3385 1372 3462 πλάττουσι,
1402 3387 1507 3468 Νωρία

385 3488 448 3553 τινά
461 3495 563 3574 βίβλον
575 3496 739 3565 καλοῦντες,
757 3488 808 3550 καί
822 3490 850 3563 ἐξ
864 3485 1009 3563 ὑπονοίας
1021 3485 1188 3570 Ἑλληνικῆς
1203 3489 1429 3568 δεισιδαιμονίας
1441 3508 1512 3566 μετα

384 3598 536 3668 ποιοῦντες
554 3590 608 3674 τήν
624 3587 693 3674 παρ’
714 3587 815 3664 αὐτοῖς
831 3588 1018 3671 ταῖςἝλλησι
1033 3588 1161 3671 μυθώδη
1178 3592 1333 3677 ῥαψῳδίαν
1349 3589 1399 3651 καί
1415 3612 1513 3666 φαντα

383 3692 449 3753 σίαν
469 3691 545 3757 οῦτω
568 3691 600 3758 τό
623 3697 736 3774 ψεῦδος
759 3699 795 3780 τή
817 3689 940 3779 άληθείρι
962 3694 1191 3778 παραπλέκουσι.
1238 3688 1353 3772 Ταύτην
1376 3690 1432 3776 γάρ
1455 3710 1517 3771 φασ

383 3789 437 3872 τήν
457 3797 578 3875 Νωρίαν
600 3792 673 3858 εἶναι
693 3801 745 3859 τοῦ
766 3798 834 3858 Νιῦε
850 3803 982 3877 γυναῖκα.
1027 3800 1159 3858 Καλοῦσι
1176 3793 1208 3857 δέ
1227 3797 1364 3878 Νωρίαν,
1393 3790 1476 3868 ὅπως
1492 3817 1519 3855 τι

387 3887 578 3971 αἙλληνικῶς
598 3894 678 3981 παρά
699 3893 887 3976 τοῖςἝλλησι
905 3897 1127 3983 βαψφδηθέντα
1147 3892 1229 3959 αῦταλ
1247 3899 1442 3980 βαρβαρικοῖς
1461 3891 1515 3959 όνό

384 4015 453 4077 μασι
468 3994 709 4076 μεταποιήσαντες
727 4006 788 4072 τοῖς
801 3995 999 4080 ήπατημένοις
1012 3995 1080 4081 παρ’
1095 3994 1194 4061 αῦτοῖν
1207 4001 1372 4077 φαντασίαν
1385 3997 1515 4081 ἐργάσων

383 4123 445 4176 ται,
467 4100 517 4160 ἵνα
534 4093 571 4177 δή
586 4096 655 4160 καθ’
670 4100 821 4182 ἑρμηνείαν
835 4097 978 4180 ποιήσωσι
994 4097 1028 4164 τό
1043 4106 1096 4180 τῆς
1114 4097 1260 4184 θΠῦρρας
1276 4097 1381 4180 ίίναμα,
1405 4099 1500 4179 Νωρίι

381 4205 468 4264 ταῦτα
483 4196 683 4281 ὀνομάζοντες,
704 4199 805 4281 ἐπειδή
820 4198 875 4285 γάρ
894 4199 999 4285 Νουρά
1016 4203 1047 4266 έν
1061 4207 1097 4288 τῇ
1110 4197 1245 4287 Ἐβραΐδι
1256 4206 1315 4287 πῦρ
1332 4197 1369 4263 οῦ
1383 4194 1458 4263 κατά
1472 4193 1507 4259 τ’

416 4385 474 4437 Cn.
489 4389 508 4437 ῐ.
526 4417 560 4428 -
582 4387 605 4440 λ.
623 4388 732 4448 Suspicor
754 4381 809 4438 κατ’
832 4384 935 4456 αἰσχρά·
971 4392 1043 4472 ναμε.
1058 4394 1157 4472 ποιμα,
1173 4406 1221 4441 ιιοιι
1235 4395 1268 4441 επ
1284 4392 1310 4439 ιἰι
1324 4388 1376 4439 ανδ.
1391 4388 1489 4450 Μία.
1511 4422 1514 4428 ·

384 4471 628 4589 τηδῦίδὶκληιοιοῖς,
643 4524 706 4586 quod
721 4524 831 4576 Ραουῖαι
844 4539 874 4576 τε
888 4527 939 4577 ενδ.
972 4460 1030 4579 ωδ
1039 4473 1144 4591 Ῐίῦίδορᾰς
1159 4529 1210 4577 eod.
1225 4526 1297 4575 Vario.
