3046 5084
330 338 465 392 rananrr
481 339 543 391 nm.
554 341 575 391 r.
591 339 673 392 ron.
686 340 731 390 nr.
748 337 847 390 nnnc.
858 337 980 390 xxxiv.
1166 323 1227 392 tos

80 454 193 523 Decem
208 459 328 545 insuper
343 458 486 544 apostoli,
509 458 612 544 quibos
628 458 750 523 absente
764 455 879 521 Thoma
897 457 1028 522 dominus
1046 468 1111 543 post
1125 479 1225 522 resur·
1238 478 1313 521 nm

81 561 242 625 rectionem
260 561 408 647 apparuit,
439 559 468 623 bi
489 560 607 657 inquam
629 581 731 624 omnes
747 556 896 622 Decadem
915 558 1010 637 illam,
1041 580 1115 642 qnae
1134 560 1227 624 rideri
1240 528 1315 583 m

83 663 200 748 nequit,
224 684 265 727 ex
285 664 400 727 illorum
423 661 559 748 opinione
581 663 777 726 declararunt.

165 766 208 829 Ar
223 786 295 830 vero
312 764 495 843 ueteranis,
520 765 548 828 in
565 786 620 849 qna
634 766 765 828 delectus
781 763 829 827 illu
845 763 993 826 calamitas
1009 784 1042 827 aa
1058 765 1226 849 mysterium
1234 775 1378 844 crpxttt.

80 867 219 952 contigit,
244 889 300 953 qna
314 889 355 931 ex
370 866 532 930 calamitate
550 867 677 930 omnium
695 887 769 951 quae
786 866 921 928 videntur
937 865 1078 950 originem
1094 886 1228 930 manasse

81 970 238 1050 deliniunt,
274 970 379 1055 ubique
406 969 483 1032 clera
512 991 547 1032 ae
575 970 728 1033 manifesta
754 968 876 1051 vestigia
903 968 1025 1052 reperiri
1048 967 1225 1053 praedicunt.

82 1065 252 1137 Cuiusmodi
271 1082 339 1135 snut
355 1071 505 1135 duodecim
523 1069 620 1135 lacobi
640 1071 707 1149 lilii,
732 1069 866 1154 aquibus
886 1070 1035 1133 duodecim
1054 1080 1228 1154 propagatae
1241 1087 1379 1185 seruandi

80 1184 149 1238 aunt
165 1174 274 1254 tribua,
298 1184 327 1237 et
344 1174 485 1237 rationale
502 1194 590 1259 opere
607 1171 690 1236 vario
710 1182 897 1250 contextum,
930 1171 975 1235 cui
991 1172 1138 1235 duodecim
1157 1171 1227 1256 lapi·
1241 1141 1376 1263 Rfflpp

80 1276 132 1339 des
149 1275 253 1354 assuti,
277 1296 312 1340 ae
326 1274 516 1339 tintinnabula
533 1275 664 1338 totidem.
698 1274 781 1338 Adde
798 1275 907 1359 lapides
922 1273 1070 1338 duodecim
1089 1296 1105 1337 a
1122 1271 1227 1360 Moyse

79 1377 246 1442 submonte
261 1378 436 1455 oollocatos‚
461 1378 579 1462 parique
595 1397 717 1440 numero
732 1375 834 1462 partim
850 1376 944 1439 medio
959 1378 987 1440 in
1004 1375 1137 1455 domine,
1162 1395 1376 1462 par-rennuere

80 1481 130 1543 tim
145 1481 175 1543 in
190 1480 329 1544 ulteriore
344 1480 404 1565 ripa
419 1480 454 1541 ab
471 1477 559 1542 losue
574 1481 701 1564 positos3
725 1480 830 1563 quique
847 1480 1011 1542 testamenti
1028 1501 1123 1545 orcam
1139 1479 1227 1543 susti·

79 1593 222 1660 nnerunt,
254 1592 341 1666 atque
356 1582 422 1644 illos
439 1581 574 1666 insuper,
600 1603 672 1665 quos
690 1581 718 1644 in
736 1581 817 1644 vituli
835 1582 1004 1646 holocausto
1024 1581 1104 1645 Elias
1120 1593 1250 1667 suppo-³
1268 1592 1326 1646 Res·

79 1686 175 1750 ruisse
196 1684 315 1767 legitur.
361 1680 476 1765 Quibus
499 1693 530 1746 et
548 1684 743 1768 apostolorum
764 1705 902 1747 numerus
923 1685 1045 1748 accedit.
1091 1682 1225 1767 Denique
1244 1645 1321 1700 Μ’

78 1787 253 1871 ubicumque
272 1785 441 1849 duodenarii
462 1785 573 1848 numeri
596 1807 718 1870 aspersa
739 1786 848 1850 mentio
871 1798 933 1867 cst,
964 1787 992 1850 id
1013 1798 1148 1871 tanquam
1165 1785 1226 1849 Do-

79 1890 195 1954 deondis
216 1909 287 1952 suae
310 1889 430 1972 liguram
452 1888 605 1973 arripiunt.
650 1885 710 1950 lam
733 1885 955 1966 Tricensimum,
980 1890 1027 1974 qui
1050 1911 1086 1953 ex
1110 1890 1223 1952 illorum

79 1993 206 2057 oninium
225 1991 430 2055 coniunctione
447 1992 592 2069 nascitur,
617 1991 680 2055 eius
697 2011 800 2068 areae,
826 2013 909 2075 quarn
927 1990 1060 2055 Noe'mus
1077 1993 1221 2071 extruxit,
1238 2003 1322 2058 Genu.
1333 2005 1363 2048 tt.

77 2094 218 2158 tricenum
236 2094 397 2157 cubitorum
414 2094 534 2157 altitudo
551 2093 741 2157 demonstrat.
776 2091 890 2156 Deinde
908 2091 1025 2157 Samrrel
1042 2094 1088 2178 qni
1104 2093 1222 2158 Saulem
1234 2107 1375 2163 tues-w·

77 2198 318 2283 supratriginta,
350 2217 422 2281 quos
439 2197 473 2259 ad
493 2196 607 2281 epulum
625 2196 780 2274 invitarat,
811 2195 896 2258 iussit
915 2197 1097 2259 accumbere.
1144 2190 1221 2260 Tbnr
1236 2210 1254 2253 1-
1267 2210 1323 2264 nee.

75 2299 197 2386 insuper
216 2297 327 2378 David,
360 2309 501 2382 quatenus
524 2298 642 2383 triginta
666 2309 743 2363 totos
766 2299 873 2361 diesin
893 2299 1109 2382 ngrodelitnit3
1139 2311 1171 2363 nt
1194 2312 1223 2363 et
1239 2263 1272 2318 π’
1288 2265 1317 2308 ω’

75 2402 116 2466 illi
131 2402 180 2487 qui
195 2403 230 2464 ad
247 2403 340 2488 ipsum
356 2395 433 2464 sein
449 2400 612 2486 speluncam
630 2411 836 2486 aggregarunt.
874 2401 968 2486 Quam
986 2403 1071 2466 etiam
1088 2402 1123 2465 ob
1140 2424 1223 2466 anns·

76 2524 139 2568 sam
157 2504 275 2589 triginta
294 2504 406 2568 cubitos
424 2504 601 2568 tabernaculi
617 2504 766 2588 longitudo
783 2493 890 2589 patuit,
915 2527 948 2568 ac
966 2504 991 2567 si
1009 2527 1064 2589 qna
1081 2517 1149 2568 sunt
1166 2507 1222 2570 alia

75 2607 139 2694 pari
155 2607 362 2693 comprehensa
380 2627 517 2686 numero,
542 2628 625 2671 sunm
641 2607 678 2670 ad
694 2606 880 2670 tricenarium
896 2609 1140 2673 accommodando
1156 2631 1222 2674 esse

75 2711 219 2774 acerrime
241 2709 430 2773 contendunt.

160 2811 274 2897 Quibus
291 2812 424 2875 omnibns
442 2811 625 2895 adiungenda
644 2813 805 2897 scripturae
824 2811 988 2876 testimonia
1011 2815 1126 2899 putavi,
1159 2815 1221 2900 qui·
1255 2832 1312 2899 erp.

74 2916 129 2980 bus
145 2936 198 2978 ena
213 2915 263 2979 illa
279 2915 313 2977 de
327 2935 463 2999 supremo
478 2911 607 2977 Parente
620 2915 733 2978 somnia
749 2915 877 2979 stabilire
894 2927 1047 2993 conentur,
1072 2917 1120 3002 qni
1137 2931 1220 2983 ante·
1236 2899 1328 2952 xm·

76 3039 161 3104 quarn
178 3014 314 3082 Christus
330 3017 500 3097 adveniret,
524 3015 658 3080 omnibus
673 3029 736 3080 erat
754 3017 882 3102 ignotus.
928 3017 992 3081 Hoc
1010 3019 1086 3082 enim
1103 3022 1221 3084 dernon·

73 3131 170 3185 strare
189 3120 324 3200 student,
356 3117 474 3182 Patrem
497 3118 582 3182 alium
606 3140 690 3202 quarm
711 3119 841 3184 universi
861 3121 1041 3184 conditorem
1063 3144 1079 3184 a
1101 3119 1220 3187 Christo

74 3221 190 3287 domino
206 3223 296 3286 luisse
312 3222 525 3307 praedicatum:
550 3241 634 3305 quem
652 3222 751 3303 etiam,
769 3234 800 3286 nt
814 3234 881 3286 ante
895 3223 1033 3301 diximus,
1052 3245 1091 3288 ex
1105 3226 1219 3289 delectu

73 3335 209 3410 tanquam
231 3326 353 3388 fructum
371 3323 532 3388 effloruisse
547 3325 735 3388 contendunt.
783 3323 867 3408 Quod
886 3327 960 3389 enim
979 3324 1066 3389 lsaiac
1083 3327 1219 3412 propbeta

72 3427 164 3492 dixit:
194 3431 288 3489 Israel
303 3449 367 3489 vero
385 3449 428 3488 me
445 3450 501 3489 non
518 3432 662 3508 cognonit,
694 3440 723 3489 et
733 3433 856 3511 populus
873 3452 916 3490 nra
932 3453 987 3492 non
1003 3433 1156 3505 intellexit,
1187 3431 1215 3494 id
1229 3451 1283 3498 seat
1303 3456 1322 3511 1,
1335 3456 1355 3501 a.

72 3530 108 3595 ad
126 3528 202 3593 illios
218 3527 323 3615 Bptbi,
354 3529 401 3614 qni
420 3529 545 3593 discerni
565 3529 657 3594 oculis
677 3531 792 3614 nequit,
825 3533 1035 3614 ignorationem
1055 3552 1216 3598 accommo-
1230 3521 1312 3578 Μ’
1324 3525 1342 3569 ¹·

72 3635 153 3697 dant.
198 3629 274 3696 Tum
291 3633 377 3711 illnd,
407 3632 481 3716 quod
501 3643 547 3695 est
563 3634 637 3718 apud
656 3629 783 3711 Ossam,
815 3638 880 3695 Non
902 3648 945 3696 est
965 3640 993 3697 in
1016 3641 1083 3715 apsis
1102 3642 1367 3721 amatas,anrm.1a,n

70 3757 160 3819 nepam
178 3740 301 3816 cognitio
322 3740 382 3810 dei,
415 3736 517 3799 eodem
535 3737 720 3801 referendum
740 3737 920 3801 existimant.
965 3736 1055 3813 Item,
1087 3743 1152 3802 Non
1174 3755 1321 3827 astuosa,
1335 3770 1365 3815 11.

70 3843 123 3922 prn'
136 3841 293 3919 airtcllr‘got‚
316 3850 369 3900 out
384 3843 513 3921 repatriat
527 3844 623 3901 deum.-
648 3863 741 3902 omnes
756 3843 979 3915 declinaverunt,
1004 3846 1090 3903 sr‘nnd
1103 3848 1214 3907 ebuu'les
1273 3819 1304 3863 ¹²

67 3945 233 4025 saen'aunt,
257 3941 292 4004 ad
308 3941 428 4005 eandem
445 3939 532 4027 Bytbi
548 3941 760 4027 ignorationem
778 3944 966 4006 transierunt.
1012 3942 1084 4007 lllnd
1099 3946 1216 4032 insuper

71 4065 108 4109 eo
123 4044 270 4130 pertinere
286 4053 419 4122 censent,
443 4044 518 4128 quod
535 4046 608 4130 apud
625 4043 752 4130 Moysen
768 4045 884 4129 legitur,
908 4049 995 4109 Nemo
1008 4050 1112 4110 oadebr't
1122 4054 1212 4125 deum,

55 4159 98 4210 ,et
120 4151 201 4209 ornet.
247 4143 364 4209 Etenim
389 4147 568 4211 conditorem
592 4147 634 4211 illi
656 4148 800 4211 duntaxat
820 4169 837 4210 a
859 4150 1006 4234 prophetis
1028 4163 1213 4237 conspectum

72 4249 162 4314 luisse
181 4267 331 4336 perperam
350 4248 462 4312 volunt.
509 4245 587 4312 lstnd
610 4270 700 4313 veroa
731 4254 818 4311 Nemo
839 4253 943 4313 videbit
958 4257 1053 4328 derum,
1084 4267 1113 4316 et
1129 4261 1210 4331 viaet,

70 4354 106 4416 de
122 4349 273 4416 maiestate
289 4351 338 4416 illa
354 4370 428 4436 quae
445 4370 499 4414 nec
515 4350 605 4436 aspici
621 4350 712 4436 possit
730 4362 761 4415 et
775 4352 874 4437 ignota
888 4355 926 4417 sit
941 4356 1072 4420 omnibus
1087 4380 1212 4440 pronun-

103 4505 162 4577 Car.
175 4505 270 4559 thll.
283 4532 318 4545 -
335 4505 356 4556 1.
375 4507 423 4556 Vct.
436 4507 550 4586 interpres
560 4506 624 4557 ar'ae·
658 4508 700 4559 boe
716 4510 871 4569 reponendum
888 4514 961 4561 ruant
978 4513 1096 4564 Petuntur.

68 4579 106 4626 tur
119 4568 360 4642 nptm’dsapaatoa
374 4568 399 4629 δ’
412 4566 562 4641 ἧγησαμην.
594 4575 625 4625 ut
691 4575 715 4627 2.
733 4573 762 4630 dl
779 4592 824 4628 raon
841 4579 908 4629 babet
924 4581 974 4631 cod.
991 4583 1066 4632 tenet.
