3046 5084
387 341 522 394 PANARH
537 342 600 394 nte.
611 344 631 395 Ι.
646 343 727 396 ΤΟΜ.
741 344 773 396 ii.
789 343 888 395 mli.
902 343 1000 394 XXIX.
1203 333 1263 394 235

209 459 296 544 Quod
320 461 434 545 quidem
459 470 662 541 argumentum
685 461 803 523 nberius
825 472 1050 544 pertractatum,
1079 459 1208 546 quisquis
1231 483 1264 525 es
1283 480 1342 546 Cap.
1358 479 1388 529 v.

128 563 275 626 studiosus
293 563 325 626 iu
344 557 476 625 Philonia
496 560 712 624 commentariis
732 560 884 640 invenies,
912 582 1005 646 eoque
1027 560 1100 624 libro
1121 583 1206 646 qoem
1228 565 1265 626 de

127 661 254 728 lmsneis
276 662 441 744 inscripsit3
473 660 522 723 nbi
543 660 658 722 illorum
680 660 757 723 ritae
778 661 957 745 disciplinam
984 684 1019 724 nc
1041 663 1195 746 praeconia
1217 685 1265 726 ce·

127 765 261 842 inimus,
293 782 453 845 eorumque
482 761 678 840 monasteria,
710 780 785 845 qnae
811 762 846 824 ad
868 760 1030 826 Marianam
1057 763 1188 845 paludem
1210 764 1266 824 cir·

127 886 309 950 onmqnaqne
329 864 425 948 posite
447 873 515 929 eant
527 861 698 925 describens
718 884 777 926 non
791 865 827 925 de
844 863 909 927 aliia
925 863 1008 942 ullis,
1032 884 1116 947 qnam
1135 864 1170 925 de
1182 861 1267 926 Chri-

126 967 231 1030 stianis
251 967 308 1028 ista
325 964 465 1027 narrarit.
504 962 580 1027 Nem
597 985 662 1026 cnm
682 983 745 1028 eam
762 965 912 1048 regionem
930 966 1084 1028 lustrasset
1106 962 1268 1045 (Mareotes

127 1068 174 1130 hie
189 1067 279 1149 rotgo
294 1067 376 1128 locas
392 1066 507 1149 dicitnr)
523 1077 610 1148 etque
628 1066 664 1129 ad
678 1066 777 1150 ipsos,
802 1086 958 1149 eorumque
975 1066 1150 1130 monasteria
1171 1066 1268 1128 diven-

129 1168 233 1244 tisaet,
256 1187 389 1251 magnum
404 1167 440 1230 eh
455 1166 492 1229 iis
509 1167 660 1230 utilitatem
677 1168 801 1252 accepit.
846 1167 963 1232 Etenim
980 1190 1045 1231 enm
1063 1168 1133 1252 ipsis
1147 1167 1268 1250 pascha·

128 1269 204 1332 tibus
222 1269 303 1332 feriis
319 1268 386 1333 ilinc
403 1269 596 1346 accessisset,
619 1289 735 1332 omnem
757 1290 858 1332 eornm
880 1270 958 1334 vitae
980 1271 1122 1333 rationem
1145 1269 1266 1350 diiigen-

128 1380 177 1432 ter
192 1367 332 1454 inspexit,
355 1369 578 1453 observavitque
593 1371 750 1435 nonnullos
765 1382 854 1434 totam
870 1373 946 1435 illam
962 1382 1177 1435 sacrosanctum
1197 1370 1266 1432 heb-

129 1472 278 1535 domadem
299 1469 363 1533 cine
382 1472 441 1534 udo
459 1471 525 1534 cibo
549 1472 727 1555 transigere,
758 1473 831 1537 aiios
850 1475 970 1537 alternis
995 1475 1074 1537 iilum
1095 1472 1195 1535 diebus
1218 1493 1266 1533 ca-

130 1593 216 1656 pere,
238 1572 375 1656 quosdam
397 1592 469 1636 vero
485 1573 540 1636 snb
562 1594 728 1658 vesperam.
772 1571 968 1655 Quamobrem
986 1594 1182 1659 quaecumque
1204 1584 1266 1635 toto

128 1673 178 1736 ilio
195 1693 283 1758 opere
297 1694 314 1737 a
329 1671 451 1737 Philone
470 1684 590 1736 tractata
605 1685 689 1754 sont,
712 1694 748 1738 ea
765 1672 997 1740 Christianorum
1014 1677 1049 1740 ad
1064 1678 1147 1739 fidem
1165 1676 1267 1738 viven-

128 1775 213 1857 dique
226 1775 369 1839 rationem
386 1775 505 1838 omnino
523 1775 678 1858 pertinent.
724 1773 798 1839 Cum
817 1777 905 1860 igitur
919 1775 1029 1841 lessaei
1046 1789 1113 1841 tnnc
1129 1777 1267 1858 temporis

126 1877 311 1957 dicerentur,
333 1877 501 1961 paulopost
521 1895 675 1938 ascensam
695 1873 805 1941 Ctnristi
827 1880 953 1956 domini,
977 1890 1125 1963 postquam
1147 1877 1267 1941 Morcus

125 1977 156 2040 in
175 1978 316 2064 Aegypto
339 1979 467 2042 divinam
488 1977 609 2041 verbnm
631 1977 828 2061 praedicavit,
859 1981 987 2042 nornnulti
1011 1992 1077 2042 tnnc
1100 1981 1269 2064 prodierunt

127 2079 323 2163 apostoloram
350 2079 500 2158 essentne,
530 2076 680 2142 Nazaraei
708 2078 844 2141 videlicet
869 2079 919 2142 isti
940 2081 976 2142 de
1000 2081 1102 2162 quibus
1130 2101 1268 2164 praesens

127 2178 276 2244 inatitntns
304 2193 351 2244 est
377 2201 487 2244 sermo.
531 2178 625 2242 Erant
650 2179 693 2242 itti
713 2198 823 2263 genere
844 2181 957 2263 quidem
979 2178 1096 2257 ludaei,
1126 2191 1212 2262 atque
1232 2180 1267 2241 nd

128 2281 221 2366 legem
251 2294 283 2346 et
308 2280 559 2346 circumcisionem
588 2282 798 2360 adhaeserant,
831 2282 882 2344 sed
911 2282 1148 2365 quemadmodum
1176 2281 1223 2362 qni
1250 2301 1267 2342 e

124 2386 245 2469 specula
266 2384 366 2468 proonl
386 2383 484 2466 ignem
504 2382 666 2467 ospicium,
691 2403 785 2467 neqne
802 2383 885 2446 onins
900 2383 943 2445 rei
956 2384 1069 2466 gratim
1094 2403 1215 2465 quemve
1232 2383 1268 2443 ad

127 2508 212 2551 neam
234 2487 290 2549 doe
311 2485 474 2548 incendium
497 2483 655 2548 excitatam
683 2485 772 2548 tuerit
792 2484 906 2564 sciunt,
940 2497 1102 2548 utrumnam
1125 2485 1160 2545 ad
1183 2483 1269 2545 obso-

127 2588 176 2652 nia
196 2590 365 2671 coquenda,
395 2586 536 2671 cibosque
556 2585 646 2651 victui
668 2587 900 2672 praeparandos,
933 2610 970 2651 an
994 2599 1025 2650 nt
1046 2585 1153 2649 cremia
1176 2582 1269 2647 arida·

129 2712 186 2774 qne
205 2690 351 2772 virgulta,
384 2699 414 2752 ιι
435 2689 563 2767 assolet,
595 2699 833 2767 concremarent,
865 2688 908 2752 sic
929 2689 969 2753 itti
992 2690 1068 2751 istud
1091 2689 1183 2772 ipsum
1205 2685 1270 2748 inri-

130 2792 181 2854 tati
202 2793 377 2876 aemetipaos
402 2791 537 2855 incendio
564 2802 818 2875 consumpserunt.
864 2788 1013 2875 Siquidem
1039 2791 1104 2854 anto
1128 2788 1196 2853 iesu
1218 2810 1270 2852 no·

131 2894 209 2956 mine
229 2894 344 2972 andito,
375 2894 598 2978 conspectisqne
619 2912 694 2976 quae
724 2892 762 2955 ab
782 2893 921 2976 apostolis
948 2893 1053 2956 flerent
1072 2891 1214 2977 portentis
1236 2912 1270 2953 ac

131 2993 296 3072 miraculis,
319 2995 350 3057 in
371 2995 452 3057 illum
474 3007 504 3058 et
524 2996 579 3080 ipsi
596 3013 710 3077 qnoque
731 2995 927 3057 crediderunt.
972 2992 1066 3077 Quem
1089 3016 1153 3057 cnm
1168 2991 1270 3055 Naza-

129 3096 187 3159 rnti
206 3094 318 3160 scirent
338 3096 370 3158 in
390 3097 515 3181 virginis
536 3107 621 3159 utero
642 3095 788 3179 genitam,
818 3106 904 3179 atque
926 3096 955 3158 in
977 3093 1093 3180 ioseptti
1110 3097 1196 3157 domo
1218 3113 1270 3155 nn-

131 3198 247 3277 tritnm,
272 3197 426 3261 etidcirco
444 3196 540 3261 lesum
556 3196 747 3261 Nazarenum
768 3198 798 3261 in
818 3197 970 3281 evangelio
991 3196 1147 3270 nominari,
1171 3214 1271 3277 qnem-

129 3301 282 3365 ndmodnm
311 3301 434 3385 apostoli
461 3301 633 3384 loqnnntnr,
663 3304 756 3361 Iesum
775 3303 956 3361 Nazarenum
978 3305 1068 3360 nerum
1089 3298 1270 3376 approbatum
1284 3309 1400 3363 aetnae

130 3407 220 3483 rogaui
239 3424 275 3465 uo
291 3406 449 3483 prodigii,
474 3422 513 3464 ex
528 3422 565 3464 eo
582 3422 687 3464 nomen
710 3401 765 3464 sibi
786 3401 862 3465 istud
885 3402 1051 3486 imponunt,
1077 3410 1107 3459 nt
1119 3394 1269 3458 Nazaraei

131 3515 289 3582 vocentur,
322 3526 381 3568 non
402 3501 561 3580 Naniraei‚
591 3523 665 3586 qnae
693 3524 752 3567 von
780 3503 986 3566 sanctificatum
1014 3500 1168 3583 significat.
1213 3498 1269 3562 Hic

133 3604 210 3669 edim
230 3608 374 3691 qnondam
397 3606 597 3693 primogenitis
619 3606 731 3688 denque
752 3605 932 3668 consecratis
948 3602 1095 3686 dignitatis
1118 3601 1210 3664 honor
1223 3614 1270 3667 est

131 3707 261 3786 hebitne,
284 3728 405 3792 quonam
427 3728 445 3770 e
466 3727 588 3771 numero
609 3705 773 3792 Sampson,
803 3706 910 3788 aliique
932 3715 996 3789 post
1016 3703 1109 3787 ipsum
1133 3704 1179 3766 vel
1200 3716 1268 3768 ante

130 3809 225 3894 ἱιιιιι
246 3811 410 3895 complores
431 3810 604 3887 extiterunt.
649 3807 711 3873 lmo
734 3819 764 3872 et
784 3806 912 3871 loannes
939 3806 1062 3889 baptista
1084 3827 1124 3870 ex
1146 3806 1195 3870 illo
1217 3808 1267 3871 de-

132 3911 291 3975 dicetnram
313 3914 370 3975 deo
391 3911 536 3975 hominnm
558 3932 668 3996 genere
691 3911 761 3989 tuit,
794 3909 842 3991 qni
864 3909 962 3971 vinnm
990 3918 1039 3972 ant
1065 3910 1186 3972 siceram
1210 3931 1267 3971 ιοιι

131 4010 214 4076 Ιιίιιὶι.
257 4010 329 4076 Fuit
349 4012 425 4075 enim
447 4013 611 4077 hominibus
633 4012 773 4076 eiusmodi
796 4030 895 4073 eornm
918 4011 1048 4094 dignitati
1071 4021 1268 4076 consentanea

132 4115 249 4179 vivendi
270 4116 345 4179 ratio
368 4115 537 4178 constituta.

164 4268 190 4320 8.
205 4262 400 4335 ἅφηγιισμέιωι
431 4268 560 4318 emendatio
586 4272 617 4317 est
640 4268 685 4316 tos.
751 4261 775 4316 9.
794 4260 911 4332 dmipogtn.
930 4262 990 4320 οἶνοι
1006 4265 1053 4333 γὰρ
1068 4266 1112 4320 και
1126 4268 1175 4318 eod
1193 4270 1266 4317 t'enet.

133 4337 261 4399 scutigeri,
284 4352 355 4399 onom
369 4339 448 4399 fimat
462 4338 512 4385 cod.
529 4338 603 4385 Venet.
616 4349 685 4396 proe—
754 4335 791 4385 10.
809 4330 911 4396 ὠριζετο
926 4339 976 4386 eod.
992 4339 1067 4387 Venet.

133 4399 392 4472 ὸειιιόφηγιασμέιιι.
419 4405 581 4465 crunnum.
597 4410 617 4452 et
631 4404 686 4451 editt
753 4405 791 4453 ιι.
809 4399 865 4457 adn
880 4407 930 4455 cod.
947 4408 1021 4455 tenet.
1129 4450 1134 4460 ‚

132 4472 186 4519 tetri
198 4472 281 4523 tutent
293 4466 506 4556 donppcopdann.
524 4474 635 4521 Petuntur
645 4485 685 4520 sn·
751 4471 790 4525 12.
808 4466 827 4537 ai
844 4487 887 4522 om
903 4475 953 4523 eod.
970 4477 1045 4523 venet.

133 4540 267 4600 ιρίιιιιιιιιι
283 4534 374 4600 αὐτοις
390 4534 609 4607 ἅφιερωσαμέιωι.
