3046 5084
391 355 526 407 canaan
542 356 607 409 uia.
618 357 639 409 r.
655 357 737 410 rou.
750 358 781 409 n.
798 356 897 412 unua.
907 358 1009 410 xxxa.
1213 346 1274 409 87⁷

209 471 285 542 Cum
300 476 392 561 igitur
407 474 533 540 ecelesia
550 476 713 541 doctrinam
729 476 870 542 eiusmodi
886 477 1048 562 fidemque,
1078 478 1119 542 uti
1134 478 1273 560 diximus,
1290 476 1406 596 xgppn

125 579 289 665 acceperit,
313 600 377 643 enm
396 578 442 643 nel
456 578 528 641 orbe
543 589 605 642 toto
621 578 725 643 diffusa
738 578 869 642 studiosa
883 591 1052 657 conservat,
1076 581 1159 663 quasi
1173 572 1203 644 in
1220 600 1276 647 cna
1408 581 1414 593 '

124 681 246 766 quadarn
270 683 356 745 domo
378 679 530 759 babitans,
563 701 598 744 ae
620 680 754 744 similiter
771 680 904 743 omnibus
926 681 984 744 illis
1002 683 1179 760 assentitur,
1213 692 1275 745 tan-

124 805 208 868 quam
225 785 323 848 anima
342 804 398 847 uua
417 782 578 867 eodemque
596 783 684 847 corde
701 783 847 868 praedita,
873 783 1030 867 eademque
1048 782 1276 847 concordissime

123 888 184 964 sic,
209 887 290 970 quasi
306 907 394 949 unum
411 907 445 949 os
464 884 585 964 babeat,
609 886 695 948 docet
709 906 744 948 ac
759 885 918 971 praedicat.
963 883 1080 948 Etenim
1096 887 1210 950 tametsi
1227 886 1277 950 bo·

124 991 232 1052 minum
255 987 374 1071 linguae
396 987 455 1051 aiut
476 988 652 1068 dissimiles,
683 989 783 1052 eadem
803 999 898 1051 tamen
922 988 1045 1052 traditae
1062 987 1214 1051 doctrinae
1231 989 1276 1052 vis

125 1102 171 1155 est
189 1090 312 1174 ubique3
337 1110 431 1175 neque
448 1099 498 1153 ant
512 1091 685 1154 constitutae
701 1091 730 1153 iu
750 1088 910 1154 Germania
927 1091 1070 1154 ecelesiae
1086 1090 1209 1153 credunt
1224 1090 1275 1154 ali·

125 1204 171 1257 ter
186 1213 219 1256 ac
238 1214 308 1256 suos
323 1194 491 1278 perdocent,
515 1203 566 1256 aut
582 1213 657 1277 quae
671 1192 701 1256 iu
717 1190 866 1278 llispauiis
882 1214 915 1255 ac
930 1191 1035 1256 Galliis
1052 1193 1151 1255 autad
1167 1190 1274 1256 Orien-

126 1307 201 1374 tem,
226 1305 277 1358 aut
293 1294 322 1358 in
340 1297 476 1381 Aegypto
497 1293 545 1358 vel
565 1292 660 1380 Libya
678 1295 812 1359 mediove
832 1295 902 1358 orbe
920 1296 1078 1359 stabilitae.
1125 1293 1185 1360 Sed
1205 1317 1274 1380 que-

125 1398 305 1462 madmodum
321 1398 367 1461 sol
384 1397 593 1462 nobilissimum
610 1398 656 1461 dei
671 1420 746 1483 opus
763 1420 837 1462 unus
853 1399 883 1461 in
900 1409 961 1461 toto
977 1400 1084 1463 mundo
1097 1411 1184 1484 atque
1198 1399 1273 1461 idem

124 1510 170 1564 est
188 1521 319 1587 semper,
349 1501 392 1563 sic
410 1500 544 1565 veritatis
562 1500 739 1586 praedicatio
762 1501 868 1585 ubique
887 1513 1029 1565 terrarum
1049 1501 1210 1581 illucescit,
1240 1523 1275 1565 ac

123 1603 263 1667 mortales
278 1624 379 1667 omnes
392 1603 536 1683 illustrat,
560 1603 739 1687 quiquidem
756 1604 833 1667 illius
851 1604 884 1666 ad
904 1605 1035 1668 notitiam
1055 1604 1209 1690 pervenire
1223 1627 1275 1668 vo·

124 1705 242 1770 luerint.
288 1706 372 1770 Adeo
386 1718 417 1770 ut
432 1726 526 1790 neque
541 1703 567 1767 is
584 1705 632 1790 qui
648 1707 725 1769 inter
740 1707 929 1770 ecclesiarum
944 1708 1090 1772 antistites
1104 1707 1217 1772 dicendi
1233 1710 1275 1770 la·

124 1808 233 1872 cultata
250 1808 349 1892 pollet,
374 1808 482 1873 abillis
498 1809 615 1871 diversa
633 1808 802 1893 profiteatur
820 1813 921 1888 (nemo
935 1810 1012 1873 eninr
1029 1820 1074 1872 est
1088 1822 1276 1894 praeceptore

121 1932 176 1977 suo
199 1911 368 1997 superior),
400 1932 494 1995 neque
519 1910 567 1995 qni
588 1911 685 1974 iulans
709 1922 754 1975 est
776 1922 806 1974 et
826 1911 1000 1991 indisertus,
1034 1915 1069 1975 de
1092 1912 1198 1975 tradita
1220 1912 1275 1975 sibi

122 2013 275 2099 disciplina
286 2014 437 2099 quicquam
451 2014 602 2077 diminuat.
637 2010 784 2095 Quoniam
799 2013 875 2076 enirn
889 2036 944 2077 una
959 2026 1004 2079 est
1018 2015 1177 2099 eademque
1191 2014 1273 2091 tides,

122 2137 218 2201 neque
239 2117 287 2202 qui
310 2119 347 2179 de
368 2137 403 2179 ea
425 2117 544 2201 copiose
566 2125 662 2201 potest
684 2116 784 2179 dicere
806 2117 869 2201 plus
892 2117 997 2201 aliquid
1022 2118 1150 2196 obtinet,
1182 2137 1275 2200 neque

122 2221 230 2297 minus,
254 2219 304 2305 qni
319 2240 409 2304 pauca
424 2219 567 2282 duntaxat
582 2218 678 2302 eloqui
696 2228 802 2304 polest.
849 2218 935 2302 Quod
951 2231 1047 2283 antem
1064 2218 1127 2305 plus
1142 2219 1275 2282 minusve

122 2322 253 2386 nonnulli
267 2321 458 2404 intelligentia
474 2343 510 2385 ac
525 2322 648 2385 scientia
665 2332 893 2406 consequantur,
919 2322 988 2385 nibil
1006 2322 1060 2385 boc
1075 2323 1111 2386 ad
1125 2323 1276 2385 immutan-

122 2427 188 2489 dam
205 2425 366 2488 doctrinam
387 2422 529 2508 pertiuet3
560 2444 654 2509 neque
677 2423 786 2489 ideirco
804 2425 887 2488 deum
905 2425 991 2489 alium
1011 2435 1127 2510 praeter
1146 2425 1276 2488 condito-

122 2549 185 2592 rem
203 2527 375 2611 exeogitaut
390 2539 476 2611 atque
494 2527 578 2591 buius
599 2528 798 2592 universitatis
816 2528 956 2591 artificem
974 2538 1003 2590 et
1020 2529 1161 2608 altorem,
1194 2530 1275 2613 quasi

123 2631 242 2696 minime
258 2632 317 2694 siut
333 2632 426 2695 altero
443 2630 493 2694 illo
509 2612 655 2709 contenti,
680 2650 774 2714 neque
787 2630 875 2693 alium
893 2627 1054 2710 Christum,
1080 2652 1174 2715 neque
1189 2653 1275 2717 porro

122 2732 310 2818 Unigenitum
335 2734 433 2797 alium.
480 2731 539 2798 Sed
563 2733 641 2797 inid
667 2734 807 2798 duntaxat
829 2734 943 2797 illorum
967 2734 1098 2798 elaborat
1121 2733 1273 2812 industria,

122 2846 154 2901 ut
173 2857 246 2922 qnae
266 2837 459 2922 aenigmatum
478 2836 648 2922 quibusdam
667 2837 826 2900 involucris
846 2839 961 2901 obtecta
980 2848 1049 2901 sunt
1067 2838 1217 2922 expoliant
1233 2849 1275 2901 at·

122 2960 178 3024 que
199 2940 363 3025 explicent,
395 2951 425 3003 et
444 2940 478 3004 ad
496 2940 657 3003 communis
676 2939 742 3003 fidei
760 2939 922 3003 institutum
942 2942 1178 3021 accommodent,
1210 2941 1275 3006 sive

123 3054 157 3107 ut
170 3042 298 3106 divinum
316 3042 386 3106 illud
406 3044 435 3105 iu
453 3041 601 3105 bominum
617 3043 711 3107 salute
726 3044 908 3127 procuranda
926 3045 1071 3128 negotium
1091 3043 1276 3108 administra-

124 3146 290 3230 tiouemqne
308 3166 422 3209 omnem
442 3155 609 3230 exponant,
633 3144 718 3229 idque
736 3146 829 3230 ipsum
846 3147 1011 3225 declarent,
1037 3148 1181 3231 quomodo
1197 3147 1275 3209 illam

123 3248 274 3313 rebellium
297 3249 448 3334 spirituum
468 3248 661 3312 delectionem
680 3247 885 3333 bominumque
903 3251 1114 3313 contumaciam
1138 3250 1209 3312 deus
1229 3270 1277 3333 pa-

124 3352 297 3416 tientissime
317 3350 432 3430 tulerit,
455 3352 522 3435 quid
540 3371 663 3414 eanssae
678 3350 717 3414 sit
733 3372 785 3414 cur
801 3373 875 3415 unus
891 3353 1024 3437 idemque
1044 3354 1116 3414 deus
1133 3332 1189 3413 alia
1206 3362 1278 3414 tem-

123 3453 258 3542 poraria,
289 3454 346 3517 alia
369 3454 547 3540 sempiterna
571 3454 691 3534 lecerit,
722 3454 848 3539 itemque
871 3454 1009 3519 coelestia
1029 3453 1187 3538 quaedam,
1220 3454 1276 3517 alia

123 3570 260 3636 terrena,
290 3578 344 3621 cur
361 3557 409 3642 qui
426 3556 518 3620 oculis
538 3557 628 3643 aspici
647 3557 763 3642 nequit,
795 3558 943 3645 prophetis
964 3578 1021 3620 non
1042 3577 1097 3620 uua
1119 3557 1216 3641 specie
1233 3557 1277 3621 vi-

123 3661 245 3726 sendum
263 3682 296 3725 se
314 3660 497 3746 praebuerit,
528 3661 580 3725 aed
600 3660 664 3727 aliis
681 3661 738 3725 alio
755 3663 841 3726 modo
858 3681 931 3746 quae
949 3661 1038 3725 vellet
1054 3659 1275 3744 significaverit,

124 3786 178 3830 cur
190 3774 365 3830 testamenta
383 3764 466 3849 plura
479 3764 538 3828 sint
554 3764 719 3830 bominibus
734 3766 868 3842 condita,
893 3785 1007 3849 quaeve
1022 3763 1173 3849 utriusque
1190 3777 1277 3830 notae

123 3888 158 3932 ac
171 3868 289 3954 propria
306 3866 396 3932 veluti
411 3867 584 3931 lineamenta
601 3868 677 3933 sint:
701 3867 816 3932 utillud
834 3868 921 3930 etiam
936 3867 1094 3950 inquirant,
1114 3889 1167 3931 cur
1179 3869 1276 3933 omnia

123 3971 197 4035 deus
213 3968 413 4057 perduellione
430 3970 624 4052 concluserit,
647 3984 679 4034 nt
696 3970 824 4035 omnium
841 3969 974 4032 misereri
993 3982 1109 4054 posset,
1133 3982 1221 4056 atque
1240 3972 1276 4034 ob

123 4073 152 4136 id
168 4073 290 4159 insuper
303 4074 411 4157 gratias
429 4084 535 4157 agant,
564 4075 639 4159 quod
658 4071 790 4138 Verbum
808 4073 854 4135 dei
874 4093 944 4136 caro
961 4074 1065 4137 lactum
1083 4096 1118 4138 ac
1135 4073 1275 4159 supplicio

126 4186 172 4239 est
188 4177 343 4255 affectum,
373 4175 442 4239 illud
462 4176 549 4239 etiam
569 4176 750 4254 edisserant,
783 4197 836 4238 cur
856 4176 886 4239 iu
906 4189 1039 4240 extrema
1059 4189 1188 4263 tempora
1208 4173 1275 4240 Filii

125 4277 171 4342 dei
190 4279 333 4343 adventus
351 4277 502 4356 inciderit,
534 4277 590 4341 boc
612 4287 658 4340 est
679 4299 732 4342 cur
748 4279 873 4342 omnium
892 4301 959 4344 sese
976 4280 1145 4366 principium
1168 4281 1197 4342 in
1220 4282 1275 4345 bue

125 4381 301 4466 prodideritr
325 4382 360 4446 ad
378 4382 450 4445 haec
468 4381 503 4445 de
519 4381 617 4445 mundi
634 4382 717 4444 exitu
730 4383 890 4469 futurisque
909 4383 996 4448 rebus
1015 4403 1213 4467 quaecumque
1229 4405 1276 4447 sa·

125 4484 184 4549 cria
202 4484 386 4569 reperiuntur
402 4486 432 4549 in
448 4483 548 4567 libris,
580 4484 748 4565 excutiant,
778 4507 833 4550 nec
850 4487 919 4552 illud
936 4497 1070 4564 taceam,
1101 4507 1154 4550 cur
1173 4487 1276 4574 despe-

159 4617 453 4675 bfflmmm
