3046 5084
286 357 344 416 172
702 365 822 415 ελαοτι
839 364 1007 413 εειοιεααιι

282 489 407 546 πλαστον
420 483 583 565 ελςαγουσιν
597 478 745 564 οἶγῶγιμόν
758 507 785 543 τι
799 485 921 561 ποίημα,
936 471 960 566 ᾧ
977 476 1188 558 ὕτιοιητεύματι
1203 476 1345 543 ἐπέθεντο
1359 478 1433 546 δνο·

282 608 323 664 μα
338 580 517 666 Εύαγγέλιον
538 581 715 655 Τελειῶσεως
734 587 842 645 6τοῦτο
858 579 1027 660 φάσκοντες.
1061 581 1121 643 Καὶ
1135 578 1256 660 ἀληθῶς
1270 577 1326 644 ούκ
1344 579 1434 668 εύαγ-

282 684 376 767 γέλιον
390 690 493 761 τοῦτο,
522 681 593 747 όλλύ
607 685 740 758 πένθους
758 685 908 755 τελείωσις.
954 687 1042 743 Πᾶσα
1056 679 1110 765 γόρ
1128 677 1149 762 οἱ
1165 688 1218 746 τοῦ
1231 680 1368 746 θανᾶτου
1386 710 1434 748 τε-

173 817 223 861 pq.
236 806 267 848 οι.
281 788 393 857 λείωσις
413 786 444 848 ἐν
465 791 500 872 τῇ
522 783 642 872 τοιαύτῃ
665 781 824 870 ύποσπορᾷ
843 789 898 847 τοῦ
915 781 1057 863 διαβόλου
1078 784 1240 865 ἐμφέρεται.
1274 780 1375 849 ’Ἁλλοι
1396 787 1433 850 δὲ

146 1603 213 1671 Κεφ.
230 1600 262 1671 γ’.

282 883 337 950 ούκ
360 884 544 968 αἰσχύνονται
566 888 695 970 λέγοντες
717 883 899 969 Εύαγγέλιον
923 882 1016 958 Εύας.
1065 887 1129 958 Εἰς
1145 882 1238 965 όνομα
1259 882 1313 969 γύρ
1335 883 1432 968 αύτῆς

280 991 390 1069 δῆθεν,
414 984 453 1061 ῶς
469 985 612 1070 εύρούσης
624 984 657 1049 τό
674 984 768 1067 ὄνομα
784 993 837 1066 τῆς
855 991 884 1045 Γ
880 983 996 1060 νῶσεως
1011 987 1041 1061 ἐξ
1056 982 1287 1067 όποκαλύψεως,
1308 993 1361 1050 τοῦ
1375 995 1428 1050 λα.

279 1088 420 1170 λύσαντος
433 1085 506 1174 αὐτῇ
522 1086 620 1167 όφεως
632 1086 746 1171 σπορολν
759 1084 960 1151 ύποτίθενται.
992 1087 1051 1149 Καὶ
1068 1085 1162 1171 ῶςπερ
1178 1089 1209 1151 ἐν
1223 1085 1334 1175 όστότφ
1350 1088 1426 1172 γνοό-

281 1216 322 1276 μγχ
338 1187 501 1270 μεθύοντος
517 1190 567 1252 καὶ
581 1195 818 1272 παραλαλοῦντος
834 1184 888 1252 ούκ
904 1190 953 1250 έσα
968 1190 1013 1268 εἰἠ
1029 1186 1064 1250 τό
1082 1188 1213 1272 ῥήματα,
1236 1186 1306 1252 όλλύ
1320 1187 1356 1252 τό
1372 1191 1427 1270 μέν

280 1291 381 1374 γέλωτι
395 1291 591 1372 πεποιημένα,
614 1291 696 1373 ἐτερα
711 1289 742 1353 δὲ
756 1295 912 1370 κλαυθμοῦ
928 1291 1052 1369 ἐμπλεα,
1073 1288 1168 1364 οὕτως
1183 1287 1202 1371 ἦ
1218 1297 1278 1354 τῶν
1292 1287 1422 1356 ολπατεοό·

280 1417 340 1455 νων
361 1393 460 1476 γέγονε
481 1390 554 1455 κατολ
575 1389 670 1454 πάντα
689 1389 802 1474 τρόπον
821 1398 874 1472 τῆς
894 1394 999 1464 κακίας
1019 1387 1041 1471 ἡ
1061 1386 1228 1476 ύποσπορό.

361 1591 525 1677 Ὁρμῶνται
546 1593 578 1657 δέ
599 1591 657 1658 ολπό
675 1601 782 1676 μωρῶν
799 1599 967 1678 μαρτυριῶν
983 1593 1034 1657 καλ
1053 1589 1199 1657 όπτασιῶν
1215 1595 1246 1658 ἐν
1264 1585 1289 1681 ᾧ
1306 1592 1421 1680 εύαγγε·

279 1699 331 1783 λίςο
349 1697 576 1780 ἐπαγγέλλονται.
623 1693 773 1760 Φολσκονσι
791 1692 846 1779 γύρ
862 1694 956 1769 ούτως
972 1693 1032 1772 ὅτι,
1045 1693 1155 1775 Ἔστην
1172 1696 1221 1759 έπλ
1238 1693 1327 1780 ὅρους
1342 1694 1422 1780 ύψιγ-

279 1803 346 1875 λοῦ,
364 1799 415 1861 καὶ
430 1793 509 1861 εἶδον
523 1795 686 1882 όλνθρωπον
699 1793 820 1882 μακρόν,
843 1797 894 1860 καλ
909 1795 996 1860 δι’λλον
1009 1793 1144 1876 κολοβόν,
1165 1797 1215 1861 καλ
1227 1793 1340 1879 ἥκουσα
1355 1796 1424 1874 ῶςελ

279 1896 382 1980 φωνὴν
404 1901 542 1981 βροντῆς,
571 1901 621 1963 καί
645 1897 750 1983 ἤγγισα
770 1904 823 1963 τοῦ
844 1895 986 1976 ιλκοῦσαι,
1015 1899 1066 1961 καλ
1085 1896 1202 1977 έλύλησε
1221 1897 1296 1983 πρός
1316 1899 1351 1980 μέ
1369 1903 1422 1966 καλ

280 1997 375 2078 εἶπεν,
402 1997 475 2085 Ἐγῶ
492 1999 542 2080 σύ,
565 2002 615 2065 καλ
632 1998 756 2089 σύιέγῶ,
777 2002 829 2064 καλ
846 1998 902 2084 ἐγῶ
918 1998 969 2077 σύ,
991 2001 1042 2064 καὶ
1060 1997 1096 2062 σύ
1112 1997 1184 2083 έγῶ·
1210 2003 1261 2064 καὶ
1278 2000 1354 2066 ὅπου
1369 1999 1422 2066 ἐόν

278 2094 325 2190 ᾖς,
348 2100 404 2186 έγῶ
420 2104 483 2167 ἐκεῖ
495 2104 563 2184 εἰμι,
583 2104 633 2166 καλ
647 2105 679 2166 ἐν
695 2101 802 2165 όίπασλν
817 2104 875 2184 εἰμι
889 2102 1080 2184 ἐσπαρμένος·
1102 2101 1152 2164 καλ
1166 2099 1240 2166 ὅθεν
1255 2101 1305 2167 ἐόν
1318 2104 1421 2192 θέλχς,

279 2205 421 2288 συλλέγεις
442 2229 492 2286 με,
520 2205 569 2287 έμέ
587 2204 618 2268 δέ
637 2205 779 2288 συλλέγων
796 2201 901 2266 ἐαυτδν
916 2203 1065 2287 συλλέγεις.
1110 2203 1170 2266 Καὶ
1186 2194 1211 2267 ῶ
1226 2210 1278 2285 τῆς
1291 2211 1344 2268 τοῦ
1358 2207 1421 2269 δια-

278 2304 368 2388 βόλου
384 2304 567 2390 ύποσπορᾶς,
589 2305 687 2371 πόθεν
701 2304 752 2370 τόν
765 2311 838 2368 νοῦν
855 2305 988 2387 ἐξέτρεψε
1001 2310 1054 2385 τῆς
1069 2300 1299 2388 όνθρωπότητος
1312 2308 1363 2369 καὶ
1379 2308 1422 2382 εἰς

277 2405 362 2493 μωροὶ
375 2409 423 2472 καλ
438 2406 586 2472 οίσύστατα
598 2409 789 2492 περιέσπασεν
801 2403 860 2470 ύπό
875 2413 929 2470 τοῦ
943 2403 1031 2489 λόγου
1045 2411 1097 2486 τῆς
1112 2403 1263 2487 όληθείας;
1283 2404 1345 2469 Ούκ
1359 2409 1419 2470 ἔστι

277 2506 331 2595 γολρ
348 2509 450 2592 σχεδόν
466 2517 507 2598 τῷ
522 2517 595 2576 νοῦν
611 2512 704 2591 έχοντι
718 2511 800 2592 χρεία
815 2505 875 2571 ολπό
892 2515 1023 2591 γραφῆς,
1052 2504 1074 2588 ἢ
1090 2503 1150 2571 όπό
1166 2505 1416 2592 παραδειγμάτων,

276 2610 298 2694 ἦ
313 2614 412 2696 ἐτέρου
429 2609 510 2685 τινός
526 2609 697 2695 πράγματος
711 2619 862 2674 ποιεῖσθαι
877 2606 990 2672 τούτων
1005 2606 1059 2690 τήν
1076 2605 1250 2693 ολνατροπήν.
1297 2611 1344 2694 Τῷ
1358 2604 1415 2692 γδρ

277 2710 362 2800 όρθῶ
383 2719 510 2800 λογισμῷ
532 2710 651 2792 εύδηλος
671 2709 769 2775 αὐτῶν
790 2712 840 2775 καλ
861 2709 984 2794 φωρατῆ
1006 2705 1095 2792 ἦτῆς
1110 2711 1290 2794 μωρολογίας
1305 2711 1416 2792 δραμα-

276 2818 396 2897 τουργία
417 2815 467 2877 καλ
490 2820 598 2895 μοιχῶν
614 2816 739 2898 ἐργασία.
787 2810 885 2876 Ταῦτά
900 2838 946 2876 τοι
961 2813 1011 2875 καλ
1029 2811 1066 2876 τολ
1080 2818 1201 2877 τοιαῦτα
1218 2808 1417 2895 ελςηγούμενοι

277 2917 308 2979 ολ
326 2912 403 2995 ολμφλ
424 2912 479 2997 τὴν
499 2922 613 2980 Γνῶσιν
630 2916 844 3000 συνεζευγμένοι
863 2920 899 3003 τῇ
917 2919 970 2977 τοῦ
988 2911 1140 2978 Νικολάου
1157 2914 1263 2999 αἲρέσει
1280 2918 1334 2996 τῆς
1349 2909 1416 2995 ἀλη-

275 3021 361 3092 θείας
382 3015 615 3097 ἐκπεπτῶκασιν,
646 3014 683 3081 ού
704 3014 795 3100 μόνον
817 3014 867 3080 τόν
887 3022 960 3080 νοῦν
979 3022 1038 3079 τῶν
1055 3017 1238 3080 πεισθέντων
1255 3012 1356 3091 αὐτοῖς
1372 3017 1417 3080 έκ-

275 3120 450 3204 τρέψαντες,
480 3116 550 3183 οἷλλιί
570 3120 621 3183 καλ
637 3117 673 3183 τοὶ
691 3116 811 3198 στόματα
828 3118 879 3182 καὶ
896 3115 948 3191 τοὶς
966 3114 1064 3201 ψυχύς
1081 3115 1280 3194 δονλῶσαντες
1296 3119 1419 3204 πορνεία

275 3225 326 3289 καὶ
347 3225 512 3309 πολυμιξλμ.
555 3218 656 3302 Αὐτὴν
678 3217 732 3305 γαλρ
758 3224 873 3302 ιδῆθεν
891 3217 944 3302 τήν
960 3217 1078 3296 σύναξιν
1095 3215 1193 3283 αύτῶν
1207 3220 1239 3283 ἐν
1254 3215 1419 3302 αλσχρότητι

276 3329 445 3408 πολυμιξίας
460 3321 622 3407 φύρουσιν,
653 3323 791 3397 ἐσθοντές
805 3347 835 3385 τε
849 3323 900 3386 καλ
916 3318 1136 3405 παραπτόμενοι
1149 3321 1201 3384 καλ
1218 3316 1418 3404 όνθρωπίνων

276 3435 393 3513 σαρκῶν
411 3427 462 3492 καὶ
478 3422 687 3509 ιῖκαθαρσιῶν·
717 3421 757 3498 ῶς
775 3421 841 3488 ούτε
857 3421 990 3506 τολμήσω
1006 3420 1039 3487 τό
1055 3428 1117 3486 πᾶν
1132 3423 1268 3499 ἐξειπεῖν,
1295 3420 1322 3482 εἰ
1335 3416 1375 3500 μή
1390 3443 1418 3484 τι

276 3525 494 3615 ἄναγνασθείην
512 3525 560 3592 διδ
581 3525 635 3608 τὴν
651 3523 817 3611 ὑπερβολὴν
833 3532 886 3608 τῆς
912 3527 944 3590 έν
959 3526 1026 3607 έμολ
1043 3521 1187 3608 ἆλγούσης
1201 3524 1332 3596 διανοίας
1348 3522 1417 3606 περλ

275 3634 333 3691 τῶν
350 3637 480 3711 ματαίως
497 3627 547 3696 ὑπ’
564 3627 662 3693 αὐτῶν
676 3630 852 3713 γινομένων,
883 3624 1111 3709 ἐκπληττόμενος
1127 3627 1168 3701 εἰς
1182 3620 1246 3689 οἷον
1260 3620 1351 3709 ὄγκον
1366 3623 1418 3687 κοιλ

273 3736 373 3792 κακῶν
386 3731 484 3812 βυθόν
499 3730 517 3797 δ
531 3728 637 3817 ἐχθρός
651 3737 710 3794 τῶν
721 3726 892 3815 όνθρῶπων
907 3729 1045 3810 διάβολος
1059 3725 1122 3812 ῶγει
1134 3724 1204 3803 τούς
1218 3723 1299 3815 αύτῷ
1312 3734 1418 3791 πειθο-

273 3830 395 3910 μένους,
424 3832 492 3906 ῶςτε
510 3841 610 3914 μιᾶναι
625 3833 676 3898 καλ
694 3838 767 3897 νοῦν
781 3835 831 3896 καλ
847 3833 971 3915 καρδίαν
983 3830 1034 3894 καλ
1051 3837 1147 3914 χεῖρας
1161 3830 1213 3894 καλ
1224 3826 1353 3911 στόματα
1367 3827 1418 3892 καλ

165 3967 216 4013 τις.
229 3957 261 4002 ω.
275 3929 396 4012 σῶματα
411 3934 461 3995 καλ
473 3934 570 4015 ψυχδς
584 3934 696 3999 τούτων
708 3941 767 4033 τῶν
778 3931 828 3998 ύπ’
839 3930 932 3997 αὐτοῦ
944 3933 975 3995 ἐν
989 3938 1025 4020 τῇ
1037 3928 1168 4020 τοσαύτῃ
1183 3928 1322 3996 σιιοτῶσει
1333 3954 1418 4013 παγι-

273 4033 446 4098 δευθέντων.
490 4036 581 4099 Δέδια
595 4037 627 4100 δέ
641 4033 682 4118 μή
698 4061 740 4117 πη
756 4032 814 4120 ἄρα
827 4033 880 4099 τόν
895 4032 986 4116 μέγαν
999 4039 1103 4098 τοῦτον
1119 4030 1188 4098 δ’λον
1206 4029 1253 4097 ίδν
1268 4027 1419 4095 οἷποκαλύ·

305 4224 330 4274 5.
348 4227 379 4274 λλ.
399 4221 587 4273 διαιτήσομαι.
609 4226 633 4272 in
653 4237 751 4273 οινοατο
773 4226 826 4274 libri
857 4225 942 4286 paucis
952 4224 1056 4272 versibus
1066 4235 1149 4283 σαρκο,
1162 4217 1417 4271 mmmmm.

273 4294 391 4355 λλολμωιί,
405 4293 490 4339 inserta
500 4291 525 4338 in
537 4291 627 4338 Μῡλιιλλ
638 4292 765 4353 zeitschrift
774 4294 791 4353 f.
800 4294 825 4341 ιλ
858 4289 899 4343 66.
911 4305 962 4352 ουρ.
971 4287 1021 4351 46,
1035 4296 1055 4339 ιλ
1067 4292 1130 4339 λαις.
1139 4286 1179 4338 42
1191 4284 1419 4348 p.37⁴.c.ea.1>e-

272 4361 484 4422 6μιιαιαείολωιειιι
503 4355 573 4406 1856.
589 4357 646 4416 [σοι.
660 4359 708 4407 VH.
724 4356 827 4423 2556„
857 4365 906 4408 ίαν.
926 4360 1023 4407 Verbum
1032 4350 1171 4421 ποιητεύιιν
1180 4354 1279 4402 inveniet
1286 4354 1352 4414 αμυσ
1360 4366 1417 4403 ιαπ-

194 4442 197 4446 ’
269 4428 427 4489 reponendum
441 4425 528 4475 αιυυθ
542 4420 709 4488 γοητιόματι,
725 4427 827 4475 vocabu·
858 4419 1289 4488 σικιιαίμλοτιοιλοιτ.’ὶό.οσμ.ἔλ,
1302 4420 1417 4471 Memfi.

270 4497 320 4544 λαοι
329 4491 470 4559 ποιήτευμα
481 4495 588 4555 ignorare
599 4504 624 4539 τι
637 4493 721 4552 [σεται.
744 4494 827 4540 Patia-
859 4508 913 4555 cap.
923 4492 957 4553 4.,
970 4496 1034 4542 λαστ.
1041 4492 1081 4544 35.
1096 4504 1148 4551 οσμ.
1156 4486 1190 4549 2,
1202 4489 1267 4537 λοστ.
1275 4485 1316 4540 36.
1331 4503 1384 4550 οαμ.
1395 4488 1417 4537 l.

271 4559 828 4621 ιιιτο.σ.ειποπιήςυοδίδιποααυιτιὸοε
892 4555 1419 4627 θεοῦτοφάοκοιτιςμχιωσηιροως.
1512 4629 1517 4641 Ι
