3046 5084
382 350 518 402 resnou
535 351 598 404 ιιι.
613 355 633 404 ι.
649 354 729 406 τοι.
741 354 786 406 ιιι.
803 353 902 406 nunu.
913 356 1035 406 xxxiv.
1221 346 1279 409 461

133 478 201 532 ιιιι
222 469 270 554 qni
294 480 351 532 tum
373 482 592 537 sacrosanctum
612 473 783 556 religionem
803 495 931 559 vereque
951 475 1163 560 inexplicabilis
1182 487 1283 559 poten·

133 571 192 633 tiae
210 573 454 656 magnitudinem,
480 585 588 638 tantam
608 575 731 660 denique
749 575 838 638 divini
857 575 983 639 nominis
1002 579 1210 660 providentiam
1231 600 1283 663 per

131 673 200 736 illud
219 694 302 737 soum
320 676 421 760 alpha,
453 677 521 739 beta
538 689 712 762 ceterosque
729 680 1064 761 numerostam‘lrigide
1081 680 1281 763 violenterque

132 777 295 840 traducant.
341 781 386 841 Ac
410 780 582 864 quicumque
606 802 639 845 se
662 781 697 844 ab
723 781 847 844 eeclesia
870 793 1044 865 segregant,
1077 792 1108 845 ιι
1131 785 1166 844 ad
1190 784 1282 846 aniles

132 878 221 942 hasce
247 880 357 943 tabutas
382 881 610 960 adhaerescunt,
646 904 717 946 saue
740 889 904 962 sunmctipsi
923 888 1026 945 iudices
1049 887 1176 945 damnati
1198 898 1279 960 sunt,·
1295 897 1371 952 'rua
1386 899 1415 940 tu.

130 1003 200 1062 quos
216 988 366 1045 secuudum
385 1007 468 1046 renum
485 988 657 1067 alterumque
671 990 872 1066 ennepiebueru
886 989 1010 1046 deuitare
1026 983 1133 1049 Paulus
1152 987 1282 1050 hortatus

130 1094 187 1148 est.
234 1083 361 1149 loannes
380 1108 451 1150 vero
472 1083 582 1149 Christi
602 1087 760 1172 discipulus
779 1087 889 1150 maiore
908 1087 975 1150 illos
994 1109 1087 1171 poena
1108 1090 1283 1152 corrdcmna·

129 1184 184 1265 vit,
208 1208 274 1250 cum
290 1210 327 1252 nc
344 1189 464 1253 salutari
481 1189 595 1274 quidem
612 1210 629 1252 a
646 1190 729 1253 nobis
745 1190 881 1274 potiatur.
928 1194 1078 1267 (inierim,
1103 1191 1206 1275 iuquit,
1230 1205 1304 1254 noer
1318 1205 1433 1250 raanan.

130 1291 189 1350 iliis
212 1295 333 1365 demerit,
365 1297 550 1353 commanebat
569 1294 699 1373 operibus
727 1296 840 1353 illorum
865 1295 1007 1372 muligm's.
1058 1291 1168 1356 Merito
1197 1315 1278 1357 saue.

129 1394 227 1474 Neque
249 1398 320 1454 enain
333 1415 396 1474 pou
414 1406 457 1455 est
472 1400 579 1478 impiis,
605 1395 674 1458 dicit
690 1396 834 1458 dominus.
881 1397 921 1457 At
939 1396 1060 1457 istorum
1079 1395 1211 1480 impietas
1228 1397 1280 1458 inr-
1292 1411 1431 1466 ιιιιιιιι.

131 1493 270 1579 pietatem
285 1516 399 1558 omnem
415 1509 551 1581 superatq
576 1498 623 1582 qni
640 1498 713 1560 coeli
728 1508 882 1581 terraeque
899 1497 1114 1575 fabricatorem,
1139 1519 1173 1560 ac
1188 1499 1281 1562 solum

132 1596 359 1681 omnipotentem
376 1598 477 1677 deum,
509 1621 596 1685 supra
612 1621 696 1683 quem
715 1600 811 1662 nullus
827 1601 900 1662 alios
917 1612 963 1662 ιιι
979 1596 1067 1679 deni,
1098 1621 1138 1663 ex
1153 1601 1280 1679 deiectu,

128 1699 176 1782 qni
200 1711 230 1762 et
250 1699 314 1784 ipse
339 1722 377 1763 ex
399 1701 456 1764 alio
475 1701 514 1763 sit
532 1712 614 1764 ortus
631 1703 762 1780 delecto,
796 1703 956 1765 derivatum
974 1704 1161 1780 existimant,
1194 1714 1224 1765 ιι
1241 1724 1280 1767 ιι

128 1800 244 1863 illorum
266 1802 402 1886 opinione
425 1804 513 1866 tertio
536 1805 659 1887 quadarn
681 1825 720 1866 ex
742 1805 857 1868 delectu
880 1805 1031 1887 prodierit.
1078 1804 1144 1889 Qua
1166 1806 1279 1889 quidem

128 1904 251 1988 explosa
268 1905 459 1988 damnataque
477 1909 621 1969 sententia
638 1907 738 1990 procul
754 1907 789 1969 ab
805 1907 861 1968 illis
876 1907 1040 1988 fugiendum
1058 1918 1104 1970 est
1120 1929 1166 1987 ac,
1191 1929 1280 1991 quan·

128 2015 159 2068 to
181 2015 249 2069 aaut
271 2007 301 2069 iu
320 2028 422 2071 errore
441 2009 653 2093 pertinaciores
671 2008 855 2091 inventisque
876 2009 1008 2089 pessimis
1027 2009 1185 2094 impensius
1203 2010 1280 2072 dele·

128 2116 255 2186 ctantur,
273 2121 354 2173 tanto
371 2131 422 2174 eos
438 2110 530 2192 magis
543 2111 698 2196 putandum
712 2121 759 2174 est
771 2110 807 2173 ab
820 2110 1094 2174 scelestissimorum
1109 2113 1280 2175 daemonnm

129 2205 270 2294 Ogdoada
288 2214 440 2277 concitari.
486 2211 534 2278 Uti
552 2213 728 2298 phreneticis
742 2213 862 2290 accidit,
887 2213 950 2296 qui,
975 2234 1032 2297 qno
1048 2214 1169 2298 amplius
1185 2215 1281 2276 rident

128 2333 164 2376 ac
182 2325 288 2397 vegeto
306 2335 373 2378 esse
390 2336 513 2400 corpore
529 2318 681 2394 videntur,
707 2316 859 2399 omniaque
877 2335 931 2378 cen
947 2315 1078 2379 valentes
1093 2337 1127 2378 ac
1145 2316 1221 2393 sani,
1245 2337 1280 2378 ac

129 2417 269 2480 nonnulla
288 2418 375 2480 etium
394 2417 541 2501 aliquanto
559 2441 643 2503 quarn
662 2419 688 2482 si
705 2418 769 2482 sani
789 2429 889 2480 essent
908 2417 1072 2495 robustius,
1097 2428 1219 2501 gerrrnt,
1245 2439 1279 2480 eo

129 2537 197 2581 sese
217 2520 346 2583 deterius
364 2519 482 2583 habent.
528 2518 673 2586 Similiter
693 2522 742 2585 isti
762 2542 821 2605 qno
839 2519 1041 2584 vehementius
1060 2541 1163 2604 sapere
1179 2521 1279 2582 riden-

128 2631 195 2698 tur,
226 2643 316 2706 seque
337 2622 418 2707 ipsos
440 2635 599 2703 enervant,
630 2625 699 2687 dum
717 2625 830 2687 intento
853 2623 933 2685 velut
951 2622 1048 2685 acrius
1071 2643 1141 2685 arcu
1160 2622 1279 2705 sagittas

129 2723 281 2801 emittunt,
306 2745 342 2788 eo
359 2723 469 2788 maiore
488 2727 610 2790 vesanie
630 2735 777 2790 tenentur.
823 2723 957 2810 Impurus
975 2725 1079 2809 qnippe
1097 2723 1280 2807 ignorantiae

128 2825 247 2911 spiritns
265 2827 437 2910 egrediens,
469 2850 579 2913 eosque
596 2851 654 2893 ιιι
672 2830 744 2908 deo,
774 2828 825 2892 sed
844 2828 975 2913 prolenis
993 2826 1211 2912 quaestionibus
1227 2826 1280 2889 im·

128 2928 250 3013 plicatos
269 2929 436 3014 reperiens,
468 2934 602 2994 adbibitus
618 2945 720 3012 septem
738 2936 804 2994 cb‘is
821 2936 911 3011 serpso
929 2932 1124 3012 nequioribus,
1157 2930 1279 2992 inflatis·
1294 2943 1375 2986 Mutet·

128 3051 184 3115 que
207 3052 284 3095 vona
306 3033 497 3117 persuasione
518 3035 634 3098 illorum
656 3033 779 3112 arrianis,
812 3034 893 3118 quasi
913 3034 960 3098 vel
978 3055 1065 3117 supra
1083 3035 1166 3096 deurn
1185 3033 1277 3116 ipsurn
1293 2996 1325 3051 η’
1338 2997 1369 3039 43'

128 3134 264 3198 attollere
282 3157 315 3199 se
332 3137 499 3219 cognitione
517 3137 645 3222 possint,
680 3137 728 3199 ubi
742 3138 863 3200 idoneos
880 3149 1114 3221 opportunasque
1131 3134 1280 3198 irnudibos

128 3237 191 3300 suis
207 3239 376 3317 reddiderit,
397 3241 540 3322 quandam
555 3239 721 3303 stoliditatis
734 3238 929 3322 improborum
943 3240 1093 3324 spirituum
1110 3234 1279 3321 Ogdoadem

127 3340 159 3403 in
177 3340 243 3404 illos
262 3342 400 3403 immittit.

212 3443 279 3527 Age
299 3464 370 3506 vero
389 3443 457 3507 illud
476 3443 596 3529 insuper
615 3464 814 3529 exponamus,
845 3443 1081 3527 quemadmodum
1100 3452 1214 3504 creatas
1230 3463 1278 3505 res
1291 3451 1430 3520 Capxw.

128 3566 232 3609 ournes
254 3547 288 3609 ad
308 3567 408 3609 eornm
426 3567 502 3630 quae
518 3546 613 3609 videri
631 3556 779 3632 nequeunt
796 3545 1012 3609 similitudinem
1036 3566 1052 3606 a
1070 3545 1220 3607 conditore
1237 3543 1280 3608 sic

127 3649 284 3734 productas
302 3662 452 3727 asserant,
477 3659 559 3713 uteo
576 3650 642 3734 quid
660 3661 762 3735 ageret
777 3649 928 3712 nesciente
944 3647 1085 3709 beneficio
1101 3645 1207 3710 Matris
1227 3669 1279 3711 ex-

128 3750 252 3815 titerint.
297 3750 445 3838 Principio
466 3752 610 3816 elementa
629 3752 676 3816 illa
697 3763 838 3837 quatuor,
871 3751 984 3832 iguem,
1011 3770 1131 3832 aquam,
1157 3760 1276 3830 terram,

127 3861 244 3934 adrem,
269 3856 303 3918 ad
322 3876 453 3920 summac
470 3853 638 3940 primaeque
657 3854 797 3918 Tetradis
814 3853 934 3935 effigiem
953 3873 1020 3915 csse
1038 3853 1194 3916 constituta
1213 3877 1279 3916 nar·

128 3967 206 4020 rant.
252 3954 384 4040 Quorum
401 3959 435 4020 ed
453 3958 595 4042 agendum
610 3957 812 4032 efficacitates,
837 3965 905 4039 puta
922 3955 1066 4032 calorem,
1091 3955 1198 4040 irigus,
1222 3957 1279 4018 sic-

128 4059 244 4122 citnteur
267 4070 296 4124 ct
319 4060 487 4138 humorem,
520 4068 655 4123 exactam
679 4055 828 4143 Ogdoadis
851 4055 1004 4139 imaginem
1030 4059 1153 4122 reterre.
1200 4058 1277 4122 Τοιι

129 4161 229 4226 decem
256 4162 310 4226 hoc
335 4164 420 4227 modo
445 4159 577 4226 Virtutes
602 4170 785 4226 enumerent.
831 4157 960 4222 Primum
983 4171 1095 4245 septem
1120 4182 1277 4246 corporeos

162 4315 187 4370 7.
203 4315 357 4383 ignorantiae
372 4319 439 4366 babet
455 4318 502 4366 Vei.
515 4318 646 4379 interpres,
662 4322 688 4367 ut
753 4314 778 4365 2.
795 4318 832 4367 lic
852 4317 972 4376 rescripsi,
995 4329 1063 4365 sensu
1083 4319 1227 4378 postulante,
1251 4319 1280 4367 de

128 4378 231 4452 οἷγιοίας
246 4387 353 4436 uidentur
370 4387 458 4448 iepisse.
601 4436 604 4443 ,
721 4387 857 4434 auctoritate
877 4386 922 4433 Vet.
939 4385 1071 4444 interpretis
1088 4389 1108 4434 et
1122 4386 1280 4436 Pseudo-Ori-

165 4453 216 4503 (ιιι
235 4453 306 4506 Xtv.
323 4482 355 4492 -
375 4455 395 4504 l.
413 4451 440 4514 ἐξ
456 4442 491 4517 ἦς
505 4467 548 4515 pro
566 4449 629 4516 lidi
644 4454 687 4502 ba·
720 4455 792 4516 qenis.
817 4453 945 4515 Epiphanii
958 4455 1011 4501 libri
1024 4455 1134 4514 praebent
1148 4450 1280 4520 σωματικὰ

129 4526 164 4573 bet
176 4523 267 4573 russo
275 4550 285 4560 ·
293 4525 402 4587 ompeues
415 4527 436 4572 et
451 4523 496 4572 Vct.
509 4522 631 4584 interpres,
648 4523 689 4585 qui
721 4521 864 4587 κυκλοειδῆ.

130 4605 161 4640 ex
178 4604 227 4658 qne
242 4593 318 4642 ιιιιι.
