3046 5084
402 351 533 402 rauuuu
552 352 614 402 cre.
628 352 649 403 1.
666 352 746 402 rou.
759 352 792 401 ιι.
810 351 907 402 esen.
923 352 1025 401 xxxi.
1216 340 1278 401 349

139 484 170 536 ut
187 483 217 536 et
233 468 423 537 Conditorem
440 471 535 555 ipsum
550 470 698 553 Angelum
709 470 756 533 dei
770 469 893 532 similem
909 471 1033 548 leniunt3
1059 488 1093 532 ec
1106 468 1277 534 Paradisum

138 595 251 660 quoque
272 572 321 659 qui
343 591 431 657 supra
449 570 567 635 tertium
584 571 697 635 coelum
715 571 842 647 eminet,
875 570 1006 653 quartum
1024 570 1053 634 vi
1073 572 1194 653 quedem
1213 592 1281 635 esse

139 678 251 741 coelum
267 676 421 752 deliniunt,
446 673 482 736 ab
500 693 594 756 eoque
613 670 744 736 nonnihil
761 672 923 750 aldamum,
948 692 1011 733 curn
1029 673 1103 755 apud
1121 673 1214 757 ipsum
1231 675 1281 736 de-

139 790 239 864 geret,
271 776 432 862 accepisse.
479 770 619 839 Ceterum
645 775 740 837 omnia
766 772 821 836 iste
846 769 1034 837 Conditorem
1057 784 1174 857 potasse
1196 775 1225 836 vi
1249 795 1281 838 se

140 881 255 968 proprie
271 902 305 944 ac
322 899 377 943 sua
393 878 568 960 perfecisse,
593 896 657 940 curn
674 875 788 939 interim
805 875 968 939 Achamoth
988 877 1124 939 universa
1142 877 1282 961 produce·

139 995 201 1063 ret,
225 983 275 1047 ille
293 1002 367 1044 vero
386 980 427 1043 ita
444 979 556 1044 coelum
572 978 738 1056 moliretur,
763 988 795 1040 ut
809 977 922 1041 coelum
939 978 1056 1041 ornrriuo
1073 979 1216 1057 nesciret,
1239 979 1282 1043 ita

141 1086 287 1150 bominem
304 1085 453 1160 formaret,
473 1092 507 1145 ut
519 1081 664 1144 bominem
679 1080 840 1165 ignoraret,
864 1080 1041 1164 ignarusque
1057 1091 1154 1144 terrae
1169 1083 1281 1146 demum

142 1199 250 1252 terrem
269 1184 455 1249 nihilomiuus
472 1182 615 1260 efficeret,
640 1192 725 1267 atque
745 1181 798 1246 boc
815 1193 899 1268 pacto
916 1181 945 1245 iu
963 1184 1040 1247 omni
1058 1204 1155 1247 rerum
1173 1205 1281 1269 genere

142 1308 334 1373 eorumquae
353 1288 463 1351 laceret
478 1282 580 1362 ldecs,
610 1284 758 1370 ipsamque
776 1286 848 1349 adeo
864 1283 1010 1366 Matrem,
1040 1287 1156 1350 minime
1173 1308 1282 1371 cogno·

142 1392 240 1470 visse,
271 1412 304 1455 se
324 1410 396 1453 vero
415 1409 501 1451 enum
521 1385 672 1473 complenti
690 1387 786 1451 omnia
804 1409 975 1472 persuasum
995 1388 1142 1453 babuisse.
1189 1387 1281 1455 Cuius

142 1495 181 1557 illi
206 1493 390 1576 arrogantiae
412 1510 546 1554 caussam
563 1511 581 1552 ι
598 1486 696 1554 Μιιιι
715 1490 873 1576 praebitam
892 1492 1000 1571 luisse,
1035 1513 1109 1576 quae
1130 1493 1183 1556 boo
1201 1493 1280 1558 illum

142 1597 227 1659 modo
246 1612 399 1681 procreare
417 1592 560 1672 voluerit,
590 1603 623 1656 ut
638 1592 771 1678 propriae
789 1602 911 1656 naturae
928 1605 1013 1677 capnt
1033 1615 1067 1657 ac
1085 1595 1219 1681 princeps
1237 1608 1281 1660 to-

142 1699 255 1783 tiusque
271 1694 404 1760 domiuus
418 1693 516 1779 operis
531 1693 685 1757 existeret.
718 1692 848 1758 Eandem
864 1695 983 1779 insuper
995 1695 1122 1761 Matrem
1137 1710 1166 1762 et
1182 1695 1282 1783 Ogdo-

141 1801 222 1864 edcm
239 1808 361 1877 vocant,
391 1808 421 1861 et
438 1793 635 1882 Sapientiam,
659 1806 689 1858 et
704 1793 845 1875 Terram,
869 1807 899 1859 et
918 1795 1118 1878 Hierusalem,
1142 1812 1172 1863 et
1188 1799 1282 1886 Spiri-

140 1913 200 1966 tnm
216 1913 360 1978 sanctum,
379 1911 407 1963 ct
423 1899 582 1963 masculino
597 1917 707 1982 genere
722 1896 889 1961 Dominum.
935 1896 991 1963 Cui
1006 1901 1035 1963 in
1052 1902 1145 1965 media
1161 1906 1282 1988 regione

140 2004 295 2069 stationem
314 2001 492 2080 attribuunt,
523 2011 556 2065 ut
575 1996 736 2065 Conditorc
751 2000 949 2084 superiorem,
980 2002 1114 2067 sicinina
1133 2006 1180 2069 vel
1198 2019 1282 2070 extre

139 2105 276 2172 Pleroma
296 2106 332 2169 ad
354 2102 458 2169 Mundi
480 2103 566 2166 brem
587 2123 679 2187 nsque
702 2103 899 2166 constitutam.

224 2205 318 2293 igitur
339 2205 567 2292 quandoquidem
588 2214 719 2268 naturam
744 2204 822 2268 illam
851 2225 925 2288 qnae
943 2203 1070 2270 Materia
1093 2221 1207 2273 constat
1232 2211 1433 2292 tricipxstt.

141 2311 206 2396 plici
228 2309 446 2396 perturbatione
464 2305 608 2371 contineri
629 2317 782 2384 esserunt,
813 2318 909 2385 metu,
939 2309 1040 2371 dolore
1062 2331 1097 2373 ae
1115 2313 1220 2376 mentis
1239 2313 1282 2376 iu·

140 2412 224 2497 cpia,
257 2433 297 2476 ex
314 2422 393 2476 metu
412 2433 447 2474 ac
466 2410 660 2475 conversione
677 2409 812 2474 animalia
827 2429 958 2494 quaeque
974 2423 1160 2497 componunt.
1204 2413 1282 2478 Nam

142 2535 183 2578 ex
197 2513 392 2579 conversione
409 2509 598 2578 Conditorem
612 2513 758 2597 genitum,
781 2533 820 2575 ex
837 2522 915 2576 metu
933 2513 1073 2597 reliquam
1091 2537 1204 2580 omnern
1220 2519 1284 2581 ani·

141 2617 245 2681 malem
260 2616 453 2682 substantiam
469 2615 651 2693 existiment,
676 2614 835 2679 cuiusmodi
849 2626 917 2678 eunt
929 2616 1041 2679 ratione
1057 2620 1216 2684 carentium
1233 2621 1283 2685 be·

140 2718 263 2783 etiarnm
280 2729 310 2783 et
327 2721 454 2783 ferarum
471 2729 560 2803 atque
577 2716 723 2781 bominum
741 2718 867 2782 animae.
910 2716 1071 2805 Propterea
1089 2743 1153 2784 cum
1171 2724 1207 2786 ad
1225 2725 1283 2810 spi-

141 2821 234 2885 ritalia
254 2821 394 2905 quaedam
413 2820 615 2907 pernoscenda
632 2818 804 2884 imbecillior
822 2822 914 2899 leret,
948 2822 1041 2885 solnm
1060 2844 1093 2886 se
1111 2845 1178 2889 esse
1198 2828 1282 2890 deum

142 2923 328 3003 arbitratum,
352 2930 386 2987 ed
402 2944 455 3009 per
472 2924 627 3009 propbetas
644 2922 792 3000 edixisse,
814 2927 878 3002 ego
895 2928 978 2998 deur,
998 2939 1115 3005 praeter
1130 2950 1172 2990 me
1187 2933 1282 2991 nullus
1294 2948 1423 3006 satam.

141 3030 216 3090 ebur
232 3039 283 3089 est.
323 3023 375 3090 Ex
390 3026 503 3111 reliquo
518 3046 605 3111 porro
622 3024 868 3110 perturbationum
883 3047 991 3110 genere
1008 3028 1168 3113 spiritualia
1183 3033 1284 3116 nequi·

141 3128 199 3192 tiae
216 3141 386 3215 procreate,
416 3129 541 3213 indeque
560 3137 589 3191 et
606 3124 759 3191 Diabolum
779 3138 931 3207 exortum,
963 3151 1047 3213 quem
1066 3129 1283 3198 Moderatorem

141 3231 240 3295 mundi
258 3231 383 3310 leniunt,
407 3252 464 3295 una
481 3253 544 3295 cunr
563 3227 731 3294 Desmoniis
748 3240 778 3293 et
793 3230 933 3315 Angelis,
958 3243 1113 3317 ceteraque
1131 3236 1208 3298 omui
1225 3237 1284 3320 spl-

142 3333 218 3398 ritali
234 3333 380 3418 nequitiae
397 3331 578 3398 Substantia.
613 3330 723 3396 Verum
739 3328 928 3397 Conditorem
943 3335 1035 3418 ipsum
1050 3337 1202 3400 animalem
1219 3335 1284 3401 tta-

143 3437 195 3500 tris
211 3436 299 3500 lilium
315 3457 381 3500 esse
394 3437 504 3515 dicunt,
527 3432 747 3499 Moderatnrcm
761 3456 833 3500 rere
847 3437 943 3499 muudi
962 3438 1103 3520 quoddam
1119 3460 1191 3523 opus
1205 3437 1284 3503 Con·

143 3538 257 3603 diteris.
301 3538 348 3602 Ac
369 3539 465 3603 meridi
487 3559 559 3603 sane
579 3536 737 3603 llectorem
760 3559 833 3623 quae
854 3560 941 3623 supra
959 3559 992 3602 se
1011 3539 1086 3617 sint,
1118 3551 1215 3625 utpote
1235 3562 1285 3605 ne·

142 3641 249 3726 quitiae
265 3641 415 3726 spiritum,
438 3642 619 3728 intelligere,
644 3637 851 3720 Conditorem,
882 3642 957 3726 quod
975 3641 1107 3705 animalis
1124 3643 1179 3723 sit,
1203 3644 1285 3729 iguo-

140 3763 208 3809 rere
225 3744 394 3809 detendunt.
440 3743 573 3831 Quorum
591 3744 678 3808 etiem
697 3741 824 3809 Matrem
842 3765 929 3829 supra
946 3743 1057 3807 coelum
1076 3743 1206 3810 babitare
1225 3768 1285 3811 mc·

141 3845 189 3911 dio
205 3846 328 3931 quodam
343 3847 420 3925 loeo,
440 3843 628 3912 Conditorem
641 3866 714 3911 vern
729 3847 758 3910 in
773 3847 837 3931 ipso
852 3841 957 3924 Coele,
976 3845 1110 3910 nimirum
1123 3846 1153 3910 iu
1169 3847 1285 3914 llebdo·

142 3948 244 4029 mede,
276 3948 375 4013 mnndi
392 3947 551 4013 Rectorem
569 3949 694 4033 denique
712 3949 741 4012 iu
763 3948 817 4011 bon
835 3948 975 4011 inferiore
994 3946 1106 4012 Mundo
1126 3961 1286 4036 nostroque

175 4102 199 4155 2.
217 4100 324 4173 ψυχικὸν
340 4104 523 4155 desidmotarr'n
536 4104 697 4166 redemtio.
731 4104 806 4153 editis.
841 4104 952 4153 Petuntur
969 4107 1062 4168 corripit
1079 4101 1226 4171 dracontium.
1259 4109 1287 4158 br

143 4175 198 4223 etta
210 4173 346 4223 ocurrere.
368 4174 449 4222 Adtect
463 4173 492 4221 de
501 4173 637 4223 ιιιιιιιιιιι
646 4173 696 4222 nod
731 4172 781 4221 end.
793 4173 847 4221 Vra.
861 4173 932 4221 eobo
944 4169 969 4224 dr
982 4171 1017 4240 τῇ
1029 4170 1151 4240 μεσότητι
1160 4203 1190 4213 -
1199 4202 1232 4212 -
1242 4169 1286 4226 ria·

143 4242 220 4291 Pmetr'
235 4245 257 4290 et
273 4242 321 4291 Pet.
336 4242 432 4302 interpr.
731 4233 840 4303 οιριὶιιοι
853 4244 906 4289 snat
920 4243 1014 4291 omnen.
1043 4244 1086 4292 Vet.
1095 4244 1208 4306 interpres
1219 4246 1288 4294 uertit

176 4308 200 4359 3.
218 4304 324 4377 despexit
340 4309 408 4359 codd.
427 4310 501 4358 Velie.
525 4310 580 4357 Pers.
601 4308 697 4370 libediq.
731 4305 757 4356 in
774 4323 805 4357 eo
823 4304 865 4373 qni
882 4306 914 4356 eit
931 4308 957 4358 in
975 4308 1045 4360 caelo
1060 4309 1136 4362 locas.

143 4377 257 4428 meme.
290 4379 317 4428 la
334 4378 402 4427 editis
417 4381 481 4426 ertot
501 4372 607 4444 ψυχικᾶ.
764 4375 789 4425 5.
806 4373 996 4442 κοσμοκράτιρα
1012 4379 1063 4429 cod.
1081 4380 1135 4429 Vra.
1153 4384 1174 4429 et
1190 4383 1237 4430 ιιι.
1250 4380 1288 4431 la·

175 4441 201 4495 4.
218 4439 363 4510 temptam
375 4445 426 4495 ond.
435 4445 532 4507 dtbedr'p.
556 4445 586 4494 Et
598 4445 634 4492 itn
645 4456 699 4493 non·
731 4449 801 4505 terpr.
826 4443 1012 4511 ιιαιτικριὶτορα
1024 4448 1093 4498 codd.
1102 4447 1198 4511 ltbedtq.
1215 4450 1286 4499 Vottc.

141 4514 256 4565 ιωιιιωι
267 4514 415 4564 mseras·
425 4512 476 4578 (ear
487 4514 627 4563 creemur
635 4512 700 4561 uas·
731 4512 837 4563 oerum
853 4516 958 4577 nomm.

142 4584 219 4631 ιιιιιι
233 4594 292 4644 pop.
305 4576 369 4647 tn).
402 4574 575 4648 damnandum
591 4578 654 4631 met
674 4581 699 4631 tn
