3046 5084
410 355 545 407 rsuuun
561 356 626 408 urs.
637 358 657 408 ι.
675 357 757 409 rou.
771 359 802 408 u.
818 358 916 409 unus.
927 357 1024 409 xxvi.
1233 345 1295 409 183

142 479 213 536 Erit
226 487 356 557 tuaquom
374 479 483 556 [ι’ςιιιινι
499 478 575 555 qnod
584 478 743 555 plantatam
760 488 803 537 est
816 498 896 538 secas
904 481 1040 538 decursas
1056 498 1203 557 aquaram,
1221 482 1296 558 quod
1308 486 1383 531 raam
1401 485 1444 541 ¹2³-

141 580 268 656 fractam
283 600 364 639 sunni
378 579 459 638 dubit
480 581 511 636 r'n
525 587 648 654 tempore
662 597 725 637 rac.
770 577 869 658 Atque
884 577 914 639 in
931 579 1058 661 eoquod
1077 578 1214 660 seriptum
1237 589 1294 655 est,

145 683 234 739 Serus
243 684 380 740 decursas
394 699 542 758 uquarum,
563 675 685 738 iudicari
699 676 754 738 viri
772 677 936 738 foeditatem
950 681 1092 738 asseruit:
1117 678 1193 741 istud
1210 700 1293 753 vero,

144 785 225 859 (laod
239 784 368 861 frustm
383 800 464 840 raum
479 779 559 839 dalet
572 782 602 838 r’n
617 788 816 858 temporetam,
841 778 997 862 voluptatis
1013 778 1215 841 demonstrare
1232 801 1295 863 prn-

144 881 267 945 luviem.
312 878 391 943 Nam
409 881 484 962 quod
500 879 627 943 additum
643 890 706 959 est,
735 882 888 961 Etsolr‘auu
907 885 968 940 mbr
984 880 1040 940 rim
1055 883 1174 962 defluet,
1200 889 1258 943 tum
1282 903 1299 942 a

144 982 242 1058 nobis,
259 981 407 1063 inquiunt,
425 979 583 1064 perlicitnr,
607 1001 673 1044 oum
689 981 719 1043 in
737 991 844 1044 terram
862 981 998 1043 decidere
1015 1001 1072 1043 non
1091 981 1225 1063 patimur,
1247 985 1297 1044 sed

144 1085 263 1168 ipsimet
285 1083 354 1144 illud
376 1083 565 1146 absumimus.

230 1183 276 1247 Ac
291 1204 329 1246 ue
344 1183 465 1268 prolatis
478 1183 593 1247 illorum
608 1184 784 1248 testimoniis
799 1183 865 1269 plus
878 1183 1044 1247 detrimenti
1061 1204 1147 1266 quam
1164 1184 1297 1251 utilitatis
1316 1195 1375 1262 Cap.
1390 1197 1436 1246 tx.

146 1286 297 1364 adieram,
327 1285 436 1349 idcireo
453 1285 591 1369 pleraque
612 1286 730 1348 silentio
751 1285 991 1369 praetermittam.
1037 1285 1177 1370 Alioquin
1200 1285 1296 1349 oriruia

146 1408 224 1470 quae
245 1387 281 1451 ab
304 1387 361 1450 illis
378 1387 512 1450 dicuntur
534 1387 589 1450 boc
615 1387 681 1450 loco
699 1387 875 1472 explicando
901 1408 1173 1451 commemorarem.
1217 1382 1294 1451 Nam

147 1489 224 1572 quod
240 1489 269 1552 in
284 1490 427 1573 scripturn
441 1487 565 1572 legimus
582 1487 687 1553 Rbanb
706 1490 855 1553 coccinum
872 1489 902 1553 in
920 1492 1048 1552 fenestra
1068 1489 1214 1575 posuisse,
1235 1509 1292 1552 non
1319 1505 1387 1550 tonos
1400 1508 1420 1549 a.

147 1591 296 1654 unccinu
312 1600 388 1668 crat,
411 1589 559 1673 inquiunt,
582 1592 633 1654 sed
653 1591 795 1655 muliebre
814 1593 994 1676 pudendum,
1018 1591 1048 1653 in
1067 1611 1124 1674 quo
1139 1590 1295 1654 coccineus

148 1692 229 1754 color
242 1702 423 1755 menstruum
439 1693 613 1775 sanguinem
631 1691 788 1775 significat.
823 1690 901 1774 Quin
920 1693 1008 1755 etiam
1022 1694 1125 1755 eodem
1144 1692 1213 1755 illud
1231 1712 1296 1775 spe·

146 1803 222 1856 olata
246 1795 316 1855 Bibe
331 1816 433 1875 nquam
450 1798 486 1854 de
502 1799 559 1854 tru's
574 1799 658 1856 eosic
702 1791 852 1876 Siquidem
869 1795 990 1856 interire
1007 1815 1139 1871 carnem,
1163 1813 1218 1856 nec
1239 1813 1294 1857 cs·
1306 1811 1402 1868 Prona,
1413 1812 1443 1855 m.

145 1895 228 1965 citari
251 1897 347 1959 denuo
370 1895 557 1980 praedicant,
582 1915 705 1977 eamque
725 1896 761 1956 ad
777 1892 943 1979 Principem
960 1897 1118 1979 pertinere.
1157 1893 1225 1957 Vim
1244 1915 1295 1958 au·

146 2008 206 2060 tem
226 1996 323 2075 illam,
347 2017 423 2080 quae
446 1995 476 2058 in
499 1995 656 2058 menstruis
678 2007 725 2058 est
744 2016 779 2057 ac
801 1995 931 2074 semine,
955 1997 1080 2058 animam
1103 2015 1186 2070 esse,
1210 2017 1294 2078 quarn

146 2099 298 2163 collectam
321 2098 512 2161 comedimus.
557 2095 643 2160 Unde
665 2118 729 2160 cum
752 2096 889 2158 carnibus
906 2106 956 2158 aut
972 2097 1117 2173 oleribus,
1142 2107 1191 2158 aut
1208 2118 1294 2181 pane,

145 2202 276 2263 autulio
299 2199 434 2284 quopiam
457 2200 623 2275 vescimur,
648 2199 723 2261 bene
745 2201 781 2262 dc
803 2199 910 2262 creatis
932 2197 1020 2261 rebus
1043 2217 1206 2272 meremur,
1230 2197 1295 2258 dnm

147 2323 186 2365 ex
210 2303 255 2365 bis
277 2303 413 2364 omnibus
438 2302 563 2363 animam
591 2322 781 2384 corrogamus
809 2321 845 2364 au
867 2300 1018 2364 nobiscum
1040 2300 1071 2362 iu
1093 2301 1205 2362 coelum
1227 2320 1297 2363 erc·

148 2405 255 2467 bimus.
301 2401 429 2486 ideoque
452 2422 562 2485 genere
581 2404 660 2466 omni
681 2402 967 2479 semiunciarum,
992 2412 1024 2465 ul
1041 2401 1176 2483 generis,
1201 2401 1294 2467 aiunt.

148 2506 241 2570 nostri
256 2506 461 2569 misereamur.
505 2502 663 2569 Caeterum
686 2505 808 2568 candem
834 2506 932 2569 inesse
953 2516 1055 2589 putant
1072 2503 1246 2566 animalibus
1268 2515 1297 2565 et

149 2609 251 2672 bestiis
275 2619 308 2671 et
329 2607 458 2692 piscibus
484 2628 520 2670 ac
548 2607 733 2692 serpentibus
755 2607 897 2686 unimam,
931 2628 1004 2690 quae
1029 2606 1193 2668 huminibus
1214 2605 1295 2677 insit,

147 2731 202 2774 uec
219 2731 276 2773 nou
294 2722 326 2773 et
342 2704 471 2773 oleribus
492 2720 522 2772 et
537 2707 692 2772 arboribus
710 2729 744 2772 ac
759 2710 940 2792 germinibus
957 2710 1096 2772 infusam.
1140 2705 1201 2770 lain
1226 2727 1296 2770 veru

149 2913 265 2977 anobis
284 2913 427 2997 explicata
443 2924 523 2991 sunt,
548 2909 723 2977 CCCLXV
741 2912 907 2977 nominibus
922 2915 1102 2991 adscribunt,
1127 2912 1295 2998 quaePriu-

149 3015 244 3099 cipum
261 3033 328 3077 csse
346 3015 463 3099 propria
480 3015 636 3078 commenti
652 3024 732 3078 suut.
774 3013 817 3077 lta
837 3016 1014 3079 mulierculis
1033 3017 1199 3093 illudentes,
1224 3022 1296 3077 Con-

145 3121 268 3199 gredere
287 3136 407 3190 mccam,
435 3117 587 3201 inquiunt,
616 3129 649 3177 at
672 3129 701 3177 tc
723 3121 762 3178 nd
777 3123 934 3199 Principem
952 3123 1114 3199 pcrdrmnm.
1161 3117 1236 3180 Tum
1261 3119 1295 3179 ad

147 3219 280 3304 singulos
297 3218 391 3282 cuitus
405 3218 561 3283 barbarum
574 3217 689 3303 aliquod
707 3218 793 3282 unius
808 3241 849 3284 ex
868 3221 926 3283 illis
943 3242 1049 3284 nomeu
1069 3232 1180 3283 temero
1201 3218 1237 3280 ab
1260 3217 1296 3279 iis

147 3322 347 3406 excogitatum
365 3321 576 3406 pronunciant,
605 3342 640 3384 ac
657 3321 791 3385 nimirum
808 3322 862 3385 bac
886 3324 1009 3386 formula
1027 3332 1201 3407 precantur:
1236 3321 1300 3380 libi

147 3428 188 3485 N.
206 3427 371 3509 osteum,
395 3435 429 3484 ut
442 3427 482 3484 Ν.
499 3428 621 3485 mbbm'm
637 3426 754 3508 offerus.
802 3421 873 3487 lude
889 3425 946 3488 aliu
966 3445 1069 3487 rursus
1087 3423 1117 3485 in
1135 3441 1296 3503 corrgrcssu

148 3525 232 3590 alteri
248 3546 283 3589 sc
303 3525 411 3588 ollerre
428 3526 613 3610 praedicant,
637 3536 669 3588 ut
683 3536 713 3589 et
729 3526 756 3590 is
772 3527 855 3590 alteri
875 3535 1090 3610 repraesentet.
1137 3521 1181 3586 lta
1203 3523 1296 3587 donec

148 3647 204 3712 per
215 3622 390 3692 CCCLXV
404 3627 532 3692 libidinis
555 3648 590 3690 ac
607 3627 746 3692 lasciviae
762 3630 870 3711 gradus
885 3627 1088 3703 ascenderint,
1111 3626 1157 3688 vel
1174 3626 1296 3690 descen-

147 3728 245 3793 derint
262 3729 376 3815 potins,
405 3730 520 3814 quoties
541 3727 689 3794 Ven'crem
710 3741 864 3816 repetunt,
888 3728 1029 3792 eiusmodi
1052 3727 1164 3810 aliquod
1189 3751 1294 3793 nomen

146 3830 305 3917 appellant.
349 3830 424 3895 lude
440 3851 493 3917 per
511 3832 613 3895 eadem
634 3832 682 3895 ills
700 3831 887 3917 turpitudinis
907 3829 1034 3911 vestigia
1052 3830 1237 3911 relabuntur,
1261 3853 1295 3894 ac

146 3934 354 3998 circumuentis
376 3954 395 3996 a
417 3954 450 3996 se
473 3934 654 3997 mulierculis
679 3934 813 3997 illudunt.
858 3930 1017 4015 Postquam
1042 3944 1137 3997 aute·
1162 3935 1295 3996 iterando

146 4034 264 4121 saepius
287 4035 461 4114 concubitu,
493 4057 528 4098 ac
555 4035 630 4098 betis
652 4035 710 4099 illis
737 4034 903 4097 nominibus
924 4038 1089 4119 repetendis
1114 4032 1294 4100 dccxxx

145 4158 298 4202 numerum
317 4137 492 4223 implerunt,
522 4137 660 4222 deinceps
680 4138 728 4220 qni
756 4136 784 4198 id
811 4138 923 4219 egerit,
956 4139 1048 4223 palam
1070 4141 1106 4203 de
1131 4161 1163 4202 sc
1183 4137 1295 4223 praedi-

180 4324 204 4375 3.
222 4325 288 4393 φησὶ
305 4328 373 4377 codd.
392 4327 464 4374 l'otr'c.
481 4330 502 4373 et
516 4326 613 4387 llbedr'p.
772 4321 796 4373 6.
814 4326 992 4393 πεπλασμένων
1008 4332 1059 4380 cod.
1074 4331 1146 4378 t'utr'c.
1166 4331 1254 4389 Reliqua
1269 4330 1295 4374 u-

179 4388 205 4442 d.
221 4392 287 4460 φησὶ
301 4396 369 4444 codd.
389 4395 460 4442 Vulic.
478 4398 499 4441 rt
522 4394 619 4453 llbedtp.
740 4395 775 4442 bri
793 4395 992 4463 πεπλανημένων.

179 4457 205 4509 5.
221 4456 254 4515 τὰ
268 4463 365 4529 (rmore
380 4459 438 4528 τὰς)
454 4459 504 4528 τῆς
517 4463 568 4512 cod.
583 4462 655 4511 Vnde.
