3046 5084
261 339 321 403 078
681 352 803 406 ειιιοτι
820 354 988 407 mmmm

345 469 435 551 β’καί
449 468 488 547 λζ
506 468 591 553 Σχόλ.
635 471 692 538 Διό
706 473 795 558 λέγει,
808 469 924 559 Ἔγειρε
943 469 961 538 ό
980 475 1157 555 καθεύδων,
1181 476 1279 541 ”ul
1301 473 1411 541 δνόσια

262 573 297 636 ἐκ
318 579 378 635 τῶν
398 580 525 654 νεκρῶν,
547 576 599 638 καί
621 573 777 655 ἐπιφαύσει
798 596 845 640 σοι
867 572 885 640 ό
903 578 1039 659 Χριστός.

346 672 373 755 (Y
389 676 439 738 καλ
456 673 494 752 λζ
506 672 616 760 Ἔλεγχ.
662 676 768 742 Πόθεν
790 686 830 765 τῷ
852 675 1004 766 άποστόλφ
1022 678 1055 745 τό
1075 678 1132 744 Διό
1154 682 1204 745 καλ
1229 682 1321 767 λέγει,
1341 679 1411 747 άλλά

263 773 322 841 άτιό
339 783 391 857 τῆς
405 784 532 851 παλαιᾶς
550 782 640 860 δῆλον
655 778 820 861 διαθήκης,
841 787 928 845 τοῦτο
944 781 977 845 δέ
994 784 1150 866 ἐμφέρεται
1165 780 1249 868 παρά
1265 790 1309 871 τῷ
1323 780 1410 872 Ἠλία.

262 877 360 944 πόθεν
375 880 407 943 δὲ
425 876 535 962 όρμᾶτο
556 877 700 959 όἨλίας;
723 879 793 946 άλλά
809 879 851 957 είς
869 875 908 964 ἦν
922 889 982 949 τῶν
997 891 1178 969 προφητῶν,
1199 892 1261 950 τῶν
1276 884 1352 951 κατιλ
1364 886 1412 951 νό·

264 1008 320 1065 μον
344 984 609 1063 πεπολιτευμένων,
637 981 696 1048 άπό
722 983 816 1066 νόμον
838 987 888 1049 καί
912 993 1077 1070 προφητῶν
1095 983 1276 1072 όρμιιμενας.
1322 990 1365 1053 Et
1382 988 1414 1053 θλ

265 1087 297 1150 έν
314 1091 431 1172 Χριστῷ
451 1083 650 1168 προεφήτευσε
666 1084 714 1165 τό,
729 1084 844 1173 Ἔγειρε
864 1085 1071 1168 όκαθεόδων,
1093 1091 1144 1179 καί
1164 1086 1277 1155 άνάστα
1299 1091 1333 1155 έκ
1354 1096 1414 1155 τῶν

264 1194 391 1269 νεκρῶν,
417 1189 469 1251 καὶ
492 1187 648 1267 ἐπιφαύσει
673 1209 720 1253 σοι
744 1187 762 1253 o‘
784 1188 925 1274 Χριστός,
955 1183 1013 1276 άρά
1033 1216 1067 1278 γε
1091 1191 1124 1257 τό
1144 1194 1345 1277 πρωτότοκον
1366 1190 1415 1257 διά

265 1289 405 1373 Λαζάρου
419 1291 469 1353 καί
488 1296 548 1354 τῶν
564 1288 657 1355 άλλων
672 1290 874 1376 ἐπεπλήρωτο·
897 1293 965 1377 περί
987 1286 1030 1358 ῶν
1051 1297 1083 1358 οί
1104 1291 1242 1360 90αὐτοῦ
1264 1290 1414 1377 αλμφέβαλ·

265 1400 331 1470 λον,
354 1390 474 1474 Μάρθα
498 1394 548 1457 καί
568 1397 691 1477 Μαρία,
712 1396 861 1477 λέγουσαι,
880 1393 960 1477 Ἤδη
981 1393 1054 1475 όζει,
1075 1394 1245 1483 τεταρταῖός
1269 1398 1345 1462 έστι·
1365 1398 1416 1462 καί

266 1502 325 1559 τῶν
347 1501 401 1558 τοῦ
423 1492 661 1579 ἀρχισυναγώγου
683 1495 841 1581 λεγόντων,
865 1499 983 1578 Μηκέτι
1001 1496 1133 1563 σκόλλετε
1153 1498 1206 1564 τόν
1228 1497 1414 1577 διδάσκαλον,

267 1600 315 1662 καί
332 1594 424 1661 αὐτοῦ
440 1600 589 1683 λέγοντος,
612 1598 670 1680 Μὴ
690 1603 843 1680 φοβεῖσθε,
866 1597 902 1664 οὐ
919 1598 975 1684 γάρ
993 1598 1154 1679 άπέθανεν,
1177 1598 1248 1667 άλλά
1265 1605 1414 1667 καθεύδει.

267 1707 382 1781 Σαφῶς
408 1699 462 1785 γάρ
488 1703 584 1766 ἔκτοτε
606 1699 639 1764 τό
664 1699 801 1786 κήρυγμα
824 1700 919 1766 ἐκάλει
942 1700 1102 1769 άνάστασιν
1129 1700 1179 1767 διδ
1201 1708 1337 1789 Χριστοῦ
1358 1706 1416 1771 έσι·

268 1815 353 1869 σθαι·
376 1805 427 1868 καί
446 1801 477 1868 τό
497 1801 715 1880 έξουσιαστικόν
734 1811 787 1885 τῆς
809 1802 953 1888 εὐχερείας
975 1802 1178 1883 όπεδείκνυεν,
1198 1808 1250 1871 ἰ’να
1271 1805 1306 1871 τό
1330 1809 1416 1873 δυνα-

267 1906 320 1972 τόν
335 1914 388 1971 τοῦ
405 1913 536 1989 Χριστοῦ
550 1903 705 1995 όποδείξη,
728 1905 773 1971 ὅτι
788 1903 830 1982 ῶς
848 1914 889 1994 τῷ
904 1904 1057 1997 άνθρῶπφ
1076 1904 1202 1994 ιδχερίς,
1223 1907 1261 1975 οδ
1276 1908 1331 1975 τόν
1343 1908 1416 1977 ολκο·

268 2009 415 2088 θανόντα,
447 2006 515 2072 άλλά
539 2006 592 2073 τόν
616 2006 804 2074 καθεόδουτα
832 2008 882 2074 διά
907 2017 1009 2093 φωνῆς
1035 2012 1159 2096 ἐγεῖραι,
1188 2008 1286 2089 οὕτως
1304 2014 1358 2077 καί
1376 2020 1417 2102 τῷ

273 2120 390 2201 Χριστῷ
406 2105 445 2194 ἦν
460 2109 630 2193 ἕτοιμότατα
646 2110 678 2177 τό
695 2114 801 2190 εἰπεῖν,
824 2110 942 2197 Λάζαρε
958 2117 1047 2199 δεῦρο
1069 2114 1141 2193 ἔξω,
1163 2114 1215 2179 καί
1230 2112 1283 2195 αδ,
1305 2116 1417 2197 Κοαμλ,

270 2219 361 2298 κουμί
383 2212 505 2294 ταλιθά,
527 2215 674 2279 τουτέστιν
697 2212 856 2296 Ἀνάστηθι
880 2212 901 2296 ἡ
925 2223 1009 2291 παῖς·
1042 2217 1137 2281 91καί
1158 2213 1196 2282 δι’
1219 2208 1263 2283 ιλν
1285 2220 1419 2303 ἐναργῶν

271 2317 447 2395 άποδείξεων
469 2315 611 2399 ἐσήμανεν
634 2314 652 2382 ό
673 2316 759 2401 λόγος
783 2315 837 2399 την
858 2314 943 2399 ἡμῶν
965 2324 1084 2401 κτῆσιν,
1107 2315 1166 2385 άιτδ
1189 2326 1306 2405 νεκρῶν
1325 2322 1419 2407 ἔργον

271 2425 322 2487 καί
339 2421 436 2487 ὕπνου
452 2421 566 2505 βαρέως
582 2416 666 2501 ἡμῶν
681 2426 741 2484 τῶν
757 2443 827 2485 ποτε
842 2418 1054 2485 καθευδόντων
1071 2418 1257 2507 α’νεγιίροντα
1276 2420 1330 2489 τόν
1350 2428 1420 2509 Χρι·

272 2521 340 2589 στάν
356 2525 407 2588 καί
426 2521 476 2587 διά
493 2530 547 2605 τῆς
562 2521 691 2605 κλήσεως
706 2527 869 2602 φωτίζοντα
886 2520 980 2605 ἡμᾶς·
1001 2521 1067 2605 ἥτις
1086 2524 1187 2610 γέγονε
1205 2526 1331 2611 δευτέρα
1346 2524 1422 2609 αθτη

272 2629 374 2710 σχέσις.
423 2625 462 2691 Τό
486 2626 518 2690 δὲ
536 2626 644 2690 τέλειον
659 2627 710 2689 καί
726 2625 892 2691 καθολικόν
914 2622 1174 2711 προςδοκοόμενον,
1196 2624 1307 2694 ι’ίτανό
1332 2624 1422 2705 αόιδς

273 2727 291 2796 ό
312 2732 417 2815 λέγων,
437 2725 512 2812 Ἐγιό
531 2730 589 2810 είμι
609 2725 629 2809 ἡ
650 2724 822 2806 όνάστασις,
849 2726 964 2805 πάντας
984 2730 1093 2817 καλέσῃ
1113 2730 1164 2794 καί
1186 2730 1285 2819 ίγείρη
1308 2728 1422 2813 δείματι

274 2834 325 2898 καί
342 2839 439 2921 ψυχῇ,
462 2832 513 2896 καί
527 2834 641 2920 φωτίση
657 2832 690 2895 έν
706 2837 743 2920 τῇ
759 2827 852 2896 αὐτοῦ
869 2830 1012 2920 μελλοόση
1027 2834 1184 2919 παρουσίᾳ.

360 3138 385 3227 γ’
404 3142 455 3205 καί
471 3142 515 3223 λη’
530 3138 617 3224 Σχόλ.
659 3137 737 3205 Ἀντί
755 3137 907 3204 9’τούτου
924 3143 1094 3221 καταλείψει
1113 3136 1279 3227 ἅνθρωπος
1293 3136 1347 3207 τόν
1367 3164 1422 3205 τια-

277 3246 345 3330 τέρα
363 3242 455 3310 αάτοῦ
477 3244 528 3307 καί
545 3241 599 3325 τὴν
617 3244 743 3329 μητέρα,
764 3243 817 3307 καί
832 3242 1041 3326 κολληθήσεται
1061 3244 1249 3331 τῇγνναικλ,
1269 3242 1322 3309 καί
1342 3242 1424 3309 ΙΜ-

277 3376 325 3414 ται
346 3351 378 3414 οί
397 3345 451 3412 δύο
474 3348 516 3422 είς
536 3344 631 3430 σάρκα
652 3350 737 3429 μίαν,
758 3344 840 3431 παρά
860 3343 910 3424 τό,
936 3350 980 3435 Τῇ
1000 3348 1125 3429 γυναικί

362 3449 386 3537 γ’
405 3451 456 3516 καί
472 3448 516 3532 λη’
529 3449 640 3535 Ἕλεγχ.
682 3446 899 3514 Ἀποδέδεικται
918 3444 1058 3524 πολλάκις
1074 3446 1116 3531 μή
1135 3444 1272 3533 τίλλότρια
1292 3442 1369 3515 ιλιαι
1388 3444 1427 3513 αι’

153 3589 204 3636 μς.
216 3576 261 3624 επ.
280 3557 312 3622 ἐν
333 3562 374 3643 τῷ
395 3552 477 3644 υόμφ
498 3562 561 3629 τοῖς
582 3550 642 3619 άπό
667 3558 721 3617 τοῦ
742 3548 909 3618 άποστόλου
930 3551 1167 3635 διδασκομένοις,
1193 3548 1252 3617 κῶν
1271 3574 1304 3617 τε
1324 3540 1425 3631 affl

280 3662 438 3743 Μαρκίων,
460 3655 642 3746 ααρακόψης
657 3654 690 3720 τό
708 3661 737 3718 Γ
732 3658 840 3720 υναικί.
880 3651 953 3719 ’And
969 3658 1024 3719 τοῦ
1036 3652 1104 3741 γάρ,
1116 3651 1259 3721 Ἔσονται
1273 3656 1319 3733 είς
1331 3652 1427 3743 αὖραι

280 3766 364 3846 μίαν,
387 3757 460 3843 δήλη
481 3780 536 3825 σου
559 3762 638 3825 έσται
659 3754 680 3841 ἡ
701 3764 782 3823 πᾶσα
803 3760 986 3846 ρίαδιουργία.

282 3989 359 4044 ΤΗΣ
376 3986 476 4042 ΠΡΟΣ
494 3989 523 4021 ⁹³
534 3984 771 4039 ΚΟΛΟΣΣΔΕΙΣ
788 3982 934 4037 ΟΓΔΟΗΣ
951 3982 1046 4037 nm
1062 3978 1129 4035 ΤΩῙ
1145 3980 1334 4037 mmom·
1350 3982 1430 4039 Ι·

329 4073 477 4135 mmlx,
495 4072 588 4124 ΠΔΡΔ
607 4071 652 4125 ΔΕ
669 4068 736 4123 Tol
754 4066 970 4123 ΑΠΟΣΤΟΔΩΙ
986 4066 1161 4121 mom
1177 4066 1389 4125 mum

367 4189 394 4255 α’
410 4192 461 4257 καί
475 4187 523 4255 λθ’
540 4186 625 4272 Σχόλ
669 4185 728 4270 Μὴ
742 4179 797 4253 οὖν
811 4212 856 4265 τις
869 4182 949 4270 δμᾶς
960 4184 1084 4272 κρινέτω
1099 4186 1133 4251 έν
1146 4182 1267 4273 βριέαει,
1287 4182 1312 4271 ἢ
1326 4186 1361 4255 δν
1375 4182 1432 4255 κέ·

316 4414 357 4469 89.
376 4420 450 4468 Verba
469 4416 513 4471 καὶ
526 4410 623 4470 ἀνάστα
639 4412 669 4468 ἐκ
681 4414 731 4469 τῶι
745 4414 839 4480 νεκρῶν
905 4411 947 4465 91.
963 4412 1017 4476 καὶ,
1031 4414 1174 4463 αῠοιιαιιουι
1185 4414 1253 4463 &m
1263 4414 1376 4477 λαιαίαι,
1386 4427 1433 4467 αα-

284 4488 445 4537 desiderantur
461 4501 541 4549 supra.
871 4486 930 4534 οἰκία
943 4485 1032 4535 notavit
1044 4484 1162 4533 Ριίανίιιι.
1195 4482 1248 4532 Nn
1267 4484 1383 4533 Ηαίίεαθ
1396 4484 1434 4535 ιδ·

286 4554 365 4678 αὔξη
378 4558 474 4607 οιαιιω
491 4550 575 4607 αὐτοῦ.
611 4555 684 4618 ιαμ
696 4556 759 4604 emm
777 4557 842 4604 ιαω
873 4554 954 4604 οιιιαι
973 4554 1133 4603 omnuim
1148 4550 1259 4603 ιιιιιιιι
1271 4540 1433 4619 Hm*
