3046 5084
396 368 531 421 raanan
547 370 610 423 nra.
623 374 642 424 r.
658 372 740 425 rom.
753 374 783 425 n.
800 373 1014 437 nnnmrmxa
1215 365 1274 428 341

125 510 173 555 me
195 510 264 555 ase
285 486 461 573 excogitatis
484 488 633 571 praeclare
650 489 687 553 ab
703 489 767 555 aliie
788 491 863 555 diota
883 492 1028 556 violenter
1045 495 1272 561 accommodant.

130 592 238 678 Neque
260 613 299 656 ex
321 588 499 675 evangelicis
521 590 613 653 solum
633 591 857 676 apostolicisque
878 594 1011 678 scriptis,
1044 616 1163 678 quornm
1184 599 1274 661 inter-

131 695 310 781 pretationes
329 693 504 776 detorquent
521 712 556 754 ac
573 712 679 756 sensus
698 693 876 773 adulterant,
908 695 1037 758 rationes
1057 707 1086 758 et
1103 711 1273 781 argumenta

130 799 321 882 conquirunt,
355 793 566 858 verumetiam
593 795 721 878 exlege
744 816 778 859 ac
802 796 947 881 prophetis
972 808 1140 876 arcessunt,
1175 809 1273 885 utpote

130 921 251 985 quornm
270 896 336 961 libri
354 895 497 982 parabolis
514 907 544 959 et
558 896 705 982 allegoriis
723 898 824 961 relecti
842 910 926 978 snnt,
951 920 1070 982 quarum
1089 921 1195 985 anceps
1213 922 1273 963 anr-

128 1000 273 1087 bignaqua
292 997 438 1063 sententia
451 999 486 1062 ad
502 1000 616 1063 diversa
630 1009 725 1085 potest
738 1001 911 1085 explicando
925 1001 1062 1065 derivari.
1093 1000 1167 1066 Cum
1184 1003 1274 1067 inter·

128 1105 167 1168 im
184 1102 233 1166 alii
248 1102 351 1165 iisdem
369 1100 425 1164 illia
442 1100 543 1164 callide
561 1122 596 1164 ac
611 1102 789 1165 veteratorie
804 1104 838 1165 ad
857 1124 998 1186 nugarum
1014 1125 1130 1167 suarum
1148 1105 1272 1188 patroci-

130 1206 208 1268 nium
228 1204 398 1282 abutantur,
429 1222 538 1286 eosque
553 1203 601 1288 qni
618 1202 648 1265 in
665 1203 749 1267 deum
768 1216 877 1290 patrem
894 1205 1119 1288 omnipotentem
1138 1216 1167 1267 et
1184 1227 1269 1270 onom

129 1306 275 1370 dominnm
296 1302 392 1369 lesum
413 1300 560 1369 Christum
583 1305 672 1371 utinm
694 1307 740 1370 dei
762 1307 894 1370 stabilem
919 1307 1084 1392 firmantque
1107 1309 1189 1372 bdem
1212 1330 1269 1372 non

129 1408 310 1487 custodiunt,
334 1428 351 1471 a
372 1407 495 1471 veritate
516 1407 596 1471 uelut
617 1408 748 1494 captivos
771 1420 915 1473 avertant.

212 1507 273 1574 lam
293 1530 368 1594 qnae
388 1518 471 1572 extra
489 1505 623 1573 Pleroma
646 1521 715 1574 snat
735 1510 845 1574 abillis
864 1510 918 1575 boc
937 1512 1021 1575 modo
1040 1513 1417 1601 constituunturcopbtvn.

128 1611 337 1698 Enthymesin,
368 1610 423 1674 boe
445 1622 492 1674 est
513 1607 745 1694 Cogitationem,
776 1614 911 1677 coelestis
932 1614 1008 1677 illius
1031 1612 1199 1699 Sapientiae
1225 1618 1268 1679 le·

127 1725 196 1778 rant
215 1735 299 1800 quam
317 1723 348 1777 et
363 1712 526 1777 Achamoth
546 1725 728 1799 nuncupant,
752 1736 769 1778 a
786 1712 951 1779 Pleromate
969 1737 1033 1778 cum
1052 1717 1268 1800 perturbatione

125 1826 308 1903 segregatam
323 1816 353 1878 in
373 1815 509 1879 umbrosa
529 1826 559 1877 et
575 1815 671 1878 inania
687 1816 752 1880 loca
771 1818 915 1881 violenter
931 1818 1052 1882 eiectam
1072 1819 1172 1882 luisse.
1220 1817 1267 1883 Si·

124 1920 238 2005 qoidem
261 1929 347 1983 extra
369 1918 465 1982 lumen
488 1937 523 1980 ac
540 1913 693 1997 Pleroma,
730 1919 808 1981 velant
830 1919 947 1983 abortus
970 1921 1101 2003 qnidam,
1134 1921 1266 1986 informis

125 2032 211 2108 atque
232 2020 362 2106 impolita
384 2020 574 2098 constiterat,
610 2021 685 2104 qnod
710 2020 780 2083 nibil
803 2022 920 2083 omnino
942 2022 1090 2107 percipere
1112 2025 1264 2108 potuisset.

125 2124 219 2189 Huius
234 2123 434 2187 misericordia
451 2133 613 2207 permotum
630 2118 794 2200 Christum,
819 2144 853 2185 ac
872 2144 923 2207 per
938 2120 1062 2186 Crucem
1079 2137 1191 2187 suamet
1206 2128 1265 2188 vir·

124 2239 185 2292 tute
207 2237 389 2312 porrectum,
420 2246 483 2289 eam
507 2237 611 2290 natura
631 2234 715 2289 tenos
733 2246 791 2288 non
810 2225 908 2289 itidem
928 2226 1093 2309 cognitione
1111 2227 1262 2311 figurasse,

123 2350 216 2415 eaque
235 2331 415 2415 reperiente
433 2350 468 2392 an
486 2329 592 2393 virtute
611 2349 663 2392 sua
680 2336 827 2391 contracta
845 2328 941 2390 statim
960 2330 1110 2406 evolasse,
1141 2351 1204 2392 cum
1224 2330 1264 2392 ita

123 2455 187 2497 earn
207 2432 389 2517 reliquisset,
413 2442 445 2496 nt
463 2430 634 2496 calamitatis
650 2451 721 2495 suae
739 2452 855 2494 sensum
876 2430 1013 2516 capiens,
1037 2432 1110 2514 quod
1128 2451 1145 2493 a
1163 2428 1263 2494 Plero-

122 2546 199 2601 mate
219 2547 299 2600 esset
321 2534 468 2613 extorris,
497 2533 739 2619 praestantiorum
755 2533 911 2619 cupiditate
928 2544 1094 2613 teneretur,
1125 2555 1188 2597 oum
1207 2535 1263 2598 iam

124 2640 212 2703 odore
235 2637 358 2723 quodam
381 2647 460 2701 esset
478 2636 701 2700 immortalitatis
722 2636 831 2714 afflata,
862 2656 946 2719 quem
969 2636 997 2699 in
1021 2657 1055 2700 ea
1074 2632 1209 2700 Christus
1230 2658 1264 2702 ac

124 2738 252 2826 Spiritus
272 2751 391 2804 sanctus
413 2739 601 2825 reliquerant.
648 2734 694 2803 0b
720 2737 749 2801 id
773 2737 901 2822 utrisque
926 2739 1062 2824 appellari
1085 2739 1261 2804 nominibus.

123 2842 199 2907 Nam
217 2852 247 2906 et
265 2839 442 2929 Sapientiam
462 2852 582 2926 paterna
600 2841 882 2927 appellationedici‚
906 2843 980 2925 qnod
998 2842 1061 2905 eins
1079 2839 1191 2905 Parens
1208 2840 1264 2907 Sa-

124 2945 387 3032 pientiavocctnr,
420 2954 449 3008 et
466 2943 605 3031 Spiritum
623 2954 773 3021 sanctum,
807 2944 842 3006 ab
861 2964 896 3005 co
915 2944 961 3028 qui
979 2965 1043 3007 cnm
1061 2941 1179 3008 Christo
1194 2966 1263 3009 con·

122 3049 237 3113 iunctus
256 3058 302 3111 cst
320 3045 441 3132 Spiritu.
488 3048 515 3110 Α
534 3047 637 3131 quibus
657 3048 749 3111 edicta
768 3046 1014 3130 intelligentiaque
1034 3047 1187 3126 decorata,
1212 3050 1262 3112 sed

123 3172 159 3215 eo
172 3150 306 3229 subinde,
329 3150 405 3235 qnod
422 3150 451 3214 in
467 3149 516 3213 illa
531 3170 585 3213 nec
600 3148 775 3235 aspectabile
791 3150 895 3227 inerat,
917 3147 1028 3227 Verbo,
1049 3149 1103 3213 hoc
1118 3160 1164 3214 cst
1178 3146 1263 3213 Chri-

122 3266 186 3333 sto,
210 3253 349 3337 spoliata,
375 3253 410 3316 ad
427 3252 542 3316 luminis
558 3250 635 3316 illius
651 3252 725 3336 qnod
741 3260 902 3315 evanuerat
914 3250 1130 3335 inquisitionem
1148 3271 1262 3314 omnem

121 3360 258 3442 impetum
276 3354 453 3432 contulisse,
476 3355 528 3418 sed
543 3354 579 3418 ah
595 3353 679 3418 Horo
693 3354 863 3439 prohibitam
881 3354 950 3416 nibil
966 3354 1104 3436 consequi
1120 3353 1259 3437 potuisse.

123 3455 190 3543 Quo
209 3468 339 3544 tempore
354 3456 513 3542 contigisse
528 3468 575 3535 ot,
599 3478 663 3522 eum
677 3456 772 3537 illam,
796 3477 832 3520 ne
848 3457 921 3520 altra
936 3455 1139 3533 contenderet,
1164 3453 1262 3519 Horas

125 3570 264 3626 coercere
286 3561 391 3640 vellet,
422 3556 474 3624 lac
496 3559 845 3645 voeabulomprolerre13
877 3580 917 3622 ex
938 3579 994 3642 qno
1016 3557 1098 3620 vocis
1120 3556 1260 3640 originem

122 3667 293 3751 prolectam.
339 3659 413 3728 Cum
437 3662 526 3748 igitur
547 3682 733 3750 perrumpere
761 3661 870 3726 Horum
898 3660 1062 3745 nequisset,
1096 3658 1162 3722 ideo
1186 3662 1261 3744 quod

124 3766 342 3854 perturbatione
357 3766 503 3852 implicata
521 3766 716 3846 detineretur,
739 3786 773 3829 aa
789 3765 850 3829 sola
867 3774 952 3826 extra
970 3760 1174 3840 remansisset,
1196 3784 1262 3849 per-

123 3869 296 3935 turbationis
319 3868 423 3945 huius,
454 3888 528 3953 qnae
547 3868 699 3953 multiplex
720 3880 784 3932 erat
803 3888 837 3931 ac
856 3864 954 3943 varia,
984 3863 1113 3949 partibus
1129 3866 1261 3932 omnibns

122 3973 327 4052 succubuisse,
358 3971 548 4055 affectumque
571 3971 671 4036 doloro
696 3971 834 4056 primunr,
862 3968 940 4052 quod
962 3966 1031 4030 nibil
1055 3981 1187 4033 assecuta
1209 3970 1258 4048 sit,

155 4193 179 4250 4.
195 4193 372 4252 dmnrmbdnro
388 4196 439 4245 cod.
456 4197 512 4245 Van
709 4197 745 4244 itti
757 4195 852 4258 pentius·
862 4206 904 4252 per
916 4193 1048 4256 cpeseqeen'n
1061 4193 1175 4244 babendo
1188 4195 1222 4243 od
1234 4208 1262 4244 co

155 4266 339 4321 demulceatis
356 4258 453 4330 αὐτὴν,
470 4256 541 4323 ὅπως
555 4265 677 4314 manunt
710 4276 769 4325 quse
784 4266 955 4324 praecesserant
978 4263 1047 4311 uerbo
1065 4252 1146 4329 ὀδμὴν
1163 4253 1261 4329 ἀφθαρ-

122 4336 216 4387 mmihi
229 4348 259 4385 es
272 4338 317 4384 net.
333 4334 430 4395 interpr.
464 4334 515 4383 Non
530 4346 589 4394 opus
604 4336 644 4382 est.
712 4329 776 4390 σίας.

154 4400 180 4457 6.
196 4405 234 4454 lto
248 4403 300 4453 eod.
316 4405 370 4452 Ven.
408 4402 480 4462 Vutqo
496 4393 585 4466 adrolo.
744 4402 769 4449 a
786 4400 822 4449 lto
837 4400 887 4449 aad
903 4400 973 4461 Vern,
997 4399 1131 4460 scarpim
1145 4412 1198 4449 curn
1214 4401 1261 4451 Vct

155 4468 180 4523 7.
198 4464 410 4523 ammaum
425 4468 471 4521 τοῦ
485 4466 678 4533 Xerseetln-
709 4469 806 4530 latcrpr.
840 4468 913 4530 Vulgo
928 4458 1042 4531 ἀοράτου.

122 4544 192 4601 tone.
216 4541 309 4591 nanno
317 4540 441 4602 outpotoot
450 4539 678 4601 scripturom,qannr
745 4533 770 4587 9.
788 4530 861 4600 μόνον
877 4537 927 4585 cod.
947 4538 1000 4584 ναι.

123 4608 217 4670 qatdenr
232 4608 286 4657 tort
303 4610 393 4657 manne
408 4608 456 4657 mel
471 4618 565 4667 menes,
588 4608 615 4656 att
633 4608 679 4656 nal
747 4604 786 4655 10.
803 4601 846 4655 καὶ
862 4602 1013 4670 πολυμεροῦς
1029 4603 1080 4654 cod
1094 4605 1147 4654 Ven.
