3046 5084
295 313 353 373 112
711 321 830 373 SANch
848 320 1015 373 εειεειιεειι

293 441 353 503 Καὶ
371 441 544 516 συναλίζεται
562 434 599 502 ού
620 435 753 519 δοκήσει,
776 435 846 502 άλλά
866 435 1006 525 άληθείηι,
1028 435 1178 502 παιδεύων
1193 462 1223 502 τε
1241 439 1355 523 ἐδίδαξε
1376 445 1433 524 βα·

292 545 399 606 σιλείαν
418 536 551 624 οὐρανῶν
571 537 726 623 κηρύσσειν
750 542 783 603 ἐν
805 537 945 628 άληθείηι,
972 537 1005 604 τό
1029 541 1102 624 μέγα
1121 541 1171 603 καὶ
1191 540 1433 623 κορυφαιόταιον

290 647 438 724 σημαίνων
458 651 521 717 τοῖς
537 651 700 723 μαθηταῖς,
722 643 772 705 καί
786 644 886 727 λέγων,
908 639 1126 723 Μαθητεύσατε
1142 639 1176 705 τά
1193 643 1279 724 ἔθνη,
1300 647 1432 710 τουτέστι

291 741 476 826 μεταβάλλετε
491 741 526 806 τά
542 746 614 825 έθνη
632 742 691 808 άπδ
708 748 812 818 κακίας
829 747 870 819 είς
885 741 1044 825 άλήθειαν,
1066 739 1125 806 άπό
1147 745 1284 826 αἱρέσεων
1299 747 1341 820 είς
1358 751 1431 827 μίαν

290 845 424 927 ἑνότητα·
447 849 603 926 βαπτίσατε
619 843 728 920 αύτούς
741 848 781 920 είς
796 843 890 927 όνομα
905 843 1016 927 πατρός
1029 847 1077 909 καί
1093 848 1161 909 υίοῦ
1176 846 1225 909 καί
1241 842 1327 930 άγίου
1340 847 1429 912 πνεύ-

288 974 394 1030 ματος,
416 949 458 1020 είς
473 944 526 1028 τὴν
541 945 686 1029 κυριακην
701 943 861 1025 όνομασίαν
878 952 930 1026 τῆς
943 944 1075 1026 τριάδος,
1097 945 1151 1027 τὴν
1167 943 1252 1031 άγίαν
1272 949 1322 1010 καί
1343 952 1427 1029 βασι·

288 1047 373 1131 λικην
394 1050 579 1130 2σφραγῖδα·
601 1050 651 1109 ἰ’να
668 1050 746 1132 δείξη
764 1048 797 1110 ἐκ
813 1053 866 1110 τοῦ
887 1044 1031 1128 ύνόματος
1050 1051 1193 1129 μηδεμίαν
1214 1045 1365 1114 άλλοίωσιν
1386 1047 1426 1114 εί·

288 1177 337 1213 ναι
359 1155 412 1229 τῆς
436 1153 505 1228 μιᾶς
528 1144 669 1226 ἐνότητος.
709 1148 810 1211 Ὅπου
831 1147 886 1232 γάρ
910 1151 941 1211 οί
962 1146 1165 1230 βαπτιζόμενοι
1187 1147 1348 1215 κελεύονται
1373 1148 1426 1215 ύπ’

288 1248 379 1314 αύτοῦ
393 1251 434 1324 είς
453 1247 547 1328 ὄνομα
568 1245 693 1330 πατρός,
716 1245 848 1330 άσφαλής
868 1245 1071 1334 ἦδοξολογία·
1094 1253 1135 1324 είς
1151 1248 1244 1330 ὄνομα
1260 1254 1345 1331 υίοῦ,
1368 1251 1425 1317 ούκ

289 1350 465 1424 ἀποδέοντας
485 1346 505 1432 ἡ
529 1351 689 1429 ἐπίκλησις·
713 1353 754 1425 είς
772 1347 866 1432 ύνομα
885 1348 970 1436 άγίου
989 1350 1171 1432 πνεύματος,
1193 1349 1229 1415 ού
1249 1354 1427 1440 διῃρημένος

288 1451 306 1519 ό
326 1452 502 1533 σύνδεσμος,
537 1448 604 1516 ούτε
631 1447 914 1535 άπηλλοτριωμὲνος,
947 1459 999 1533 τῆς
1026 1461 1096 1534 μιᾶς
1116 1451 1257 1535 θεότητος
1277 1455 1350 1535 έχων
1370 1453 1425 1537 τὴν

291 1557 470 1639 3σφραγῖδα.

151 1979 218 2048 Κεφ,
235 1977 266 2034 δ’,
369 1964 430 2026 Καὶ
442 1958 595 2043 άυεληφθη
611 1962 651 2036 εἰς
664 1957 791 2045 ούρανδν
805 1962 835 2024 έν
848 1957 926 2049 αύτῷ
941 1967 980 2049 τῷ
993 1960 1162 2043 σωματικαὶ
1175 1969 1212 2050 τῇ
1224 1973 1306 2055 ψυχῇ
1319 1969 1421 2059 καὶτῷ

284 2070 336 2152 νῷ,
358 2063 522 2139 συνενοίσας
537 2067 578 2139 είς
592 2068 661 2146 μίαν
676 2061 797 2145 ἑνότητα
811 2064 862 2126 καί
881 2068 951 2144 μίαν
964 2063 1164 2146 πνευματικὴν
1177 2062 1348 2148 ύττύστασιν,
1369 2074 1420 2136 καί

284 2169 390 2231 ἐνθεον
405 2163 575 2241 άιτοτελέσας
587 2163 726 2231 ἐκάθισεν
740 2166 771 2229 ἐν
787 2168 865 2252 δεξιᾷ
881 2170 934 2228 τοῦ
950 2163 1071 2249 πατρός,
1093 2166 1215 2247 πέμψας
1230 2166 1362 2253 κήρυκας
1378 2176 1421 2250 είς

284 2267 354 2351 ύλην
365 2266 418 2351 την
428 2270 613 2350 οἰκουμένην,
630 2273 751 2349 Σίμωνα
762 2267 886 2346 Πέτρον,
905 2267 954 2329 καλ
964 2264 1102 2350 Ἀνδρίαν
1111 2264 1163 2331 τόν
1174 2265 1303 2350 άδελφδν
1315 2271 1418 2353 αύτοῦ,

281 2368 420 2453 Ἰάκωβον
435 2373 485 2436 καί
498 2368 637 2452 ’ίωάννην
653 2367 722 2444 τούς
734 2366 820 2441 υἱούς
833 2370 1002 2448 Ζεβεδαίου,
1021 2367 1074 2443 ούς
1088 2365 1177 2433 πάλαι
1191 2370 1344 2454 ἐξελέξατο,
1365 2381 1419 2442 Φί.

281 2481 390 2539 λιππον
412 2475 462 2538 καί
480 2479 720 2556 Βαρθολομαῖον,
748 2475 928 2546 Ματθαῖον,
959 2473 1069 2551 Θωμᾶν
1089 2495 1118 2535 τε
1138 2473 1190 2535 καλ
1210 2469 1429 2569 Ἰούδανῌιιαλ,

285 2578 449 2652 Θαδδαῖον,
471 2578 593 2655 Σίμωνα
609 2570 660 2636 τόν
677 2569 823 2653 Ζηλωτήν.
866 2567 980 2645 ’ίούδας
995 2569 1049 2656 γάρ
1068 2568 1297 2658 όἸσκαριαίτης,
1320 2579 1348 2643 εί
1366 2583 1418 2645 καλ

283 2675 386 2759 πρύην
406 2677 438 2739 ἐν
452 2683 514 2750 τοῖς
528 2670 642 2737 δάδεκα
658 2675 830 2755 ἐψηφίζετο,
853 2670 1000 2755 προδότης
1015 2670 1170 2758 γενόμενος
1186 2672 1342 2762 άπετμήθη
1363 2688 1420 2746 τοῦ

282 2774 368 2862 άγίου
388 2782 447 2840 τῶν
469 2771 639 2840 άποστύλων
662 2772 832 2859 καταλόγου.
873 2770 1031 2838 ’Λπέστειλε
1050 2775 1081 2839 δὲ
1101 2776 1151 2839 καί
1169 2774 1272 2855 άλλους
1290 2781 1415 2865 ἕβδρμη.

281 2875 425 2943 κονταδύο
441 2873 601 2960 κηρύττειν,
623 2878 652 2952 ἐξ
669 2868 710 2940 ὧν
726 2868 800 2956 ἦσαν
817 2878 847 2939 οῖ
858 2872 930 2939 έπτά
945 2878 976 2940 οῖ
987 2877 1036 2939 ἐπὶ
1050 2883 1109 2940 τῶν
1125 2885 1223 2963 χηρῶν
1239 2885 1416 2969 τεταγμέναι,

281 2980 444 3059 Στέφανος,
468 2982 624 3055 Φίλιππος,
650 2975 838 3061 ιΠρόχορος,
861 2974 1012 3061 Νικάνωρ,
1038 2982 1146 3057 Τίμων,
1171 2985 1339 3064 Παρμενᾶς,
1365 2978 1426 3051 καί

281 3079 445 3159 Νικόλαος,
474 3077 532 3163 πρό
556 3077 667 3144 τούτων
689 3079 722 3142 δὲ
744 3083 906 3157 Ματθίας,
935 3075 954 3142 ό
980 3075 1046 3144 άντί
1069 3075 1165 3145 ’ίούδα
1190 3088 1417 3168 συμψηφισθελς

280 3182 351 3267 μετά
366 3190 425 3246 ταῖν
441 3179 625 3260 άποστόλων,
647 3177 718 3263 μετά
736 3177 856 3256 τούτους
879 3181 911 3244 δέ
930 3178 1000 3257 τούς
1017 3179 1107 3258 ἐπτά,
1128 3184 1177 3246 καί
1196 3189 1342 3250 Ματθίαν
1360 3186 1414 3252 τόν

279 3285 337 3373 πρό
360 3282 471 3364 αύτοῖν,
494 3281 637 3368 Μάρκον,
665 3287 803 3360 Λουκᾶν,
830 3278 972 3361 Ἰοῦστον,
995 3281 1168 3369 Βαρνάβαν,
1195 3286 1246 3349 καλ
1265 3282 1412 3370 Ἀπελλῆν,

275 3386 413 3467 Ῥοῦφον,
436 3389 560 3470 Νίγερα,
582 3387 633 3449 καί
648 3382 719 3460 τούς
732 3380 854 3459 λοιπούς
868 3390 927 3448 τοῖν
942 3384 1206 3467 ἑβδομηκονταδύο,
1229 3382 1287 3468 μετ’
1302 3382 1412 3464 αύτούς

279 3490 312 3555 δὲ
332 3490 444 3566 πάντας
466 3489 516 3552 καὶ
539 3486 592 3551 σύν
614 3482 713 3561 αὐτοῖς
735 3491 856 3550 Παῦλον
878 3481 928 3550 τόν
949 3484 1032 3571 ἅγιον
1055 3484 1217 3553 άπόστολον
1237 3483 1287 3553 διά
1308 3495 1412 3572 φωνῆς

280 3593 356 3663 ίδίας
375 3589 424 3656 ἄπ’
442 3588 572 3675 ούρανοῦ
594 3586 756 3653 άπόσιολον
777 3583 853 3668 όμοῦ
869 3588 920 3651 καί
937 3585 1053 3670 κήρυκα
1073 3590 1172 3653 ἐθνῶν
1188 3590 1239 3653 καί
1256 3589 1412 3676 πληρωτὴν

279 3686 470 3775 άποστολικῆς
490 3694 675 3765 διδασκαλίας
693 3689 849 3766 ἐξελέξατο,
872 3687 907 3764 δς
924 3685 1084 3775 εύρίσκεται
1103 3687 1154 3754 τόν
1172 3688 1258 3776 άμιον
1274 3698 1412 3773 Λονκᾶν,

172 3812 217 3860 Η
235 3800 268 3848 ⁸1·
282 3789 352 3857 όντα
369 3800 427 3856 τῶν
449 3790 701 3876 ἑβδομηκονταδύο
721 3798 780 3855 ταῖν
801 3791 1050 3876 ἐσκορπισμένων,
1072 3792 1252 3876 ἐπιστρέψας
1268 3796 1318 3859 καί
1341 3791 1409 3861 άιιύ-

278 3900 390 3959 λουθον
405 3893 497 3980 ἐαυτῷ
514 3895 653 3978 ποιήσας,
675 3892 813 3978 συνεργόν
828 3899 882 3958 τοῦ
897 3889 1062 3977 εύαμμελίον
1076 3889 1153 3976 όμοῦ
1169 3896 1219 3959 καί
1238 3893 1410 3966 άπόστολον.

279 3996 340 4063 Καί
360 3991 453 4069 οὕτως
472 3997 605 4078 ἐτελέσθη
628 3995 741 4079 ἦπαῖσα
756 3991 924 4080 εύαγμελική
943 3998 1135 4080 πραγματεία,
1158 3997 1213 4072 έως
1229 3994 1336 4062 τούτου
1356 4004 1409 4063 τοῦ

329 4123 391 4163 νου.

276 4125 328 4186 w
351 4196 455 4264 Ἔσται
475 4196 508 4260 δέ
526 4222 576 4279 μοι
598 4195 616 4262 ό
635 4197 720 4282 λόγος
738 4199 818 4274 ’ἕως
840 4188 897 4263 ὦδε
914 4197 982 4282 περί
1002 4202 1060 4263 τοῖν
1078 4182 1180 4262 ἕνδεκα
1198 4197 1336 4283 αῖρέσεον
1354 4198 1406 4262 καί
1498 4242 1503 4255 -

276 4308 330 4386 τῆς
344 4298 419 4367 κατά
436 4297 559 4381 δύναμιν
573 4295 751 4374 ἀκολουθίας
768 4301 800 4366 δν
817 4295 951 4386 συντόμῳ
968 4323 1020 4382 μοι
1036 4299 1199 4387 εἰρημένης,
1220 4294 1407 4383 ιύαγγελικῆς

272 4473 349 4611 ‚ss
368 4471 494 4543 σφριγοα
525 4473 577 4525 αα
601 4470 699 4535 m.
723 4467 745 4521 α
769 4472 824 4524 αα
856 4466 1057 4603 &omma
1072 4470 1407 4577 αιιιιιιωαιιαμεε.
