3046 5084
272 345 332 411 '264
692 359 814 411 ειυατι
831 359 998 410 εεινοιαιι

272 480 443 560 περιστεράς
461 473 662 557 κατελθοάσης
683 476 735 538 καί
759 471 947 557 είςελθούσης
966 476 1008 548 είς
1029 470 1129 538 αὐτόν.
1174 474 1235 538 Καὶ
1256 471 1345 555 φωνή
1361 475 1426 559 ίγί·

272 603 337 644 νετο
353 579 387 642 ἐκ
402 582 456 641 τοῦ
473 573 619 660 οὐρανοῦ,
639 575 778 659 λίγουσα,
806 574 854 640 Σά
869 602 928 658 μου
943 571 1003 641 είά
1018 573 1084 651 υίδς
1105 572 1124 640 ά
1138 571 1305 660 άγαπητδς,
1327 577 1360 640 ίν
1374 576 1428 640 σοί

272 677 440 760 ήνδάκησα·
461 678 513 741 καὶ
531 675 636 755 πάλιν,
662 673 737 761 Ἐγαί
753 675 882 760 σήμερον
893 674 1037 760 γεγένηκά
1054 697 1094 741 σε.
1139 679 1200 740 Καὶ
1216 674 1310 751 εὐθάς
1328 679 1426 760 περιέ-

272 789 371 861 λαμψε
386 777 440 843 τάν
454 777 548 843 τόπον
566 784 632 858 φῶς
647 779 729 862 μέγα.
763 776 827 843 Ὃν
843 775 931 856 ίδάν,
953 779 1060 859 φησὶν,
1089 775 1107 842 ά
1124 775 1268 861 Ἰωάννης
1282 780 1358 862 λέγει
1371 775 1426 843 αὐ-

273 889 329 968 τῷ,
360 879 408 945 Σύ
425 884 469 955 τίς
487 877 528 957 εί,
548 878 645 963 κάριες
673 880 726 944 καλ
742 878 829 944 πάλιν
844 876 932 960 φωνή
949 881 979 956 ἐξ
991 875 1122 962 οὐρανοῦ
1137 878 1214 965 πρδς
1231 877 1335 959 αὐτάν,
1363 868 1427 943 Οὐ-

273 984 325 1058 τύς
343 985 420 1048 ἐστιν
436 978 455 1047 δ
472 980 538 1055 υίάς
556 1007 614 1062 μου
633 977 833 1064 δάγαττητάς,
862 977 909 1059 ἐφ’
927 979 963 1045 δν
978 977 1140 1062 ηὐδάκησα.
1185 983 1246 1045 Καὶ
1261 980 1342 1059 τότε,
1364 1006 1425 1061 φη·

274 1087 337 1161 σίν,
359 1080 533 1162 δἸωάννης
547 1079 722 1166 προςπεσοδν
736 1079 816 1169 αὐτῷ
834 1082 928 1165 ἔλεγε,
958 1083 1098 1164 ὗΔίομαί
1116 1104 1186 1161 σου,
1209 1080 1308 1168 κύριε,
1329 1079 1367 1147 σύ
1389 1107 1428 1163 με

274 1185 426 1271 βάπτισον.
468 1180 501 1247 ‘0
518 1184 551 1248 δὲ
565 1182 692 1247 ἐκάλυεν
706 1181 805 1271 αὐτῷ,
832 1183 940 1267 λέγων,
962 1181 1073 1263 Ἄφες,
1095 1182 1142 1250 ὅτι
1157 1183 1253 1260 οὕτως
1274 1185 1334 1249 ἐστὶ
1351 1184 1425 1268 πρέ·

274 1312 333 1352 πον
353 1291 548 1368 πληρωθῆναι
569 1282 674 1348 πάντα.

136 1414 201 1478 Kto·
218 1405 257 1464 μ’,
350 1387 431 1472 Ὅρα
446 1387 479 1450 δὲ
496 1384 549 1467 τήν
571 1381 639 1469 παρ’
655 1382 758 1460 αὐτοῖς
775 1387 1058 1468 παραπεποιημὲνην
1078 1385 1266 1470 πανταχόθεν
1288 1390 1429 1451 διδασκα·

276 1496 358 1567 λίαν,
387 1495 453 1561 πῶς
475 1485 572 1551 πάντα
595 1485 686 1569 χωλά,
714 1485 801 1564 λοξά,
829 1488 880 1551 καί
902 1485 1042 1570 οὐδεμίαν
1066 1487 1216 1572 ὐρθάτητα
1238 1492 1349 1572 ἔχοντα.
1393 1485 1427 1552 ‘0

278 1595 330 1675 μὲν
348 1590 403 1676 γάρ
420 1587 575 1673 Κήρινθος
588 1590 639 1653 καὶ
658 1595 841 1672 Καρποκράς
860 1595 900 1675 τῷ
920 1588 1000 1676 αὐτῷ
1015 1590 1156 1675 χρώμενοι
1178 1597 1273 1673 δῆθεν
1287 1587 1356 1675 παρ’
1375 1587 1425 1654 αὐ-

277 1705 339 1769 τοῖς
356 1689 512 1777 εὐαγγελίῳ
531 1688 590 1755 άπδ
605 1697 659 1772 τῆς
677 1687 769 1771 άρχῆς
781 1699 836 1755 τοῦ
851 1688 925 1755 κατά
941 1699 1107 1758 Ματθαῖον
1122 1691 1289 1779 εὐαγγελίου
1305 1691 1356 1756 διά
1374 1699 1429 1774 τῆς

277 1798 459 1881 γενεαλογίας
475 1790 629 1872 βούλονται
644 1798 790 1873 παριστάν
806 1794 837 1858 ίκ
856 1794 1023 1877 σπίρματος
1041 1792 1155 1876 Ἰωσήφ
1176 1797 1226 1860 καλ
1242 1799 1366 1878 Μαρίας
1388 1792 1428 1859 εί·

276 1926 325 1963 ναι
338 1895 389 1960 τάν
408 1892 543 1978 Χριστόν.
574 1885 665 1959 Οὗτοι
679 1895 711 1958 δὲ
728 1892 799 1958 άλλα
810 1892 876 1959 τινά
891 1898 1085 1960 διανοοῦνται.
1115 1896 1353 1980 Παρακόψαντες
1369 1895 1429 1982 γάρ
1453 1894 1460 1905 ’

277 1998 330 2074 τάς
345 1995 426 2081 παρά
441 2002 481 2083 τῷ
501 2000 655 2082 Ματθαίφ
673 1999 856 2080 γενεαλογίας
877 1994 1016 2079 άργονται
1030 1994 1084 2078 τήν
1102 1994 1194 2079 άργήν
1209 2006 1362 2062 ποιεῖσθαι
1385 1996 1428 2074 τίς

277 2109 438 2184 προεῖπον,
467 2099 598 2183 λέγοντες
619 2097 682 2175 ὅτι,
709 2095 856 2182 Ἐγένετο,
884 2100 994 2179 φησίν,
1023 2100 1054 2162 ἐν
1070 2107 1135 2173 ταῖς
1151 2096 1272 2183 ἡμέραις
1291 2095 1427 2183 Ἡρώδου

278 2203 419 2283 βασιλέως
439 2208 493 2282 τῆς
513 2198 663 2273 Ἰουδαίας
685 2201 734 2264 ἐπί
757 2197 911 2283 άρχιερέως
929 2198 1073 2278 Καϊάφα,
1099 2191 1177 2282 ῆλθὲ
1194 2226 1256 2279 τις,
1284 2197 1429 2281 Ἰωάννης

279 2303 416 2386 ὀνόματι,
438 2306 585 2388 βαπτίζων
602 2299 752 2382 βάπτισμα
770 2305 922 2380 μετανοίας
946 2303 978 2367 ἕν
993 2307 1034 2388 τῷ
1053 2307 1177 2388 ποταμῷ
1193 2298 1349 2390 Ἰορδάνη,
1372 2304 1427 2366 καλ

278 2404 315 2468 τά
335 2407 407 2485 ἑξῆς.
449 2401 569 2484 Ἐπειδή
584 2399 639 2487 γάρ
654 2399 807 2482 βούλονται
824 2400 877 2466 τδν
893 2402 945 2484 μὲν
960 2398 1081 2484 Ἰησοῦν
1096 2401 1190 2478 ὅντως
1208 2401 1368 2488 άνθρωποτ
1385 2400 1426 2467 εί-

156 2553 206 2595 pass.
222 2538 265 2581 ιη),
280 2534 344 2584 ναι,
368 2503 409 2580 άς
425 2514 586 2588 προεῖπον,
611 2501 739 2585 Χριοτάν
754 2504 787 2569 δὲ
803 2505 835 2568 ἐν
850 2500 929 2591 αὐτῷ
946 2511 1126 2589 γεγενῆσθαι
1140 2503 1193 2570 τάν
1208 2507 1242 2570 ίν
1256 2511 1427 2589 περιστερᾶς

278 2607 515 2689 καταβεβηκότα,
543 2604 681 2685 καθάπερ
706 2603 765 2688 ήδη
787 2607 839 2669 καί
861 2603 930 2688 παρ’
951 2605 1052 2681 άλλαις
1075 2608 1221 2690 αἱρέσεσιν
1245 2603 1425 2691 εάρίσκσμεν,

278 2711 470 2789 συναφθέντα
487 2705 581 2792 αὐτῷ,
604 2708 653 2770 καί
673 2703 748 2770 εἶναι
768 2703 859 2771 αὐτδν
873 2706 925 2771 τάν
941 2707 1070 2790 Χριστδν
1088 2710 1121 2773 ίκ
1136 2710 1301 2791 σπέρματος
1314 2704 1426 2792 ι’νδρδς

278 2815 328 2876 καί
344 2807 484 2895 γυναικὸς
501 2809 700 2893 γεγενημένον.
736 2807 832 2873 Πάλιν
847 2808 880 2872 δὲ
894 2805 1052 2892 άρνοῦνται
1066 2807 1141 2875 εἶναι
1155 2807 1248 2876 αὐτδν
1262 2807 1428 2897 άνθρωπον

279 2917 372 2994 δῆθεν
393 2909 453 2976 άπδ
476 2917 530 2976 τοῦ
553 2909 642 2995 λάγου
659 2902 697 2975 οὐ
713 2913 828 2996 είρηκεν
853 2906 983 2994 άσωτῆρ
1007 2912 1039 2974 ἐν
1061 2917 1102 2998 τῷ
1119 2909 1315 2996 άναγγιλῆναι
1334 2908 1430 2978 αὐτδτ

279 3013 340 3090 ὅτι,
358 3011 452 3090 Ἰδού,
475 3010 494 3095 ή
511 3011 606 3098 μήτηρ
620 3033 675 3078 σου
690 3015 741 3078 καί
760 3016 791 3078 οἱ
803 3011 926 3094 άδελφοί
943 3034 997 3077 σου
1013 3015 1068 3089 ἔξω
1086 3010 1258 3095 ἑστήκασιν,
1279 3013 1342 3093 ὅτι,
1376 3018 1430 3090 Τίς

279 3115 337 3199 μοά
354 3117 414 3181 ἔστι
429 3113 524 3199 μήτηρ
542 3141 600 3197 μον
616 3117 666 3179 καί
683 3112 820 3195 άδελφοίς
851 3117 902 3181 καί
919 3117 1047 3188 ἐκτείνας
1067 3115 1115 3179 ίπί
1133 3112 1205 3191 τούς
1220 3113 1358 3198 μαθητάς
1371 3115 1430 3199 τήν

278 3228 358 3303 χεῖρα
375 3219 450 3298 ἔφη,
477 3209 568 3282 Οὗτοί
584 3219 657 3280 εἰσιν
675 3219 707 3281 ολ
720 3214 843 3296 άδελφοί
861 3242 919 3298 μου
933 3217 985 3280 καὶ
1005 3213 1150 3300 ῆμήτηρ,
1171 3221 1203 3283 ολ
1214 3225 1369 3293 ποιοῦντες
1390 3215 1430 3281 τά

278 3319 432 3403 θελήματα
453 3327 506 3384 τοῦ
526 3317 638 3402 πατρός
651 3345 718 3399 μου.
761 3316 932 3397 Ἐντεῦθεν,
955 3315 996 3393 σάς
1010 3320 1104 3400 ίφην,
1124 3326 1179 3401 τῆς
1192 3316 1290 3401 πάσης
1304 3321 1430 3400 κυβείας

279 3423 498 3505 μεμεστωμένος
514 3417 649 3501 άἘβίων
665 3418 715 3485 διά
735 3427 849 3485 πολλῶν
865 3427 991 3504 μορφάν
1007 3414 1170 3500 άποφαλνει
1184 3419 1306 3499 ἱαυτδν,
1327 3415 1370 3495 τίς
1386 3415 1429 3485 εὖ

279 3551 326 3589 ναι
349 3523 499 3605 τεράστιον
519 3519 594 3587 κατά
616 3520 652 3586 τά
673 3520 736 3587 άνω
758 3548 808 3603 μοι
829 3523 1084 3606 προδεδηλωμένα.

366 3632 505 3710 Χροῖνται
521 3625 553 3690 δὲ
566 3627 618 3690 καλ
634 3622 733 3699 άλλαις
745 3625 804 3688 τισὶ
820 3627 942 3705 βίβλοις,
965 3627 1060 3705 δῆθεν
1075 3632 1141 3701 ταῖς
1149 3622 1307 3710 Περιάδοις
1319 3630 1429 3691 ιισλσυ·

281 3728 383 3806 μίναις
405 3728 538 3808 Πέτρου,
565 3734 631 3802 ταῖς
661 3724 711 3791 διά
737 3723 906 3808 Κλήμεντος
936 3730 1127 3811 γραφείσαις,
1157 3725 1355 3801 νοθιύσαντες
1375 3726 1432 3808 μίν

280 3825 318 3891 τά
334 3830 367 3891 ἒν
384 3823 503 3907 αὐταῖς,
534 3825 617 3913 άλίγα
639 3829 672 3894 δὲ
694 3824 824 3909 άληθινά
840 3824 991 3906 ίάσανττς,
1014 3824 1055 3904 οἷς
1067 3825 1158 3904 αὐτάς
1174 3826 1300 3912 Κλήμης
1319 3824 1431 3904 αὐτσύς

280 3926 356 3993 κατά
370 3925 468 3991 πάντα
483 3933 587 4014 ἐλέγχει
606 3927 658 4010 ὐφ’
672 3922 715 3996 άν
735 3933 865 4015 ἔγραφεν
880 3931 1042 3995 ἐπιστολῶν
1056 3933 1217 4015 ἐγκυκλίων
1232 3937 1294 3997 τῶν
1311 3931 1345 3997 ὃν
1363 3937 1433 4006 ταῖς

281 4030 378 4116 άγίαις
400 4030 563 4111 ἐκκλησίαις
577 4029 875 4116 άναγινωσιιομίνων,
904 4029 949 4097 ὅτι
965 4029 1051 4097 άλλον
1065 4034 1123 4114 ἔχει
1140 4038 1310 4116 χαρακτῆρα
1323 4026 1345 4113 ῆ
1360 4032 1430 4097 ίαν·

280 4141 334 4199 τοῦ
349 4137 448 4205 πίστις
462 4134 513 4196 καί
531 4131 549 4197 ά
565 4132 652 4217 λόγος
666 4133 748 4219 παρά
761 4132 798 4199 τά
813 4130 874 4199 άπδ
890 4131 1004 4198 τούτων
1024 4136 1066 4209 είς
1081 4132 1178 4214 ὄνομα
1198 4130 1292 4198 αὐτον
1310 4133 1344 4197 ίν
1362 4140 1433 4209 ταῖς

284 4232 444 4313 Περιάδοις
465 4237 672 4315 νενοθευμένα.
720 4233 843 4312 ιΑὐτδς
864 4232 920 4322 γάρ
943 4239 1109 4321 παρθενίαν
1125 4232 1274 4312 διδάσκει,
1302 4233 1355 4298 καλ
1373 4230 1430 4299 αὐ-

281 4337 328 4403 τοί
345 4333 382 4399 οὐ
393 4338 537 4419 δέχονται.
568 4333 667 4411 Αὐτάς
681 4335 737 4423 γάρ
752 4339 922 4423 ἐγκωμιάζει
936 4334 1037 4404 Ἠλίαν
1051 4339 1103 4404 καλ
1113 4337 1211 4419 Ααβλδ
1224 4334 1276 4400 καί
1290 4332 1434 4418 Σαμψοδν

313 4560 339 4608 5.
355 4565 434 4612 (ἱτσδι
448 4563 557 4625 §pidem
567 4564 586 4612 1.
600 4563 705 4625 poa-2&-
721 4566 848 4626 τοιιντιλίλ,
867 4563 969 4630 Indigoo
985 4562 1030 4613 tui.
1066 4558 1238 4628 051⁶&ss
1256 4556 1296 4613 Η.
