3046 5084
378 371 514 422 rumunu
531 372 595 423 uro.
608 373 627 424 ι.
645 372 728 424 rou.
740 373 785 424 ιιι.
802 373 899 425 naon.
915 374 1010 426 xum.
1211 363 1273 428 689

127 491 350 554 comminatione
370 489 556 575 perstringit:
587 494 645 570 (lui
660 513 717 554 non
732 495 903 573 honorificat
912 496 1026 574 filium,
1053 505 1085 554 ut
1103 497 1424 575 tonorficucumsm.

124 571 324 674 putrem,'r'ro
349 597 397 654 dei
415 599 445 656 ἐκ
468 597 518 655 illo
540 605 642 655 monet.
689 594 736 657 Ac
762 616 816 658 nos
844 594 990 679 plerisque
1016 596 1072 657 iarn
1100 597 1275 661 testimoniis

128 696 309 760 ostendimus
334 717 421 759 unum
440 717 507 760 esse
528 697 612 760 deum
635 717 670 759 ac
689 707 800 781 petrem
820 697 928 759 dorniui
951 698 1042 760 nostri
1064 694 1133 761 Iesu
1150 695 1274 779 Christi,

127 799 174 882 qui
199 798 293 862 bonus
317 809 363 861 est
383 798 547 883 bonumque
571 799 689 883 genuit,
714 798 822 863 caritas
841 800 916 863 idem
940 810 986 864 est
1005 810 1034 862 ct
1054 800 1205 863 caritatem
1223 821 1275 884 gc·

127 901 206 978 nuit,
233 902 297 964 lons
313 911 360 964 cst
377 912 405 964 et
424 903 533 965 fontem
553 902 631 965 vitae
648 902 786 986 produxit
808 905 908 984 (Apud
921 915 947 964 te
963 907 1035 963 enim
1050 906 1173 986 estsons
1188 908 1271 977 ortae,
1288 920 1324 964 ιι.
1338 922 1371 975 ss,
1385 922 1416 966 n.

129 1004 170 1066 ait
185 1003 357 1088 scriptura):
382 1006 457 1068 idem
479 1015 510 1067 et
524 1004 635 1067 veritas
655 1014 750 1067 estet
769 1005 921 1070 veritatem
945 1005 1062 1087 genuit,
1087 1005 1277 1090 similiterque

128 1104 223 1169 lumen
242 1118 287 1169 est
305 1107 445 1170 etlumen
461 1107 580 1190 genuit,
603 1107 665 1169 vita
679 1118 725 1170 est
743 1116 773 1168 et
790 1106 877 1170 vitam
899 1108 1086 1191 propagavit,
1111 1108 1195 1191 idque
1212 1109 1276 1172 sine
1329 1191 1332 1196 Ι

129 1208 188 1271 ullo
204 1209 358 1294 principio,
383 1209 418 1272 ab
435 1220 568 1287 aeterno,
593 1208 722 1292 citraque
739 1219 862 1293 tempus.
900 1207 966 1292 Qua
984 1210 1098 1273 ratione
1114 1207 1277 1273 Marcionis

129 1331 215 1375 error
237 1312 331 1374 omnis
354 1310 509 1375 evertitur.

214 1411 299 1496 Quae
320 1414 441 1478 comita
464 1435 497 1478 se
518 1414 661 1495 babeant,
685 1435 719 1479 ac
740 1414 891 1477 nebulonis
909 1414 993 1478 istius
1009 1415 1107 1478 multis
1125 1426 1155 1478 et
1173 1415 1277 1479 certis·

129 1517 211 1581 simis
230 1516 392 1580 rationibus
409 1517 468 1581 siut
490 1518 623 1581 convicta
645 1517 813 1596 mendacia,
842 1539 876 1580 ao
899 1517 1046 1600 negotium
1070 1538 1156 1580 omne
1179 1519 1278 1607 coule-

131 1629 225 1698 ctum,
250 1620 285 1683 ad
307 1619 364 1682 alia
383 1630 584 1699 transeamus,
609 1631 639 1684 et
660 1619 714 1682 buc
732 1619 812 1684 velut
835 1620 952 1682 immani
971 1621 1092 1703 quadam
1111 1620 1210 1706 aspide
1226 1642 1277 1684 vc·

130 1721 253 1785 cissimis
270 1721 427 1785 salvatoris
444 1721 543 1785 verbis
560 1721 683 1800 obtrita,
706 1722 755 1806 qui
773 1717 863 1800 dixit,
888 1727 962 1783 Dedi
975 1724 1051 1783 vobis
1066 1726 1178 1784 eoleore
1193 1743 1428 1805 superductum.

129 1837 288 1906 serpentes,
313 1837 343 1886 et
361 1829 537 1905 scorpiones,
562 1836 591 1885 el
612 1847 698 1905 super
717 1846 822 1886 ornnem
836 1837 1001 1904 potestatem
1021 1831 1142 1900 aiennaci,
1172 1827 1207 1889 ad
1230 1848 1279 1890 ce·

131 1939 259 1991 tenorum
277 1948 332 1990 nos
350 1927 569 2012 contemplanda
587 1947 621 1990 ao
638 1927 789 1990 refutanda
807 1926 908 1990 deliria
925 1928 1100 2006 releramus‚
1124 1928 1167 1991 sic
1184 1941 1217 1993 ut
1233 1930 1279 1993 dci

131 2029 160 2093 iu
184 2030 318 2094 omnibus
340 2050 423 2116 opem
445 2051 479 2093 ao
502 2029 675 2117 praesidium
698 2030 896 2114 imploremus.

439 2270 628 2348 contult
652 2270 978 2365 Luclnntsuns

335 2415 416 2486 quae
443 2399 494 2466 est
518 2391 666 2468 haeresis
691 2391 842 2484 XXIII,
868 2393 923 2467 rel
947 2391 1077 2468 XLIII.

214 2541 365 2607 Luciacus
380 2544 494 2629 quidam
511 2544 669 2628 antiquior,
693 2567 751 2609 nou
766 2545 815 2608 ille
832 2543 879 2628 qui
898 2554 993 2607 aetate
1011 2554 1112 2607 nostra
1128 2543 1183 2608 sub
1197 2539 1277 2607 Con·
1296 2560 1355 2628 cap.
1370 2563 1388 2611 ι.

133 2646 263 2710 stantiuo
275 2646 393 2710 seniore
409 2646 495 2726 visit,
520 2668 605 2731 quem
621 2647 725 2710 Ariani
744 2647 822 2719 inter
838 2656 983 2730 martyres
998 2647 1176 2710 adscribunt.
1212 2643 1283 2710 Fuit

135 2749 211 2812 euim
236 2746 386 2812 Lucienus
411 2749 468 2813 iste
493 2749 590 2813 iunior
613 2749 792 2814 Asianorum
821 2747 970 2811 erroribus
994 2749 1134 2828 inlectus,
1166 2750 1281 2833 dequo

135 2863 254 2938 postea,
279 2873 343 2917 cum
361 2853 531 2916 rebitandus
545 2853 618 2933 erit,
642 2852 735 2917 acturi
752 2873 870 2917 snmus:
894 2873 971 2914 nuno
986 2852 1128 2915 adversus
1143 2851 1282 2914 maiorem

135 2954 214 3018 illum
230 2952 392 3019 buciacum
408 2956 592 3041 suscipienda
608 2955 692 3019 nobis
707 2967 753 3019 est
765 2953 932 3040 disputatio.
979 2953 1036 3018 llic
1050 2954 1139 3039 igitur
1152 2952 1282 3018 Marcio·

136 3058 182 3121 nis
204 3069 272 3121 aute
298 3068 443 3137 sectator,
468 3068 533 3143 post
555 3059 592 3121 ab
616 3059 718 3122 codem
741 3057 889 3135 divolsus,
919 3057 1063 3142 privatum
1085 3058 1140 3121 sibi
1163 3079 1282 3143 gregem

137 3160 314 3225 contrahens
336 3182 431 3225 novae
448 3172 547 3225 sectae
568 3162 661 3224 lactus
683 3171 728 3224 cst
750 3161 900 3239 moditor,
924 3160 960 3223 ab
985 3182 1078 3245 eoque
1095 3158 1286 3225 Lucianistoe

135 3276 252 3328 veteres
276 3285 381 3327 nomen
407 3273 593 3350 acceperunt.
638 3262 734 3328 Porro
757 3261 919 3327 Marcionis
941 3262 989 3326 ille
1014 3264 1147 3348 dogmata
1169 3263 1283 3348 penitus

136 3367 306 3451 complexus
329 3377 386 3431 est.
432 3364 546 3450 Quibus
569 3365 689 3452 perinde
709 3377 755 3431 est
778 3388 866 3445 usus,
896 3377 927 3429 ut
950 3366 1064 3434 adnos
1091 3367 1164 3429 lama
1188 3376 1285 3429 estet

136 3469 284 3533 auditione
301 3470 454 3555 perlatum.
499 3468 577 3534 Nam
592 3491 658 3533 cnm
673 3470 800 3554 antiquis
815 3469 854 3532 illi
873 3467 1051 3554 temporibus
1068 3467 1231 3547 extiterint,
1256 3480 1286 3532 et

136 3571 378 3656 quamcitissime
396 3573 527 3637 restincti
545 3573 620 3652 sint,
644 3571 808 3635 difficillima
824 3571 927 3648 nobis,
951 3581 984 3633 ut
999 3570 1121 3654 intelligi
1140 3570 1175 3634 ab
1193 3570 1286 3634 omui-

136 3675 190 3739 bus
206 3686 314 3760 potest‚
336 3676 452 3740 illorum
467 3675 617 3760 inquisitio
636 3676 699 3739 luit.
745 3673 805 3741 Sed
820 3695 894 3758 quae
914 3674 949 3737 de
965 3673 1015 3736 illo
1034 3684 1190 3759 utcumque
1206 3696 1285 3738 com·

136 3777 234 3864 perire
257 3779 419 3864 potuimus,
444 3789 512 3841 sunt
532 3776 687 3842 eiusmodi.

218 3879 297 3945 Nam
320 3892 507 3966 posteaquam
524 3880 599 3945 alius
621 3881 656 3944 ab
676 3901 713 3944 eo
730 3879 904 3944 constitutus
922 3890 968 3945 est
986 3875 1113 3944 Creator
1135 3901 1169 3943 ac
1191 3877 1285 3943 Iudex

137 3995 167 4049 ct
182 3981 297 4063 lustus,
323 3981 423 4047 Bnuos
441 3983 532 4064 alius,
555 3985 683 4069 itemque
698 3979 798 4046 Malus
814 3982 934 4061 tertius,
960 3983 1107 4047 nonnullis
1122 3981 1284 4047 Marcionis

138 4087 273 4172 exemplo
289 4085 464 4150 testimoniis
481 4085 582 4166 utitur,
607 4107 681 4171 quae
695 4107 736 4151 ex
754 4084 957 4171 prophetarum
976 4086 1092 4171 scriptis
1109 4087 1144 4149 ad
1159 4085 1283 4166 erroris,
1323 4130 1326 4136 -

138 4200 171 4253 ut
188 4189 253 4268 ille,
282 4189 327 4253 sui
350 4190 540 4275 patrocinium
566 4188 693 4253 adducit.
740 4185 911 4253 Cuiusmodi
934 4188 1010 4251 istud
1036 4199 1097 4252 est:
1128 4193 1223 4251 Vonus
1243 4200 1418 4268 esttamen

138 4296 190 4374 qui
207 4298 296 4354 servit
316 4297 436 4357 domzno.
483 4288 575 4359 lteme
607 4297 779 4355 destiterunt
799 4295 866 4366 deo,
891 4303 920 4353 et
935 4295 1012 4353 sulci
1025 4294 1190 4374 fiicts'sunt.
1235 4291 1283 4355 Ad

172 4427 196 4482 6.
214 4431 279 4480 labet
293 4431 376 4481 babent
389 4428 620 4498 κατεργασαμίνης,
634 4432 696 4494 quod
728 4432 821 4481 unctum
835 4432 932 4480 notovit.

138 4502 222 4549 viltam
238 4502 337 4549 correxi.
765 4496 823 4550 cru.
842 4500 861 4549 1.
880 4526 912 4536 -
939 4496 960 4549 I.
980 4499 1106 4550 Gomorius
1119 4502 1202 4550 uertit:
1219 4496 1283 4560 Qui-

172 4566 196 4618 7.
219 4568 269 4618 tloo
289 4570 356 4629 petua
372 4564 559 4634 ἐπικαλούμενοι
575 4569 696 4619 obundore
729 4553 778 4618 bos'
801 4565 876 4616 etiam
906 4575 1008 4615 utuntur
1037 4565 1113 4633 ipsius
1142 4566 1282 4634 complices,

139 4639 216 4686 unum
231 4640 264 4684 est
280 4638 392 4686 Cmnorlo
408 4641 429 4685 et
442 4638 554 4699 Petouto,
577 4639 618 4700 qut
637 4638 697 4687 tttud
730 4634 799 4688 velot
815 4634 882 4687 Iamo
898 4634 930 4685 ad
947 4651 993 4686 nos
1010 4635 1121 4702 pertulit.

191 4715 421 4772 cousummasset
435 4713 464 4761 11.
1040 4726 1081 4788 44
