3046 5084
371 325 506 382 ransart
522 327 584 382 tun.
597 329 618 381 t.
635 326 716 384 ucat
730 329 774 383 nr.
789 328 889 383 naeu.
900 330 1027 382 xxxix,
1212 317 1273 381 ΜΒ

126 456 252 530 nataque
265 446 380 512 illorum
396 446 532 531 dogmme
546 448 727 533 detegemus,
751 450 799 534 qui
814 449 921 513 ceteris
936 450 965 513 in
983 450 1073 514 sectis
1086 449 1190 513 callido
1207 450 1275 513 dae-

125 549 221 613 monis
234 549 374 613 instinctu
391 549 434 613 sic
451 560 586 635 tanquam
602 549 722 614 fulmine
737 552 861 635 quodam
878 552 979 636 perciti
996 561 1026 614 et
1041 571 1223 614 communem
1240 551 1274 612 ad

126 651 206 715 orbis
222 663 332 736 pestem
351 670 385 716 aa
402 652 559 737 perniciem
577 652 663 716 ablati
681 665 761 716 sunt.
806 651 999 736 Posteaquam
1020 653 1097 715 enim
1115 653 1275 715 istiusmodi

125 754 272 818 bominum
296 755 343 839 qui
359 753 553 818 deterioribus
571 754 731 840 quibusque
752 756 934 819 delectantur
951 754 1133 840 opinionem,
1166 752 1277 839 Bupra-

126 868 235 920 starum
249 857 350 942 generi
366 856 489 921 similem
504 857 724 940 (scarabeorum
738 879 773 922 ea
788 859 902 942 species
916 861 985 938 est),
1008 857 1208 941 patefecimus,
1228 876 1277 940 po·

127 959 261 1042 nilusque
279 960 458 1024 martileram
477 960 574 1025 diviua
593 979 647 1046 ope
663 960 901 1037 comminuimus,
932 961 966 1023 ad
989 959 1177 1044 inquirendas
1198 969 1277 1021 cete·

127 1082 175 1126 ras
191 1063 325 1140 eandem,
350 1084 368 1125 n
383 1058 495 1129 Christi
509 1062 573 1140 lilii,
593 1062 718 1126 numinis
734 1083 818 1148 opem
834 1083 869 1125 ac
886 1061 1060 1146 praesidium
1077 1061 1274 1146 imploremus.

405 1300 630 1379 cunrat
666 1301 999 1395 Slll'HIANOS,

330 1447 412 1517 quae
440 1429 492 1498 est
517 1423 665 1499 haeresis
688 1424 783 1499 XIX.
817 1424 889 1499 sire
915 1423 1076 1498 XXXIX.

212 1575 279 1638 Atta
299 1586 345 1638 est
360 1571 564 1639 Sethianorum
584 1575 732 1655 haeresis,
757 1596 830 1659 quae
850 1597 908 1638 aon
926 1575 1031 1659 ubique
1049 1575 1211 1658 reperitur,
1235 1575 1276 1637 uti
1296 1585 1354 1653 cap.
1371 1585 1390 1633 t.

128 1699 182 1743 nec
201 1674 396 1756 Gaianorum,
421 1687 523 1740 contra
540 1700 624 1763 qnam
642 1677 775 1763 proxime
792 1678 1014 1764 disputavimus.
1061 1680 1106 1740 Ac
1123 1678 1223 1741 nescio
1242 1698 1278 1740 au

128 1802 187 1845 uon
209 1780 365 1866 pleraeque
387 1790 532 1844 sectarum
551 1779 715 1843 istiusmodi
733 1781 872 1844 radicitus
892 1784 1055 1865 extirpatae
1073 1781 1143 1842 sint.
1189 1777 1279 1863 Quiu-

129 1884 195 1969 quid
218 1883 294 1947 enim
314 1903 330 1945 a
348 1882 402 1945 deo
421 1903 478 1944 unu
494 1893 558 1961 cst,
589 1882 752 1945 consistere
770 1904 827 1945 nou
844 1893 957 1966 potest,
988 1883 1039 1945 sed
1059 1883 1114 1945 etsi
1131 1881 1278 1965 aliquanto

129 1997 259 2072 tempore
275 1985 383 2070 rigeat,
409 2004 537 2070 perenne
552 1984 739 2047 nihilomiuus
755 2004 823 2048 esse
839 1986 949 2068 nequit.
996 1981 1081 2067 Quod
1097 1983 1152 2047 nisi
1169 2004 1214 2046 me
1228 1984 1279 2046 lal-

127 2087 161 2152 lit
177 2088 335 2165 memoria,
367 2098 436 2173 puto
453 2107 498 2149 me
517 2106 581 2148 cnm
605 2087 633 2149 io
654 2086 790 2173 Aegypto
808 2107 904 2150 essem
922 2089 950 2149 io
970 2107 1034 2150 cam
1054 2087 1189 2150 haeresin
1208 2085 1280 2149 inci-

129 2189 224 2268 disse,
255 2211 349 2273 neque
372 2188 449 2253 enim
472 2189 587 2274 penitus
611 2188 665 2252 loci
691 2189 832 2252 recordor
856 2189 903 2252 ubi
928 2211 991 2252 cum
1015 2190 1079 2252 istis
1103 2208 1279 2272 congressus

129 2314 205 2357 snm.
251 2290 447 2376 Quamobrem
463 2311 538 2375 quae
555 2291 589 2355 ad
608 2310 660 2354 eos
676 2291 820 2376 pertinent
837 2291 941 2375 partim
960 2292 1051 2355 oculis
1071 2291 1141 2376 ipsis
1160 2311 1281 2377 usurpa·

129 2395 242 2474 vimus,
267 2395 371 2480 partim
394 2414 434 2457 ex
456 2393 569 2457 illorum
593 2395 787 2458 monumentis
811 2395 1004 2479 percepimus.

214 2495 308 2582 igitur
322 2493 456 2560 Setbiaoi
472 2517 489 2558 a
506 2493 610 2576 Setbo,
636 2494 740 2559 Adami
757 2496 828 2576 tilio,
851 2518 945 2580 genus
961 2518 993 2560 se
1009 2498 1138 2562 traxisse
1153 2496 1281 2581 glorian·

130 2611 189 2664 tur.
236 2596 330 2682 Quem
349 2597 463 2682 quidem
483 2619 660 2684 magnopere
677 2599 862 2684 praedicant,
894 2599 979 2684 eique
998 2620 1072 2685 quae
1089 2600 1124 2663 ad
1143 2601 1279 2663 virtutem

131 2724 166 2766 ac
191 2701 329 2765 iustitiam
353 2700 501 2786 pertinent
524 2701 639 2779 omnia,
672 2722 830 2786 earumque
857 2702 940 2788 signa
971 2725 1005 2766 ac
1035 2714 1132 2766 cetera
1163 2702 1280 2787 generis

130 2805 215 2869 baius
233 2803 404 2867 attribuunt.
449 2800 641 2888 Eandemque
658 2799 806 2869 Christum
826 2807 993 2884 nominant,
1017 2817 1048 2870 et
1063 2808 1218 2891 ipsummet
1236 2802 1281 2868 le·

130 2928 193 2973 sum
210 2906 300 2970 luisse
318 2906 501 2970 confirmant.
547 2905 644 2991 Atque
663 2907 738 2971 bunc
754 2909 782 2971 in
798 2908 912 2972 modum
928 2929 1012 2972 suum
1028 2909 1095 2972 illud
1112 2909 1215 2992 dogma
1232 2909 1281 2970 de-

130 3011 254 3074 clarant.
300 3008 348 3071 at
368 3007 480 3092 angelis
503 3008 578 3071 enim
603 3031 661 3073 uon
683 3031 700 3074 a
719 3010 871 3096 superiore
895 3011 922 3075 vi
942 3012 1081 3095 producta
1099 3032 1166 3075 esso
1183 3011 1282 3074 dicunt

132 3112 242 3177 omniu.

213 3211 294 3278 Nam
313 3234 378 3278 cum
400 3215 552 3299 superiore
575 3211 751 3280 Gaianorum
775 3215 889 3279 baeresi
915 3217 967 3281 hac
992 3238 1032 3281 cx
1056 3228 1137 3302 parte
1157 3237 1281 3282 consen·
1301 3225 1359 3290 cap.
1379 3223 1410 3271 tt.

131 3317 222 3396 bunt,
255 3317 330 3401 quod
355 3331 507 3396 asserunt,
537 3320 610 3381 duos
634 3318 670 3382 ab
692 3317 777 3382 initio
799 3320 930 3383 homines
954 3321 1109 3397 extitisse,
1142 3318 1281 3403 aquibus

132 3416 243 3485 Cainus
259 3431 288 3482 et
305 3419 417 3484 Abelus
434 3421 531 3483 exorti
546 3431 625 3485 suut.
671 3418 717 3484 De
735 3421 837 3506 quibus
853 3423 929 3485 iuter
945 3442 978 3484 sc
995 3422 1170 3486 dissidentes
1185 3423 1281 3503 augeli

130 3534 233 3587 contra
255 3543 287 3586 se
310 3533 410 3586 mutuo
433 3533 595 3601 venerunt,
626 3523 713 3609 idque
732 3526 935 3610 perfecerunt,
967 3536 999 3588 ut
1018 3523 1141 3587 Abelum
1163 3525 1280 3587 fratrem

131 3622 242 3691 Cainus
261 3625 419 3699 occideret.
466 3621 615 3710 Siquidem
638 3627 674 3689 de
693 3627 842 3690 amborum
864 3627 976 3690 illorum
995 3627 1140 3690 hominnm
1159 3647 1283 3712 genera·

130 3728 274 3808 tionibus,
304 3727 439 3812 equibus
456 3723 568 3792 Caiuns
584 3739 614 3791 et
630 3728 741 3793 Abelus
758 3730 889 3816 producti
904 3741 989 3808 sunt,
1018 3729 1213 3815 pugnantibus
1230 3751 1281 3792 an·

130 3831 217 3916 gelis‚
237 3831 314 3894 arans
329 3841 375 3894 est
390 3842 492 3895 coorta
507 3833 667 3896 contentio.
708 3829 860 3897 Sedenim
877 3833 997 3896 victoria
1014 3854 1104 3918 penes
1122 3831 1187 3896 Vim
1202 3832 1280 3895 illam

130 3935 311 4020 superiorem
329 3933 392 4011 tuit,
417 3954 502 4017 quam
516 3930 645 3999 Matrem
661 3955 728 3999 esse
744 3931 953 4020 Feminamqne
969 3935 1120 4000 definiunt.
1167 3931 1281 4019 Quippe

131 4047 240 4101 matres
256 4036 292 4099 ab
310 4035 399 4098 bisin
416 4035 516 4116 coelo,
541 4047 573 4101 et
592 4036 717 4101 leminae
734 4057 887 4122 maresque
904 4038 1101 4117 collocantur,
1126 4059 1160 4102 ac
1177 4058 1281 4123 prope-

131 4139 246 4204 modum
267 4137 354 4202 etiam
376 4138 494 4223 generis
514 4139 765 4219 necessitudines,
796 4140 984 4226 stirpiumque
1008 4144 1112 4228 capita.
1157 4139 1281 4205 Postea-

131 4264 216 4328 quam
232 4241 338 4326 igitur,
364 4253 394 4305 nt
408 4240 506 4323 aiunt,
530 4241 602 4307 vicit
615 4241 664 4307 illa
680 4239 778 4306 Mater
793 4264 827 4306 ac
842 4240 981 4324 Femina,
1006 4256 1036 4309 et
1050 4245 1175 4309 Abelum
1191 4244 1283 4307 inter·

133 4346 238 4408 lectum
266 4364 333 4408 esse
361 4345 514 4430 cognovit,
551 4364 650 4409 seeum
677 4346 776 4410 auimo
800 4347 932 4432 cogitans
955 4345 1038 4414 Setbi
1061 4347 1281 4433 generationem

132 4502 187 4563 κεί,
203 4497 243 4549 vel
260 4476 316 4551 te'rt
331 4496 400 4565 leg.“
758 4501 816 4552 Car.
832 4504 860 4553 ll.
879 4531 911 4543 -
930 4501 953 4555 l·
973 4503 1117 4558 autquarta
1132 4503 1242 4562 Pdnrtnr
1254 4515 1284 4554 tx

164 4566 190 4619 2.
208 4568 281 4632 Vulgo
297 4565 370 4634 eqeb
723 4573 774 4622 cod.
788 4573 862 4623 Vnttc.
