3046 5084
396 343 528 394 ruuuuu
546 344 609 395 ute.
621 344 641 396 t.
659 344 740 399 uem.
754 349 785 396 u.
802 347 900 398 ausu,
916 348 1004 399 xxx.
1211 338 1265 401 sm

134 459 195 525 eius
216 461 376 546 castigandi
398 482 501 525 caussa
523 464 596 526 deus
617 462 726 527 edixit:
758 469 939 545 Peregrinum
960 473 1017 529 erit
1034 491 1124 537 semen
1146 482 1221 531 turum
1243 476 1271 533 s'n
1285 484 1382 538 uenus,
1391 484 1422 526 1³·

133 574 209 625 terre
229 568 338 640 ulmae,
374 577 405 626 et
421 566 570 626 subis‘eeinst
587 587 635 626 eus
652 570 784 626 seruituti
798 571 1009 647 quadringentis
1026 575 1116 631 onnus.
1164 568 1272 650 Quintu-

130 666 227 729 obrem
245 667 411 730 stabilitatis
427 665 577 730 cuiusdam
592 687 626 729 ac
642 665 786 729 firmitatis
802 669 907 747 gratia,
932 690 984 752 pru
999 690 1034 731 eo
1050 672 1123 753 quod
1142 673 1271 736 noumhil

131 768 302 833 addubitans
323 767 449 831 dixisset
469 771 544 829 Num
567 771 726 829 centenaria
747 781 879 831 nuscetur
890 773 998 851 filaus?
1027 792 1064 832 uc
1085 773 1147 834 cius
1164 778 1270 857 posteri

129 872 291 935 iulidelihus
315 870 514 953 idolorumque
533 868 691 933 cultoribus
711 870 864 955 Aegyptiis
886 872 914 934 in
938 873 1106 935 servitutem
1129 875 1205 952 dati,
1237 878 1271 939 sd

129 975 246 1039 eosdem
270 993 343 1055 qttos
365 981 396 1033 ct
413 969 490 1035 illius
506 972 631 1035 maiores
646 973 777 1036 venerati
795 975 924 1050 luserant,
959 975 1029 1037 deos
1051 996 1116 1039 sese
1135 980 1272 1041 transier-

129 1086 207 1151 rent‚
233 1087 289 1137 tam
304 1073 472 1136 Abrahamo
485 1073 551 1158 ipsi,
576 1094 659 1157 quam
677 1075 739 1137 eius
755 1075 836 1160 stirpi
852 1076 1100 1140 circumcisionem
1117 1079 1192 1142 illam
1209 1103 1271 1144 eor-

129 1178 175 1239 uis
190 1175 313 1252 inussit,
343 1186 376 1238 ut
387 1176 453 1241 eius
470 1184 590 1260 aspectu
603 1175 794 1240 commonitos
810 1181 974 1241 reverentia
991 1181 1129 1263 quaedam
1147 1184 1271 1247 numinis

129 1279 257 1357 subiret,
289 1299 345 1363 qsro
363 1277 458 1341 miuus
477 1277 590 1341 eiurare
612 1278 681 1342 ittot
701 1280 851 1342 auderent.
896 1279 942 1344 Ea
962 1304 1048 1366 porro
1067 1284 1101 1345 ad
1122 1280 1269 1348 Christum

129 1402 221 1464 usque
234 1381 402 1466 permansit,
424 1380 547 1464 ideoque
562 1392 592 1444 ει
607 1381 682 1443 ultro
698 1382 863 1445 circumcidi
878 1383 939 1468 ipse
954 1385 1056 1461 voluit,
1080 1385 1207 1449 ethome
1223 1409 1270 1450 re-

129 1484 191 1567 ipsa
209 1485 301 1546 lactus
318 1496 380 1563 est,
411 1483 485 1545 idem
506 1481 553 1566 qui
573 1491 603 1545 et
622 1483 692 1545 deus
711 1485 833 1547 verbum
852 1506 868 1546 a
888 1487 1022 1570 putredo
1043 1488 1125 1551 coelo
1145 1489 1266 1572 lapsum,

130 1606 186 1648 ιιοιι
210 1606 273 1649 cum
295 1606 379 1669 quam
401 1583 524 1647 habebat
547 1583 724 1648 divinitatem
748 1586 898 1671 deposuit,
932 1588 983 1650 scd
1002 1609 1071 1652 vere
1090 1611 1205 1652 cantem
1224 1594 1268 1655 iu·

127 1689 218 1751 duetus
239 1698 324 1772 atquc
346 1709 384 1750 ex
407 1688 534 1770 perlecta
556 1685 681 1748 hominis
702 1697 804 1750 natura
827 1690 995 1752 coalescens
1019 1691 1267 1757 circumcisionem

126 1792 286 1875 usurpavit.
332 1788 418 1872 Quod
441 1800 531 1852 totum
555 1808 594 1851 ex
617 1787 659 1850 rei
682 1788 805 1852 veritate
828 1802 940 1872 gestum
963 1803 1022 1871 est,
1056 1804 1135 1856 utet
1154 1793 1264 1875 ludaei,

124 1892 362 1976 quemadmodum
379 1892 484 1955 dictum
502 1899 558 1967 est,
582 1900 613 1952 ει
626 1886 793 1953 Manichaei
808 1891 884 1953 ouini
901 1894 1143 1974 tergiversatione
1157 1899 1267 1962 sublata

124 1995 257 2058 convinci
275 1995 411 2058 facillime
428 2002 564 2078 possent,
595 2012 630 2054 ac
646 1989 834 2054 circumcisus
852 1993 914 2076 ipse
933 1995 1072 2078 abrogata
1091 1998 1193 2061 merito
1211 2000 1267 2062 cir·

125 2097 301 2161 cumcisioue
316 2098 456 2161 maiorem
475 2095 616 2178 quandam
632 2093 793 2156 induceret.
834 2092 903 2157 Nou
920 2097 1001 2177 quasi
1015 2100 1111 2180 priore
1124 2100 1170 2162 illa
1186 2123 1267 2164 carc-

124 2210 188 2279 ret,
219 2199 395 2284 minimeque
414 2198 592 2282 suscepisset
607 2196 637 2258 in
653 2215 738 2272 sese,
769 2195 820 2257 sed
840 2206 919 2258 ntea
936 2200 1104 2280 perfunctus
1121 2202 1190 2264 nihil
1211 2204 1267 2266 iam

124 2322 191 2366 esse
210 2301 408 2366 successorium
428 2300 614 2377 ostenderet,
638 2299 690 2361 sed
708 2296 791 2360 aliam
811 2296 897 2381 louge
916 2298 964 2360 illa
983 2304 1234 2383 prraesumtmrem.

209 2402 294 2486 Quod
309 2415 404 2467 autem
421 2401 542 2466 subinde
555 2402 585 2464 iu
600 2401 692 2464 lucem
707 2400 802 2463 editus
819 2400 889 2462 deus
905 2401 1002 2480 luerit,
1022 2424 1079 2465 uou
1095 2404 1179 2468 bomo
1197 2409 1267 2470 duu—
1310 2411 1367 2479 Can.

126 2519 217 2585 taxat,
240 2504 370 2590 aMagis
387 2517 487 2591 aperte
504 2503 717 2589 comprobatum
736 2514 792 2565 est.
830 2501 978 2587 Siquidem
997 2504 1097 2589 elapsu
1113 2506 1168 2570 ium
1185 2508 1266 2572 bieu-
1284 2479 1384 2531 XX'X'

125 2610 186 2690 nio,
210 2609 286 2693 quod
302 2609 394 2693 ipsum
412 2608 514 2672 stellae
531 2619 643 2692 tempus
658 2604 768 2669 Herodi
784 2604 997 2689 significarunt,
1021 2628 1037 2670 a
1053 2607 1171 2672 bienuio
1187 2612 1267 2674 vide·

124 2713 193 2775 licet
215 2722 302 2795 atquc
327 2711 422 2790 inira,
455 2709 690 2795 Hierosolymam
714 2707 865 2770 vestientes
891 2709 1162 2795 interrogantesque
1184 2710 1363 2799 illogimmp.

124 2836 188 2877 cum
202 2811 362 2878 Bethleemi
379 2814 459 2877 nasci
476 2810 624 2878 Christum
644 2822 781 2896 oportere
797 2810 981 2888 didicissent,
1006 2812 1041 2874 ab
1057 2813 1127 2877 urbe
1142 2816 1264 2899 digressi
1279 2783 1304 2837 ²’
1319 2786 1349 2827 Μ’

123 2927 207 2995 εεει,
240 2917 397 3001 eademque
420 2916 493 2980 duce
515 2915 598 2980 stella
616 2911 816 2978 Bethleemum
840 2913 1015 2998 aspirarent.
1061 2913 1120 2994 lbi,
1153 2930 1266 3002 postea·

123 3040 207 3104 quam
223 3018 396 3106 introgressi
418 3032 502 3097 sunt,
533 3015 681 3083 Christum
704 3037 768 3078 cum
787 3012 884 3078 Maria
906 3026 997 3080 matre
1018 3033 1205 3103 repererunt,
1238 3034 1268 3085 ει

124 3121 308 3207 procidentes
334 3122 531 3187 adoraverunt
554 3141 619 3184 eum
642 3117 864 3202 obtuleruntque
887 3140 1018 3183 munuera.
1070 3118 1266 3203 Quamobrem

125 3244 189 3288 eum
213 3225 309 3288 statim
334 3225 473 3289 aduretur
495 3223 543 3308 qui
563 3231 727 3298 natusest,
762 3243 819 3285 uon
837 3223 930 3285 nudus
947 3222 1093 3287 esthemo
1111 3226 1162 3288 sed
1182 3226 1264 3304 deus,

124 3347 217 3411 neque
239 3337 305 3412 post
325 3348 418 3391 anuos
438 3327 572 3410 triginta,
604 3323 651 3388 rel
673 3322 861 3407 baptismum,
893 3321 1027 3389 Christus
1048 3328 1184 3407 efficitur,
1215 3331 1266 3391 sed

124 3429 246 3494 subinde
260 3427 397 3495 Christus
415 3451 431 3492 e
447 3427 544 3493 Maria
561 3427 674 3510 virgiac
691 3427 762 3490 deus
777 3427 885 3511 pariter
901 3439 987 3510 atque
1004 3428 1090 3490 houm
1106 3441 1192 3492 natus
1209 3442 1264 3494 est.

124 3530 284 3618 Propterea
300 3533 396 3598 statim
414 3532 510 3616 angeli
527 3532 656 3595 coeleste
673 3548 791 3593 carmen
810 3530 983 3592 concinnat:
1015 3535 1111 3591 Gloria
1127 3536 1155 3592 in
1174 3538 1266 3595 euoel-
1279 3553 1361 3613 siuas,
1373 3561 1403 3606 m

123 3640 163 3697 sis
180 3640 256 3710 deo,¹
272 3649 301 3698 et
315 3641 344 3698 in
363 3648 440 3699 terra
451 3659 528 3717 pua,
559 3635 714 3696 bomehibus
724 3654 864 3714 propensu
882 3636 1019 3694 uoluntas.
1066 3629 1126 3696 Sed
1144 3644 1174 3697 et
1190 3636 1266 3700 felici

123 3736 174 3800 illo
192 3738 293 3802 nunde
312 3750 445 3825 pastores
462 3735 680 3822 impertientem
711 3739 805 3798 Notus
822 3747 865 3796 cst
884 3736 975 3809 uota,
1008 3734 1155 3817 inquiunt,
1186 3742 1266 3802 hodt'e

126 3846 256 3905 Christus
268 3848 395 3905 dominus
410 3847 439 3903 in
456 3846 568 3902 orbitate
579 3843 680 3902 Dauid.
720 3835 827 3921 Neque
842 3837 897 3900 hoc
911 3839 1016 3914 sotum,
1035 3837 1136 3902 iulelix
1150 3838 1262 3905 Ebiou!

124 3945 162 4008 de
175 3941 294 4009 Christo
308 3942 523 4029 comprobatur,
544 3964 645 4007 uerum
661 3940 748 4005 etiam
763 3960 840 4002 auno
855 3939 959 4001 aetatis
974 3939 1143 4005 duodecimo
1159 3946 1264 4009 sedeas

124 4046 201 4111 iuter
219 4048 388 4112 sacerdotes
406 4066 441 4109 ac
458 4046 591 4109 seniores
608 4055 742 4129 repertus
758 4052 820 4119 est,
845 4062 909 4104 cum
927 4061 978 4104 eos
995 4042 1206 4130 interrogaret,
1230 4070 1265 4111 ac

126 4150 262 4214 cumillis
277 4149 454 4234 inquireret,
484 4147 558 4211 adeo
575 4157 608 4210 ut
624 4151 795 4209 mirarentur
810 4150 839 4206 in
860 4145 1081 4226 recognitae,
1110 4155 1185 4231 qued
1194 4174 1264 4231 pro-
1276 4169 1398 4229 aueum.

125 4254 239 4314 cedebat
251 4257 285 4315 de
300 4275 348 4314 ore
362 4256 432 4314 eries.
479 4247 548 4314 Nou
565 4250 619 4314 hoc
634 4269 710 4312 auno
727 4248 839 4312 demum
855 4248 1003 4334 trigesimo
1018 4250 1153 4332 iaciebat,
1177 4264 1208 4317 ut
1222 4255 1264 4319 di-

125 4375 193 4418 cere
214 4356 324 4441 possis,
356 4376 394 4417 ex
412 4375 468 4438 quo
485 4353 603 4447 spiritus
620 4352 650 4415 iu
668 4372 733 4415 eum
750 4362 869 4414 sanctus
886 4352 1004 4438 illapsus
1024 4366 1084 4433 εει,
1115 4352 1263 4421 Christum

124 4478 191 4521 esse
212 4458 360 4544 coepisse,
392 4452 568 4521 sedaXll.
589 4446 703 4534 statim,
736 4454 776 4517 uti
797 4454 937 4536 diximus,
970 4468 1071 4541 estque
1094 4454 1212 4524 aLuca
1233 4460 1263 4525 iu

124 4559 278 4645 evaugelio
296 4560 451 4646 proditum.
498 4556 664 4643 Quinetiam
680 4557 765 4644 paulo
788 4567 855 4624 ante
874 4580 955 4639 oum,
984 4570 1015 4623 ιιι
1033 4561 1140 4641 refert,
1171 4582 1263 4649 paene

996 4668 1033 4728 19
1045 4661 1063 4703 *
